4255 6375
1423 417 1623 480 Dls‘r.
1659 417 1707 479 1.
1753 416 2115 493 QUAEs'rlo
2147 417 2222 479 V.
3366 413 3479 479 167

244 599 450 672 quae
547 582 731 652 sunt
823 579 918 651 ad
984 579 1250 659 finem,
1338 581 1715 651 sumatur
1773 596 1819 648 a

234 697 419 769 fine
449 722 465 777 ;
494 701 575 770 et
608 695 1042 768 secundum
1086 714 1364 767 omnes
1396 693 1818 786 loquentes

236 815 344 888 de
433 815 1016 894 sacramentis,
1078 813 1262 886 finis
1306 811 1816 886 Sacramenti

236 936 383 1006 est
493 931 788 1024 gratia,
879 931 1008 1002 vel
1095 930 1392 1023 aliquis
1473 925 1816 1002 effectus

238 1048 408 1121 Dei
500 1048 956 1132 invisibiliS.
1047 1049 1479 1142 disponens
1566 1046 1816 1120 homi-

235 1187 446 1240 nem
544 1168 638 1240 ad
721 1167 1115 1249 salutem;
1206 1170 1285 1239 et
1383 1166 1540 1241 iste
1632 1165 1815 1239 finis

240 1283 525 1378 possit
564 1283 1064 1358 sufficienter
1112 1283 1391 1357 haberi
1442 1304 1538 1356 eo
1582 1284 1814 1355 modo

239 1423 415 1494 quo
506 1401 852 1474 habetur
942 1422 1082 1490 per
1165 1402 1808 1479 Sacramentum,

233 1520 561 1611 absque
644 1519 796 1591 hoc
882 1519 1087 1611 quod
1164 1519 1484 1592 dicatur
1541 1524 1811 1590 Sacra·

241 1638 622 1709 mentum
666 1634 964 1708 habere
1004 1634 1361 1727 aliquam
1405 1635 1808 1709 actionem

236 1752 595 1845 proprie
636 1751 962 1834 dictam,
1010 1751 1179 1824 sive
1224 1755 1597 1845 respectu
1634 1770 1811 1842 gra-

228 1870 414 1949 tiae,
494 1890 734 1962 quam
810 1889 971 1941 non
1045 1873 1310 1962 potest
1369 1867 1804 1959 attingere,

232 2008 435 2062 curn
475 1987 614 2060 illa
667 1990 1022 2067 creetur,
1067 1985 1234 2058 sive
1290 1990 1660 2078 respectu
1695 1986 1809 2058 di-

229 2101 730 2196 spositionis
765 2100 1420 2194 supernaturalis
1456 2101 1803 2193 praeviae,

238 2220 444 2313 quia
515 2218 657 2292 illa
696 2219 947 2293 etiam
1009 2222 1492 2291 crearetur:
1540 2217 1807 2310 sequi·

234 2339 387 2409 tur
435 2335 644 2427 quod
730 2355 890 2406 non
971 2336 1077 2407 sit
1158 2334 1518 2428 ponenda
1612 2335 1804 2409 talis

234 2453 496 2534 acti0,
544 2472 729 2525 cum
763 2470 907 2522 nec
944 2449 1104 2525 ista
1152 2451 1389 2544 plura
1443 2450 1604 2524 sint
1672 2471 1805 2522 ne-

236 2568 646 2648 cessaria,
682 2588 827 2640 nec
891 2566 1320 2641 manifeste
1384 2568 1800 2660 ponibilia.

329 2685 713 2769 Qualiter
753 2689 1027 2758 autem
1068 2684 1150 2774 (i)
1201 2706 1382 2757 cum
1441 2685 1590 2758 hoc
1652 2684 1802 2757 sal-

238 2807 517 2884 vetur,
564 2802 767 2893 quod
803 2803 1335 2875 Sacramenta
1377 2807 1562 2876 sunt
1621 2823 1799 2874 cau-

238 2940 331 2992 sa
386 2919 715 3010 gratiae,
776 2938 938 2991 non
1000 2921 1322 2991 tantum
1388 2939 1532 3012 per
1601 2919 1799 2993 acci·

236 3039 464 3120 dens,
501 3040 583 3110 et
627 3038 832 3129 quod
876 3057 1022 3130 per
1081 3040 1616 3113 Sacramenta
1668 3038 1799 3110 ha-

236 3156 484 3231 betur
525 3155 821 3249 gratia,
889 3156 1101 3231 sicut
1149 3156 1423 3232 Sancti
1465 3156 1796 3251 loquun-

239 3271 401 3341 tur.

324 3384 533 3458 Dico
611 3384 975 3458 breviter
1038 3385 1168 3476 (k),
1237 3387 1442 3479 quod
1530 3388 1792 3458 omnis

239 3501 676 3595 dispositio
717 3503 1222 3575 necessitans
1283 3504 1375 3575 ad
1410 3504 1790 3586 sormam,

241 3641 416 3713 quae
449 3640 614 3692 non
644 3624 767 3693 est
811 3621 1025 3696 ratio
1075 3621 1488 3715 receptivi,
1525 3625 1793 3716 potest

237 3735 390 3808 dici
486 3736 1072 3828 quodammodo
1159 3758 1406 3813 causa
1493 3738 1786 3818 activa,

242 3850 411 3923 sive
443 3870 693 3925 causa
727 3853 1378 3927 instrumentalis
1416 3858 1786 3947 respectu

243 3968 577 4047 formae;
642 3968 906 4060 ipsum
966 3975 1239 4043 autem
1311 3974 1788 4045 Sacramen-

243 4089 440 4169 tum,
510 4086 679 4158 sive
747 4088 1157 4180 susceptio
1246 4091 1783 4175 Sacramenti,

238 4207 356 4275 est
407 4204 602 4277 talis
668 4202 1093 4297 dispositio
1142 4210 1223 4279 et
1293 4206 1781 4292 immediata,

241 4341 395 4392 non
449 4340 797 4394 causans
856 4321 1104 4393 aliam
1167 4324 1507 4395 mediam
1573 4324 1786 4399 inter

241 4459 320 4509 se
404 4440 486 4510 et
539 4437 1184 4530 gratiam3ergo
1255 4440 1432 4533 ipsa
1517 4446 1787 4534 potest

241 4553 388 4627 dici
434 4554 1021 4645 quodammodo
1060 4575 1310 4628 causa
1359 4558 1626 4630 activa
1657 4558 1781 4629 vel

245 4669 893 4745 instrumentalis
939 4677 1310 4765 respectu
1356 4675 1671 4764 gratiae.

331 4786 604 4880 Major
639 4789 1035 4880 probatur
1096 4812 1240 4882 per
1286 4794 1655 4886 exempla
1704 4797 1780 4866 et

254 4920 388 4990 per
423 4904 853 4978 rationem.
892 4906 1256 4979 Primum
1320 4910 1780 5002 exemplum

249 5019 480 5091 istius
520 5024 670 5101 est,
735 5022 920 5114 quia
998 5023 1368 5100 absolute
1428 5028 1780 5100 concedi·

250 5139 400 5217 tur,
458 5137 660 5229 quod
749 5140 1047 5214 merita
1116 5144 1299 5213 sunt
1352 5162 1600 5215 causa
1673 5145 1781 5216 in-

248 5255 803 5327 strumentalis
844 5262 1215 5350 respectu
1290 5260 1630 5351 praemii.
1700 5266 1781 5337 et

247 5372 443 5458 quod
508 5391 652 5463 per
713 5374 1009 5446 merita
1077 5378 1539 5469 acquiritur
1582 5400 1777 5471 prae-

250 5482 545 5566 1nium;
635 5490 715 5560 et
793 5491 1067 5560 tamen
1160 5493 1542 5566 meritum
1620 5514 1777 5564 non

247 5606 523 5676 causat
568 5601 828 5676 active
881 5605 1307 5696 praemium
1370 5608 1449 5681 in
1494 5629 1602 5691 se,
1642 5630 1782 5682 nec

1932 576 2292 670 aliquam
2388 576 3006 670 dispositionem
3111 577 3480 661 mediam,

1934 697 2066 769 scd
2118 696 2621 770 solummodo
2696 698 3136 791 ipsummet
3194 699 3315 769 est
3378 696 3485 768 di-

1934 813 2276 907 spositio
2332 813 2634 906 praevia
2669 815 2762 886 ad
2807 812 3258 906 praemium,
3322 832 3485 884 non

1933 935 2207 1004 tamen
2268 931 2474 1004 sicut
2537 931 2746 1005 ratio
2783 928 3201 1024 receptivi.
3249 929 3485 1003 Aliud

1930 1047 2416 1136 exemplum,
2519 1051 2787 1120 motus
2876 1047 3149 1138 aliquo
3248 1046 3480 1118 modo

1932 1164 2266 1256 ponitur
2306 1184 2551 1236 causa
2587 1167 2959 1257 respectu
2983 1162 3342 1244 termini,
3400 1165 3479 1234 et

1928 1301 2120 1353 vere
2162 1285 2242 1354 et
2312 1281 2646 1374 proprie
2698 1280 3196 1364 conceditur,
3275 1281 3476 1374 quod

1930 1420 2074 1492 per
2125 1403 2437 1472 motum
2495 1399 2974 1492 acquiratur
3051 1398 3473 1480 terminus,

1926 1521 2005 1590 et
2082 1520 2358 1589 tamen
2440 1521 2710 1590 motus
2771 1535 2932 1587 non
2984 1514 3222 1586 habet
3278 1515 3474 1587 acti-

1927 1652 2164 1705 onem
2227 1632 2581 1724 aliquam
2625 1632 2719 1704 ad
2779 1631 3272 1703 causandum
3316 1636 3477 1705 ter-

1928 1751 2260 1832 minum,
2288 1770 2544 1843 neque
2576 1749 2826 1822 ctiam
2854 1747 3473 1840 dispositionem

1925 1864 2513 1947 intermediam,
2561 1867 2691 1938 sed
2762 1866 3101 1958 ipsemet
3178 1867 3302 1939 est
3358 1863 3473 1935 di-

1924 1984 2270 2078 spositio
2340 1984 2716 2078 proxima
2812 1985 2906 2056 ad
2995 1981 3463 2062 terminum,

1920 2123 2079 2173 non
2129 2107 2395 2174 tamen
2436 2100 2650 2172 ratio
2689 2098 3103 2192 receptivi.

2013 2223 2242 2303 Item,
2272 2217 2540 2308 major
2578 2216 2850 2288 eadem
2899 2215 3294 2308 probatur
3337 2236 3466 2288 ra-

1921 2336 2218 2411 tione:
2284 2335 2503 2417 Quod
2588 2338 2713 2407 est
2797 2353 3043 2405 causa
3133 2332 3463 2425 prioriS.

1916 2473 2079 2524 non
2143 2456 2481 2543 propter
2521 2449 2671 2523 hoc
2734 2453 2859 2525 est
2907 2469 3157 2522 causa
3209 2451 3468 2541 poste-

1919 2569 2196 2651 rioris,
2232 2567 2388 2639 nisi
2426 2566 2615 2641 illud
2680 2567 3028 2639 medium
3072 2567 3179 2640 sit
3220 2586 3470 2639 causa

1917 2687 2174 2768 tertii,
2209 2688 2286 2757 et
2321 2684 2472 2757 hoc
2507 2683 2777 2777 aliquo
2812 2683 3044 2755 modo
3082 2682 3160 2754 in
3191 2682 3468 2754 eodem

1919 2803 2199 2875 ordine
2260 2822 2549 2874 causae.
2614 2803 2879 2892 Agens
2951 2818 3295 2872 causans
3364 2799 3468 2871 di-

1916 2921 2452 3014 spositionem
2554 2921 3015 3014 proximam
3124 2919 3222 2991 ad
3308 2919 3467 2991 for-

1915 3060 2131 3111 mam
2210 3039 2674 3129 (secundum
2742 3042 2911 3130 eos)
2991 3037 3465 3110 conceditur

1910 3180 2086 3232 esse
2129 3158 2401 3253 aliquo
2464 3158 2697 3231 modo
2769 3175 3015 3229 causa
3084 3158 3457 3249 respectu

1908 3280 2240 3361 formae;
2299 3280 2622 3371 oportet
2682 3296 2881 3367 ergo
2927 3276 3129 3368 quod
3197 3275 3458 3368 dispo·

1911 3396 2100 3470 sitio
2165 3395 2543 3488 proxima
2638 3393 2732 3465 ad
2797 3392 3149 3464 sormam
3228 3392 3455 3464 redu-

1908 3519 2150 3587 catur
2207 3513 2301 3585 ad
2364 3531 2616 3603 genus
2685 3530 2950 3583 causae
3026 3506 3450 3601 efficientis

3518 3585 3773 3645 Quomodo

1911 3634 2282 3723 respectu
2353 3626 2665 3700 formae.
2717 3629 2862 3700 Est
2911 3645 3109 3717 ergo
3167 3627 3448 3699 modus
3505 3649 3800 3699 Sacramen-

3584 3715 3693 3760 tum

1906 3747 2086 3830 iste,
2170 3746 2373 3840 quod
2462 3744 2868 3838 susceptio
2938 3744 3448 3819 Sacramenti
3551 3784 3727 3846 cau-su

1903 3868 2027 3939 est
2072 3864 2504 3957 dispositio
2555 3863 3057 3936 necessitans
3117 3861 3210 3933 ad
3263 3860 3449 3933 effe·
3518 3840 3751 3901 granam·

1904 3991 2122 4057 ctum
2159 3984 2568 4073 signatum
2607 4001 2749 4073 per
2801 3982 3445 4062 Sacramentum,

1901 4121 2066 4173 non
2107 4098 2421 4191 quidem
2486 4118 2629 4190 por
2677 4095 3033 4187 aliquam
3095 4094 3448 4168 formam

1902 4216 2459 4297 intrinsecam,
2499 4233 2643 4306 per
2685 4232 2927 4304 quam
2981 4213 3448 4285 necessario

1900 4338 2281 4408 causaret
2360 4331 2826 4409 terminum,
2872 4328 2999 4401 vel
3087 4328 3445 4421 aliquam

1897 4446 2514 4539 dispositionem
2586 4444 3002 4538 praeviam,
3077 4445 3210 4516 sed
3283 4448 3447 4517 tan·

1898 4567 2073 4636 tum
2118 4581 2261 4654 per
2308 4558 2865 4634 assistentiam
2917 4560 3063 4631 Dei
3103 4579 3445 4631 causan-

1898 4678 2004 4751 tis
2049 4677 2276 4749 illum
2318 4674 2727 4755 effectum,
2775 4695 2934 4747 non
2977 4673 3441 4747 necessario

1898 4793 2290 4875 absolute,
2400 4792 2531 4865 sed
2607 4791 3096 4864 necessitate
3189 4790 3443 4882 respi-

1896 4910 2158 4984 ciente
2249 4908 2696 5002 potentiam
2777 4907 3272 4988 ordinatam;
3335 4906 3441 4979 di-

1898 5027 2215 5119 sposuit
2271 5026 2486 5098 enim
2542 5024 3144 5105 universaliter,
3217 5026 3299 5096 et
3349 5023 3440 5094 de

1894 5142 2044 5216 hoc
2115 5142 2565 5215 Ecclesiam
2643 5140 3153 5223 certificavit,
3232 5140 3440 5232 quod

1895 5259 2371 5353 suscipienti
2399 5259 2563 5333 tale
2595 5261 3241 5338 Sacramentum,
3269 5257 3440 5349 ipse

1893 5377 2309 5454 conferret
2348 5378 2733 5452 effectum
2803 5376 3238 5466 signatum.
3274 5376 3438 5447 Nec

1897 5496 2164 5571 obstat
2229 5498 2433 5589 quod
2470 5495 2878 5588 susceptio
2930 5493 3436 5568 Sacramenti

1892 5615 2019 5687 est
2094 5612 2396 5705 aliquid
2490 5613 2712 5690 circa
2787 5631 3086 5709 corpus
3182 5609 3437 5707 ipsius
