4255 6375
423 1013 596 1085 Prima

438 1082 584 1127 ratio,

344 1611 661 1661 Declaratur.

397 2316 451 2364 In
482 2313 624 2378 puris

240 2423 245 2424 γ
350 2377 665 2428 naturalibus

349 2447 406 2490 ut
431 2441 670 2491 sumitur.

476 3815 560 3863 24.

434 3876 616 3926 Modus

403 3935 644 4003 loquendi

386 3999 650 4051 familiaris

400 4062 606 4114 Doctori
616 4102 629 4114 .

695 403 826 463 2122

689 561 880 629 modo
929 559 1260 648 explicent
1318 558 1640 648 justitiam
1682 555 2102 642 originalem.
2145 556 2241 620 Ex

685 680 789 745 his
819 679 1078 744 duobus
1134 675 1494 763 suppositis
1552 672 1916 740 manifestae
1958 683 2111 737 sunt
2143 690 2242 736 ra-

685 795 898 860 tiones
925 793 1241 869 DoctoriS,
1270 804 1337 857 et
1385 790 1672 858 maxime
1709 799 1934 855 contra
1975 786 2244 852 Richar-

687 909 872 990 dum,
928 930 1121 996 quem
1156 908 1525 994 impugnat.

778 1025 989 1091 Prima
1052 1025 1214 1090 ratio
1255 1022 1646 1099 declaratur,
1684 1041 1835 1108 quae
1904 1020 2053 1085 talis
2093 1029 2234 1084 est:

695 1143 1130 1227 Qttoecumque
1154 1141 1286 1206 sibi
1323 1141 1607 1204 invicem
1648 1148 2024 1224 repttqnanl
2064 1137 2246 1200 circa

689 1249 888 1328 idem,
954 1259 1176 1312 mutuo
1223 1269 1291 1312 se
1349 1247 1713 1311 excludunt
1784 1245 1963 1309 circa
2020 1242 2199 1307 illud
2218 1266 2245 1324 ,-

691 1386 868 1451 erqo,
926 1374 1050 1429 etc.
1096 1363 1230 1428 Sed
1297 1363 1509 1448 ciclpoe
1545 1360 1877 1446 origyinali
1918 1364 2249 1442 repuqnat

690 1478 1023 1544 rectitudo
1055 1479 1128 1543 in
1162 1479 1358 1564 puris
1394 1476 1819 1542 naturalibus
1857 1475 2054 1539 etiam
2099 1472 2248 1536 sine

691 1597 937 1683 qratia,
992 1607 1117 1661 etc.
1172 1594 1483 1680 intelligit
1535 1595 1681 1658 sine
1735 1591 1959 1676 qratia
2009 1587 2248 1654 sancti-

695 1711 956 1790 ficante,
1012 1710 1093 1776 de
1141 1730 1267 1797 qua
1319 1721 1420 1775 est
1460 1706 1766 1795 qumstiO,
1832 1725 1961 1770 non
2029 1715 2247 1769 autem

696 1827 777 1891 tle
830 1826 1002 1891 dono
1058 1824 1350 1910 gratuito
1400 1820 1914 1909 supernaturali,
1982 1819 2051 1883 in
2120 1837 2249 1904 quo

693 1942 1037 2007 constituit
1116 1940 1441 2026 justitiam
1538 1936 1956 2024 originalem,
2040 1935 2113 1998 in
2180 1935 2244 1997 2.

695 2058 850 2125 dist.
935 2060 1045 2124 29.
1109 2068 1335 2143 qttoest.
1416 2057 1659 2134 unica,·
1714 2074 1828 2138 per
1882 2050 2251 2138 oppositum

694 2176 894 2261 hujus
975 2174 1366 2260 intelligitur
1427 2176 1497 2238 in
1563 2173 1758 2258 puris
1797 2168 2245 2277 naturalibus,

693 2292 1306 2379 comprehendendo
1340 2293 1533 2357 etiam
1570 2290 1727 2356 illud
1761 2290 2034 2366 donum,
2090 2306 2257 2374 qua,

698 2422 891 2474 tenus
950 2407 1257 2474 rectificat
1298 2419 1594 2473 naturam
1658 2405 1735 2472 ad
1816 2404 2010 2471 finem
2056 2423 2252 2469 suum

700 2526 1057 2592 naturalem
1101 2538 1379 2604 tantum,
1416 2525 1479 2591 id
1526 2538 1649 2603 est,
1688 2536 1986 2612 respectu
2027 2522 2256 2608 cujus-

699 2663 979 2728 cumque
1040 2642 1275 2729 objecti
1326 2653 1390 2707 et
1437 2642 1834 2727 operationis
1880 2639 2256 2727 perfectivae

704 2765 984 2835 naturae,
1016 2756 1375 2822 secundum
1412 2756 1727 2821 rationem
1752 2766 2017 2833 rectam,
2049 2772 2254 2840 quan·

702 2885 839 2938 tum
884 2873 962 2938 ad
1027 2873 1454 2953 voluntatem,
1521 2873 1584 2938 in
1645 2893 1773 2961 qua
1808 2872 2035 2938 statuit
2060 2870 2255 2957 justi-

701 2988 855 3053 tiam
887 2987 1277 3074 originalem
1314 2988 1649 3073 primarie,
1689 2986 1996 3073 quamvis
2037 3004 2254 3051 acces·

701 3098 874 3164 sorie
938 3099 1236 3166 admittat
1275 3099 1467 3165 etiam
1525 3100 1769 3166 donum
1840 3098 2127 3164 infusum
2189 3097 2253 3160 in

702 3214 992 3300 appetitu
1037 3214 1379 3293 sensitiVO,
1443 3236 1571 3303 qno
1604 3215 1920 3282 subdatur
1971 3214 2255 3301 perfecte

701 3330 1049 3412 voluntati,
1098 3345 1160 3397 et
1192 3331 1540 3417 distinguit
1585 3330 1980 3397 voluntatem
2023 3331 2097 3395 in
2135 3351 2253 3415 pu-

700 3447 799 3514 ris
847 3448 1291 3525 ηαιιιναίἰὸιιε,
1339 3468 1375 3514 a
1414 3447 1654 3534 seipsa,
1703 3443 2099 3535 utffelevatur
2140 3467 2255 3533 per

703 3563 979 3649 gratiam
1012 3563 1521 3630 sanctificantem
1555 3561 1632 3629 ad
1684 3561 1880 3628 finem
1934 3562 2252 3649 simplici-

707 3690 808 3744 ter
856 3679 1451 3766 supernaturalem.

794 3797 890 3859 Ex
922 3815 1050 3881 quo
1079 3795 1287 3861 obiter
1317 3792 1704 3859 admonendi
1739 3806 1918 3872 sunt,
1954 3794 2063 3880 qui
2098 3793 2245 3859 aliis

709 3910 773 3975 in
831 3909 989 3976 locis
1044 3911 1433 3977 calumniam
1500 3911 1786 3976 inserunt
1861 3912 2117 3976 Doctori
2171 3931 2254 3977 ex

708 4027 831 4092 hoc
891 4024 1079 4091 modo
1152 4025 1483 4113 loquendi,
1550 4039 1621 4093 ut
1695 4027 1862 4093 infra
1902 4028 2065 4093 dist.
2144 4032 2247 4094 14.

705 4154 929 4230 quoesc.
968 4147 1030 4207 Ξ.
1080 4145 1112 4227 g
1162 4144 1254 4208 De
1299 4144 1585 4209 secundo
1640 4145 2015 4231 principali
2052 4146 2143 4211 ad
2183 4149 2247 4212 3.

705 4259 815 4325 ubi
856 4259 1213 4345 dicitquod
1252 4259 1552 4325 voluntas
1600 4260 1942 4325 existentis
1988 4259 2053 4325 in
2106 4281 2253 4345 pec-

702 4388 845 4440 cato
886 4388 1100 4461 potest
1142 4395 1291 4441 cum
1340 4375 1672 4441 communi
1715 4374 2055 4441 influentia
2117 4397 2252 4441 rno-

704 4490 843 4555 veri
903 4490 981 4555 ad
1061 4490 1541 4576 poenitentiam,
1606 4491 1713 4555 ubi
1787 4511 1913 4557 non
1963 4490 2252 4558 excludit

702 4604 1050 4691 adjutoria,
1117 4626 1265 4693 quae
1334 4627 1447 4692 pet·
1487 4626 1903 4673 communem
1973 4606 2251 4674 influen-

705 4719 858 4784 tiam
910 4720 1432 4805 comprehendit,
1468 4722 1638 4788 sicut
1670 4722 1759 4787 ibi
1807 4722 1998 4788 latius
2039 4722 2251 4809 expli-

704 4835 982 4920 cabitur,
1020 4836 1134 4904 sed
1169 4836 1477 4924 intelligit
1506 4838 1904 4904 voluntatem
1951 4838 2018 4902 in
2060 4848 2251 4903 natu-

709 4950 954 5017 ralibus
995 4964 1066 5017 ut
1097 4951 1383 5017 excludit
1410 4952 1792 5019 charitatem
1826 4952 2246 5033 habitualem,

709 5077 775 5133 et
829 5067 1106 5152 gratiam
1168 5065 1708 5146 sanctificantem,
1755 5088 1830 5132 eo
1871 5069 2064 5134 modo
2122 5090 2252 5156 quo

713 5182 820 5247 hic
855 5182 1145 5269 loquitur
1183 5182 1264 5249 de
1293 5183 1628 5249 voluntate
1669 5183 1733 5248 in
1775 5183 1957 5270 puris
1991 5195 2248 5251 natura·

710 5297 907 5377 libna,
943 5298 1246 5385 quamvis
1275 5299 1782 5385 comprehendat
1825 5300 2067 5365 donum
2113 5302 2252 5386 jus·

709 5413 870 5507 titiae
945 5413 1307 5499 originalis,
1397 5416 1567 5502 quod
1640 5416 1780 5501 ipse
1858 5415 2046 5482 docet
2103 5437 2253 5483 esse

710 5527 999 5597 infusum
1040 5549 1076 5594 a
1108 5533 1259 5614 Dec,
1293 5543 1358 5597 et
1388 5531 1672 5598 excludit
1701 5532 1979 5621 gratiam
2012 5533 2252 5601 sancti-

1867 394 2012 457 LIB.
2044 391 2146 454 IV.
2177 383 2788 453 SENTENTIARUM

2354 550 2655 618 fucantem
2688 548 3050 629 dumtaxat,
3089 568 3237 635 quae
3267 543 3524 613 ordinat
3571 540 3651 609 ad
3697 541 3870 608 finem

2354 668 2739 754 simpliciter
2771 664 3365 753 supernaturalem.

2444 783 2758 848 Minorem
2796 783 3025 868 probat
3054 785 3310 858 Doctor,
3340 789 3479 843 tum
3521 775 3878 842 auctoritate
3952 803 4096 915 2113ss

3848 912 3881 955 c
3931 882 4003 932 pro
4048 879 4106 916 un.

2355 898 2674 986 Magistri,
2727 898 2837 986 qui
2881 897 3099 984 posuit
3154 894 3489 960 hominem
3551 914 3588 959 a
3649 896 3766 958 Deo
3792 890 3843 957 si

2354 1025 2670 1092 creatum,
2714 1035 2908 1100 quem
2950 1013 3249 1100 sequitur
3287 1010 3484 1076 etiam
3539 1006 3880 1074 Ricltardus

2356 1130 2575 1217 (quem
2612 1131 2954 1217 impugnat
2987 1128 3246 1215 Doctor)
3302 1137 3372 1192 ut
3412 1125 3626 1192 visum
3678 1135 3770 1190 est
3815 1122 3881 1187 in

2358 1245 2622 1330 notabili
2665 1245 3026 1333 suppositO,
3073 1255 3135 1309 et
3189 1254 3362 1330 patet
3396 1262 3478 1306 ex
3508 1249 3885 1327 argumento

2359 1362 2681 1448 sequenti,
2749 1361 2917 1448 quod
2963 1373 3063 1426 est
3120 1359 3200 1426 ad
3240 1358 3599 1437 hominem,
3653 1366 3722 1422 ut
3760 1355 3891 1441 ipse

2361 1478 2601 1543 indicat
2626 1478 2688 1543 in
2725 1477 2875 1544 fine.
2914 1475 3288 1562 Respondet
3313 1470 3701 1551 RicltarduS,
3730 1469 3889 1558 quod

2360 1593 2678 1659 rectitudo
2735 1592 3032 1658 absolute
3093 1592 3157 1656 in
3212 1600 3440 1655 natura
3501 1601 3716 1675 posset
3754 1607 3892 1653 esse
3918 1560 4120 1626 ΒΨ

2362 1710 2503 1775 sine
2533 1710 2766 1796 gratia,
2805 1708 3031 1794 nequit
3061 1720 3278 1774 tamen
3305 1706 3562 1773 restitui
3596 1706 3736 1773 sine
3756 1725 3896 1792 gra-

2363 1828 2474 1893 tia.
2521 1829 2754 1891 Contra
2796 1826 3013 1911 arguit
3053 1829 3310 1901 Doctor,
3384 1823 3536 1910 quia
3590 1821 3897 1888 rectitudo
3950 1835 4120 1944 ιιιῳὲξω

2364 1943 2698 2020 naturaliS,
2770 1963 2884 2008 seu
2938 1941 3194 2029 justitia
3274 1938 3643 2025 originaliS,
3706 1956 3891 2024 quam
3961 1935 4121 2028 remig:

2367 2081 2479 2146 per
2520 2058 2973 2124 rectitudinem
3010 2056 3341 2143 intelligit,
3386 2076 3515 2120 non
3546 2054 3743 2120 habet
3777 2074 3903 2117 esse
3929 2035 4121 2132 ”⁰2³¹ss

2366 2176 2634 2242 alterius
2669 2175 2938 2240 rationis
2981 2173 3044 2239 in
3087 2173 3408 2260 subjecto,
3453 2171 3596 2237 sive
3638 2189 3904 2257 praeces·

2366 2291 2524 2358 serit
2597 2292 2741 2379 ejus
2814 2290 3184 2377 oppositum
3257 2289 3322 2354 in
3388 2288 3708 2373 subjecto,
3772 2285 3908 2350 sive

2369 2430 2520 2488 non,
2567 2421 2636 2475 ut
2686 2419 2855 2496 patet
2906 2407 2984 2474 de
3021 2408 3236 2474 calore
3299 2419 3361 2472 et
3429 2406 3698 2494 frigore,
3767 2422 3910 2493 quae

2369 2525 2597 2590 formae
2631 2544 2757 2588 non
2801 2522 3138 2589 variantur
3182 2522 3246 2586 in
3288 2542 3408 2589 suo
3441 2543 3574 2587 esse
3607 2520 3908 2598 naturali,

2368 2640 2510 2706 sive
2541 2640 2663 2706 sibi
2697 2639 3048 2706 succedant
3088 2639 3152 2705 in
3188 2636 3413 2705 eodem
3456 2639 3777 2726 subjectO,
3825 2637 3914 2703 si-

2370 2777 2449 2822 ve
2481 2776 2605 2821 non
2645 2778 2659 2833 ;
2693 2776 2851 2842 ergo
2885 2776 3094 2842 neque
3124 2754 3678 2842 separabilitatem
3712 2765 3775 2820 et
3814 2753 3915 2818 in-

2365 2871 2913 2957 separabilitatem
2988 2892 3023 2937 a
3104 2869 3315 2957 gratia
3404 2870 3598 2936 babet
3659 2868 3913 2956 justitia

2364 2987 2729 3072 originalis,
2804 3008 2879 3052 ex
2938 3007 3012 3052 eo
3078 2985 3249 3073 quod
3293 2984 3706 3071 praecesserit
3772 2984 3914 3071 ejus

2365 3104 2761 3193 oppositum,
2817 3101 2917 3169 vel
2971 3123 3100 3168 non
3141 3101 3574 3190 praecesserit.

2456 3224 2633 3288 Patet
2693 3220 3189 3307 consequentia,
3259 3219 3414 3307 quia
3504 3221 3649 3286 haec
3735 3238 3910 3284 com-

2364 3566 2520 3633 dicit
2559 3568 3034 3633 connexionem
3076 3566 3152 3632 ad
3211 3566 3410 3644 aliud,
3459 3578 3773 3652 tanquam
3839 3563 3915 3630 ad

2363 3683 2544 3768 prius
2577 3683 2678 3749 vel
2723 3683 3073 3769 posterius,
3119 3682 3174 3748 si
3207 3681 3527 3749 connexio
3559 3681 3646 3747 sit
3678 3681 3915 3747 intrin-

2364 3820 2533 3879 seca,
2572 3812 2637 3866 et
2680 3800 2932 3866 ratione
2989 3800 3089 3866 sui
3132 3820 3283 3880 esse,
3327 3799 3430 3864 vel
3465 3819 3546 3864 ex
3587 3797 3916 3864 concomi-

2361 3915 2561 3981 tantia
2600 3934 2943 3980 causarum
2978 3913 3322 4000 utriusque
3373 3914 3437 3979 in
3468 3926 3616 3979 actu
3692 3926 3760 3980 et
3821 3912 3915 3979 si-

2362 4031 2522 4110 mul,
2607 4032 2662 4097 si
2749 4032 3073 4098 connexio
3170 4044 3270 4098 est
3361 4031 3767 4112 extrinseca,
3849 4042 3920 4096 ut

2363 4148 2685 4234 contingit
2750 4147 2815 4213 in
2886 4148 3201 4227 relativis»,
3275 4169 3425 4237 quae
3482 4159 3638 4214 sunt
3719 4148 3917 4217 simul

2366 4277 2593 4330 natura
2633 4275 2696 4330 et
2744 4264 3149 4351 cognitione.

2452 4383 2568 4448 Hic
2620 4401 2748 4447 non
2789 4391 2889 4447 est
2926 4402 3291 4448 concursus
3351 4383 3497 4448 talis
3537 4402 3915 4459 causarum,

2365 4496 2513 4581 quia
2548 4499 2741 4574 DeuS,
2787 4497 2896 4582 qui
2942 4509 3037 4563 est
3059 4517 3255 4563 causa
3288 4510 3417 4564 tam
3451 4498 3685 4583 gratiae
3721 4520 3918 4585 quam

2357 4610 2634 4697 justitiae
2674 4610 3040 4697 originaliS‚
3102 4591 3239 4698 agit
3279 4612 3507 4678 libere.
3561 4614 3921 4699 Supposito

2364 4747 2521 4812 ergo
2546 4726 2767 4813 priori,
2807 4745 3039 4813 nempe
3063 4726 3232 4792 inter
3258 4738 3603 4814 utramque
3635 4727 3920 4795 sormam

2364 4861 2493 4906 non
2524 4861 2667 4907 esse
2698 4860 2778 4905 ex
2821 4853 3053 4907 natura
3084 4842 3401 4928 ipsarum,
3437 4861 3552 4909 seu
3589 4862 3712 4927 per
3746 4863 3918 4928 prae·

2362 4956 2644 5023 dicatum
2671 4957 3098 5023 intrinsecum
3124 4958 3407 5044 aliquam
3434 4958 3921 5024 connexionem

2364 5072 2888 5159 inseparabilem,
2945 5093 3155 5159 neque
3184 5073 3377 5139 etiam
3422 5072 3529 5139 illa
3577 5072 3705 5138 erit
3756 5095 3918 5161 sup-

2364 5186 2574 5270 posito
2642 5205 3058 5273 quocumque
3124 5187 3519 5266 extrinsece,
3565 5186 3749 5275 quod
3790 5209 3920 5255 non

2363 5301 2449 5366 sit
2476 5322 2671 5368 causa
2705 5302 3020 5386 ipsarum.
3067 5302 3451 5387 Oppositum
3511 5316 3735 5370 autem
3777 5305 3921 5392 jus·

2361 5417 2523 5482 titiae
2571 5417 2910 5504 originalis
2980 5418 3399 5504 praesupponi
3461 5418 3525 5483 in
3585 5419 3911 5507 subJectO,

2362 5552 2490 5599 non
2520 5532 2783 5601 denotat
2811 5553 3098 5614 causam,
3134 5547 3247 5599 aut
3276 5534 3727 5603 causalitatem
3772 5537 3914 5629 ejus

4003 3273 4120 3322 tobati

2367 3350 2592 3424 petunt
2661 3338 2889 3403 formae
2938 3358 3053 3423 per
3099 3357 3292 3403 suum
3333 3358 3485 3415 esse,
3534 3348 3598 3402 et
3663 3335 3913 3402 ratione
3954 3276 4121 3446 gusti-{a

2364 3452 2642 3539 alicujus
2709 3452 3040 3540 praedicati
3112 3451 3476 3530 intrinseci,
3558 3472 3674 3536 per
3742 3450 3915 3536 quod
3969 3458 4121 3526 aprina
