4255 6375
1587 498 1786 562 DlST.
1835 500 1881 562 1.
1930 498 2297 577 QUAEsTlo
2346 502 2391 564 1.

343 652 517 724 tem
577 654 952 730 absoluta
1045 660 1284 732 unius
1354 660 1690 733 illorum
1770 681 1902 754 po·

342 768 816 845 testhaberi
848 794 988 865 per
1044 776 1441 849 rationem
1476 778 1904 869 propriam

345 886 590 958 unius
652 889 909 962 solius
951 895 1527 985 tantumzergo
1594 895 1904 967 intelle-

342 999 513 1073 ctio
621 1008 1188 1099 comparativa
1301 1011 1653 1103 requirit
1770 1032 1904 1082 ne-

341 1122 714 1195 cessario
814 1126 1393 1217 perfectionem
1505 1130 1900 1217 majorem

344 1239 427 1309 in
509 1237 839 1312 formali
916 1243 1312 1337 principio
1378 1244 1898 1336 intelligendi,

341 1374 587 1446 quam
689 1356 1132 1432 intellectio
1220 1361 1394 1452 ejus
1482 1362 1897 1444 absonam

336 1466 687 1544 effectus
724 1479 994 1547 autem
1065 1495 1223 1548 non
1269 1478 1667 1569 maiorem
1733 1499 1902 1571 per-

341 1587 782 1662 fectionem
924 1593 1269 1684 requirit
1410 1594 1485 1666 in
1620 1614 1896 1677 causa,

340 1703 504 1776 nisi
569 1705 650 1775 in
732 1704 1027 1780 effectu
1102 1708 1208 1782 sit
1298 1710 1568 1802 major
1651 1710 1902 1804 perse·

340 1820 536 1901 ctio,
606 1822 893 1895 saltem
946 1823 1024 1894 in
1066 1823 1494 1899 effectibus
1544 1826 1900 1918 ejusdem

344 1937 730 2020 rationis;
774 1960 998 2032 ergo,
1034 1947 1187 2015 etc.

431 2055 712 2128 Tertio
813 2057 1212 2149 probatur
1295 2062 1395 2148 (r)
1469 2059 1904 2152 dupliciter

281 2180 443 2252 lex
507 2176 743 2263 parte
789 2171 1105 2262 objecti,
1162 2174 1331 2247 sive
1373 2176 1721 2248 rationis
1781 2176 1898 2248 in-

282 2306 299 2319 ·
342 2288 790 2379 telligendi.
868 2290 1142 2363 Primo
1197 2292 1312 2365 sic
1367 2319 1380 2362 :
1449 2313 1604 2364 una
1671 2293 1899 2368 intel-

340 2404 591 2478 lectio
641 2405 984 2498 requirit
1021 2428 1265 2479 unam
1306 2408 1707 2481 rationem
1785 2409 1898 2481 in-

346 2519 761 2612 telligendi
797 2522 1278 2613 objectivam
1318 2525 1771 2607 formalem,
1819 2529 1899 2598 et

345 2657 595 2709 unum
663 2638 1064 2732 objectum
1138 2640 1517 2731 primum,
1573 2642 1759 2731 quia
1828 2642 1895 2714 si

350 2757 589 2848 plura
631 2757 795 2831 sint
841 2759 1155 2852 objecta
1192 2760 1481 2853 prima,
1527 2781 1893 2833 numera-

344 2875 653 2948 buntur
771 2877 1362 2951 intellectiones
1467 2880 1894 2952 secundum

341 3013 776 3066 numerum
823 2994 1152 3066 illorum
1201 2995 1731 3088 objectorum,
1793 2998 1892 3070 si·

341 3114 482 3183 cut
546 3116 1019 3183 mensurata
1085 3117 1631 3185 numerantur
1684 3136 1894 3187 men-

340 3226 566 3301 suris
609 3231 1044 3310 numerati,
1096 3236 1435 3322 propter
1463 3230 1891 3322 dependen-

340 3345 546 3419 tiam
607 3347 1050 3428 actua.lem;
1100 3366 1298 3439 ergo
1365 3347 1600 3419 istius
1663 3348 1894 3419 intel-

335 3462 723 3536 lectionis
824 3463 1077 3536 unicae
1177 3469 1600 3556 oporteret
1702 3465 1895 3537 dare

339 3602 594 3653 unum
630 3581 1035 3675 objectum
1071 3582 1510 3674 cognitum,
1538 3587 1619 3657 et
1654 3604 1893 3656 unam

338 3697 753 3772 rationem
848 3698 1346 3790 intelligendi
1435 3700 1890 3782 formalem;

333 3834 502 3886 non
553 3818 818 3906 potest
872 3818 1144 3887 autem
1178 3836 1356 3887 esse
1398 3815 1671 3908 aliqua
1704 3816 1891 3899 alia,

339 3949 586 4023 quam
639 3932 999 4005 essentia
1086 3931 1373 4023 Angeli
1437 3932 1897 4024 intelligen-

338 4046 487 4127 tis;
560 4046 700 4118 illa
769 4047 1009 4128 enim,
1058 4053 1141 4122 ut
1216 4053 1462 4141 patet,
1530 4048 1609 4120 in
1670 4049 1894 4121 intel-

343 4162 694 4235 lectione
790 4162 916 4234 sui
1013 4167 1134 4235 est
1233 4164 1589 4257 primum
1687 4165 1897 4255 obje-

337 4282 594 4359 ctum,
647 4282 728 4352 et
778 4277 1041 4370 prima
1105 4281 1317 4353 ratio
1372 4280 1892 4371 intelligendi,

337 4398 420 4468 ct
476 4395 543 4467 si
605 4415 763 4467 non
824 4396 929 4470 sit
990 4397 1375 4472 similiter
1444 4398 1520 4471 in
1584 4401 1897 4473 intelle-

339 4512 616 4586 ctione
676 4511 1253 4605 cujuscumque
1330 4515 1701 4598 alterius,
1763 4517 1896 4587 da-

339 4629 466 4700 bis
560 4628 795 4720 plura
888 4629 1150 4721 prima
1245 4630 1601 4720 objecta;
1699 4653 1892 4724 ergo

344 4746 618 4836 potest
705 4746 1141 4819 concedere
1224 4747 1501 4839 plures
1592 4748 1896 4822 intelle-

342 4864 685 4943 ctioneS.
749 4862 876 4934 vel
936 4866 1262 4954 oportet
1321 4884 1643 4956 ponere,
1691 4868 1895 4956 quod

343 4978 705 5052 essentia
799 4977 975 5070 ejus
1062 4978 1168 5052 sit
1254 4980 1609 5071 primum
1690 4982 1897 5076 obje-

345 5099 595 5175 ctum,
641 5098 719 5168 et
772 5095 1148 5168 formalis
1194 5096 1405 5170 ratio
1454 5098 1898 5192 intelligen-

344 5210 420 5282 di
509 5212 1069 5303 quodcumque
1143 5212 1350 5304 qnod
1441 5218 1708 5306 potest
1790 5217 1898 5288 in·

346 5326 611 5418 telligi
700 5328 797 5400 ab
878 5329 1107 5420 ipso;
1184 5330 1315 5402 sed
1397 5350 1897 5422 consequens

344 5449 472 5518 est
539 5444 834 5517 falsum
901 5450 1236 5541 propter
1291 5447 1444 5520 duo
1511 5473 1524 5517 ε
1591 5450 1895 5528 Primo.

349 5561 537 5656 quia
605 5562 924 5656 aliquod
956 5585 1097 5636 ens
1160 5564 1564 5638 infinitum
1607 5571 1731 5640 est
1792 5568 1899 5638 in-

347 5677 772 5773 telligibile
841 5681 938 5753 ab
999 5681 1160 5756 isto
1222 5681 1664 5767 intellectu;
1729 5684 1900 5756 nul·-

2021 661 2190 734 lum
2260 667 2533 737 autem
2624 666 2942 740 finitum
3039 670 3309 760 potest
3397 685 3575 736 esse

2021 781 2286 872 prima
2350 783 2565 855 ratio
2618 783 3120 876 intelligendi
3172 783 3571 857 infinitum

2024 896 2425 987 objectum
2489 901 2871 992 perfecte.
2941 901 3321 981 Secundo,
3386 901 3574 992 qnia

2020 1011 2219 1084 nihil
2275 1017 2539 1103 potest
2597 1037 2773 1086 esse
2823 1017 3035 1088 ratio
3087 1035 3574 1107 cognoscen-

2018 1128 2091 1200 di
2194 1131 2427 1222 plura
2532 1132 2875 1204 alterius
2971 1132 3341 1212 rationis,
3414 1132 3568 1204 nisi

2018 1237 2471 1310 eminenter
2521 1240 2937 1315 contineat
3012 1242 3087 1312 in
3157 1262 3240 1311 se
3304 1241 3574 1312 omnia

2022 1351 2160 1424 illa
2235 1354 2664 1425 seeundum
2747 1355 3566 1445 cognoscihilitatem,

2017 1474 2099 1541 et
2163 1489 2305 1561 per
2361 1489 2866 1562 consequens
2942 1473 3373 1545 secundum
3442 1491 3572 1544 en-

2021 1583 2386 1663 titatem:
2469 1606 2669 1677 ergo
2754 1587 2952 1659 nihil
3033 1592 3304 1681 potest
3395 1608 3572 1660 esse

2018 1700 2513 1793 principium
2623 1705 3157 1793 cognoscendi
3256 1702 3572 1776 infinita

2015 1816 2458 1907 disparata,
2497 1819 2565 1890 si
2599 1822 2894 1900 essent,
2932 1818 3088 1891 nisi
3121 1818 3573 1892 eminenter

2017 1934 2097 2005 in
2143 1954 2227 2005 se
2268 1935 2685 2008 contineat
2745 1935 2928 2017 illa;
2973 1955 3171 2027 ergo
3214 1936 3572 2008 essentia

2018 2050 2303 2141 Angeli
2355 2070 2534 2123 cum
2597 2052 2702 2124 sit
2770 2052 3026 2134 finita,
3075 2072 3234 2124 non
3298 2058 3568 2145 potest

2014 2186 2192 2238 esse
2257 2166 2469 2240 ratio
2522 2168 3057 2258 cognoscendi
3131 2168 3332 2242 talia
3389 2170 3567 2241 infi-

2016 2284 2188 2356 nita
2260 2281 2558 2356 omnia.
2643 2284 2770 2357 Sic
2846 2304 3048 2375 ergo
3140 2285 3567 2379 supposita

2012 2403 2182 2471 tam
2262 2399 2575 2475 finitate
2659 2400 3239 2474 intellectionis
3316 2405 3566 2492 Ange-

2012 2518 2216 2597 licae‚
2307 2536 2541 2608 quam
2636 2516 3096 2591 intellectus
3201 2517 3559 2610 ejusdem

2010 2639 2088 2708 et
2121 2634 2522 2716 essentiae,
2580 2638 2659 2707 et
2711 2634 2863 2707 hoc
2897 2656 2995 2706 ex
3037 2638 3194 2704 disc.
3245 2638 3310 2707 2.
3356 2639 3566 2723 primi

2009 2778 2070 2843 q.
2136 2756 2216 2820 de
2255 2757 2511 2819 unitate
2551 2755 2696 2832 Dei,
2761 2753 3158 2842 sequitur,
3225 2752 3428 2842 quod
3483 2752 3560 2823 in

2010 2869 2319 2957 Angelo
2393 2874 2661 2960 potest
2718 2889 2896 2940 esse
2957 2869 3171 2940 aliud
3233 2873 3313 2942 et
3348 2869 3562 2941 aliud

2008 2988 2386 3073 incelliyere
2455 2984 2816 3065 realiter,
2874 2988 2953 3056 et
2997 3004 3155 3055 non
3199 2984 3353 3055 nisi
3395 2986 3562 3057 uni-

2008 3120 2104 3173 ca
2165 3101 2666 3180 substantia:
2725 3120 2924 3193 ergo
2968 3101 3143 3195 ejus
3185 3106 3565 3192 incelliqere

2007 3240 2167 3290 non
2226 3224 2351 3291 est
2414 3219 2617 3290 idem
2669 3241 2835 3293 suae
2886 3219 3285 3301 essentiae;
3361 3240 3561 3310 ergo

2009 3350 2135 3420 est
2183 3346 2578 3419 accidens.

2072 3461 2350 3535 Tertia
2391 3462 2850 3555 propositio
2891 3463 2984 3550 (s)
3023 3467 3148 3536 est
3179 3482 3564 3536 concessa

2010 3579 2109 3650 ab
2187 3578 2619 3660 Avicenna‚
2675 3581 2761 3651 ut
2834 3584 3060 3671 patet
3127 3580 3562 3652 secundum

2015 3695 2333 3768 modum
2404 3696 2747 3788 ponendi
2827 3695 3084 3787 ipsius
3154 3700 3421 3779 ibidem,
3493 3701 3561 3768 9.

2010 3813 2302 3899 Μειαρὴ.
2357 3837 2412 3881 c.
2462 3815 2526 3884 4.
2593 3817 2675 3886 et
2737 3818 3008 3887 tamen
3079 3813 3230 3887 hoc
3298 3818 3568 3907 potest

2007 3929 2440 4010 declarari,
2518 3929 2706 4022 quia
2765 3934 3066 4002 natura
3157 3951 3378 4003 mere
3458 3930 3567 4003 in·

2008 4046 2514 4120 tellectualis
2575 4045 2774 4119 nihil
2825 4046 3195 4138 producit
3257 4049 3414 4121 nisi
3459 4048 3569 4121 in-

2010 4162 2449 4255 telligendo
2501 4166 2582 4235 et
2635 4161 3002 4245 volend0,
3051 4183 3185 4235 seu
3235 4184 3380 4256 per
3446 4184 3572 4237 ao.-

2013 4281 2185 4350 tum
2235 4277 2701 4351 intellectus
2740 4276 2868 4348 vel
2907 4278 3386 4359 voluntatis,
3438 4280 3567 4350 vel

2011 4394 2392 4475 alterum,
2446 4394 2572 4466 vel
2628 4398 3086 4485 utrumque,
3134 4414 3292 4465 non
3336 4416 3559 4469 curo.

2010 4512 2231 4584 Unde
2297 4513 2545 4584 etiam
2630 4530 2982 4603 persona
3048 4510 3320 4582 divina
3360 4511 3562 4584 nihil

2012 4627 2387 4720 producit
2461 4629 2556 4699 ad
2611 4627 2822 4701 intra
2897 4628 3024 4699 vel
3065 4631 3327 4709 extra,
3396 4627 3567 4700 sine

2012 4749 2195 4818 actu
2236 4745 2580 4818 istarum
2618 4742 3208 4837 potentiarum;
3247 4742 3314 4814 si
3348 4744 3563 4816 enim

2012 4864 2333 4943 natura,
2379 4864 2468 4934 ut
2499 4863 2623 4933 est
2677 4860 2908 4954 prior
2958 4861 3401 4939 intellectu,
3448 4880 3566 4932 es-

2014 4982 2137 5054 set
2187 4977 2676 5070 principium
2741 4975 3227 5070 producendi
3292 4995 3557 5068 perso·

2011 5122 2226 5184 nam,
2287 5103 2501 5173 esset
2566 5101 2644 5172 in
2694 5100 2987 5172 divinis
3056 5099 3327 5193 aliqua
3380 5118 3563 5191 per-

2014 5237 2215 5291 sona
2249 5219 2640 5311 producta
2672 5219 2906 5310 prior
2963 5217 3254 5298 Verbo,
3318 5220 3400 5290 et
3450 5216 3570 5289 sic

2014 5339 2395 5426 quatuor.

2102 5448 2183 5523 Si
2245 5448 2494 5521 etiam
2557 5450 2644 5539 (t)
2705 5453 3061 5541 ponatur
3111 5448 3191 5521 in
3253 5447 3565 5539 Angelo

2013 5566 2284 5657 aliqua
2366 5566 2729 5658 potentia
2783 5566 3034 5640 tertia
3109 5565 3560 5648 executiva‚

2012 5687 2092 5756 et
2151 5683 2315 5755 alia
2354 5685 2453 5755 ab
2508 5682 2926 5758 intellectu
2976 5688 3059 5757 et
3113 5682 3564 5765 voluntate,

3621 2727 3809 2787 Quaest.
3837 2728 3887 2778 3.

3716 3486 3799 3536 24.
