4255 6375
1386 458 1581 520 DIST.
1615 459 1713 520 Vl.
1750 456 2112 533 QUAESTlo
2143 458 2245 523 IX.

240 619 613 705 explicitum
673 631 737 685 et
800 620 1240 700 convincens;

239 737 464 800 Doctor
513 747 708 822 negat
766 736 931 803 hanc
976 736 1318 802 veritatem
1352 757 1433 803 ex
1485 735 1783 802 Patribus

237 853 459 921 haberi
523 874 863 942 expresse,
944 866 1012 922 ut
1069 855 1599 933 convincentem,
1673 864 1785 921 aut

238 968 593 1055 Scriptura.

324 1088 648 1153 Caeterum
708 1087 874 1154 ratio
933 1087 1239 1174 superius
1300 1088 1664 1175 praemissa,
1723 1097 1788 1154 et

239 1201 495 1269 traditio
552 1203 864 1271 Ecclesiae
929 1224 1004 1270 ac
1041 1202 1336 1270 definitio
1380 1213 1445 1269 et
1500 1223 1788 1271 commu·

242 1319 340 1383 nis
391 1318 944 1386 Scholasticorum
1004 1340 1391 1398 consensus,‚
1453 1319 1565 1406 qui
1622 1319 1791 1385 hanc

238 1433 651 1502 traditionem
719 1436 1017 1526 sequitur
1081 1457 1383 1504 asserens
1467 1436 1534 1501 in
1582 1435 1789 1521 Bapti-

241 1570 383 1616 smo
433 1572 551 1618 nos
589 1553 971 1640 consignari
1004 1574 1120 1640 per
1178 1551 1424 1640 aliquid
1457 1551 1790 1619 diversum

242 1667 321 1732 ab
374 1670 517 1755 ipsa
573 1670 786 1756 gratia
834 1669 1398 1750 sanctificationiS,
1458 1668 1630 1757 quod
1665 1688 1791 1734 non

244 1784 519 1852 habetur
574 1799 756 1853 extra
812 1789 1300 1853 Sacramentum
1353 1807 1471 1872 per
1508 1784 1793 1851 sanctifi·

245 1900 563 1967 cationem
636 1900 785 1969 fidei
844 1915 908 1968 et
965 1902 1277 1982 flaminis,
1361 1902 1591 1988 probat
1621 1901 1798 1967 hune

243 2017 542 2085 effectum
576 2020 977 2088 characteris
1010 2018 1477 2106 comprehendi
1524 2018 1588 2083 in
1639 2039 1795 2084 sen-

244 2155 320 2201 su
361 2134 626 2202 litterali
690 2137 1011 2203 dictorum
1049 2136 1427 2217 verborum,
1488 2147 1553 2199 et
1590 2132 1793 2199 inter-

246 2249 673 2335 pretationem
708 2248 1159 2338 Chrysostomi
1210 2250 1445 2316 dictam
1488 2246 1794 2313 aliorum-

244 2386 371 2452 que
392 2368 656 2433 Patrum
689 2367 1243 2453 comprehendere
1275 2375 1479 2431 totum
1510 2362 1795 2430 collecti-

249 2500 329 2546 ve
359 2479 659 2547 effectum
714 2480 1388 2566 Baptismicausatum
1440 2479 1506 2544 in
1547 2475 1788 2554 anima,

250 2596 554 2682 quamvis
585 2596 1177 2663 denominationem
1213 2605 1475 2662 sumant
1514 2616 1549 2661 a
1589 2592 1796 2681 potio-

251 2711 303 2777 ri
343 2711 667 2792 forma,ad
701 2734 895 2801 quam
931 2711 1224 2801 disponit
1255 2712 1392 2799 ipse
1432 2712 1794 2789 character;

252 2829 407 2895 falso
438 2849 596 2916 ergo
630 2830 924 2896 haeretici
971 2844 1213 2917 negant
1252 2831 1430 2896 hunc
1494 2829 1796 2896 effectum

252 2964 379 3009 non
422 2943 642 3031 colligi
684 2965 762 3011 ex
797 2945 1160 3031 Scriptura,
1210 2943 1562 3013 accedente
1601 2943 1799 3010 tradi·

249 3063 426 3128 tione
466 3074 530 3129 et
561 3062 991 3130 declaratione
1032 3068 1290 3130 Patrum
1332 3075 1397 3130 et
1460 3063 1793 3141 Ecclesiae,

251 3179 353 3246 vel
387 3179 582 3247 etiam
618 3201 747 3247 non
787 3180 1105 3247 contineri
1145 3180 1213 3246 in
1246 3180 1609 3268 Scriptura.

112 3373 185 3407 um
341 3297 639 3364 Alterum
717 3297 1083 3364 membrum
1138 3295 1322 3364 'illius
1399 3295 1801 3383 probationis

112 3437 212 3490 mm
257 3425 379 3494 est,
455 3414 625 3500 quod
698 3434 909 3499 neque
982 3434 1064 3479 ex
1140 3414 1439 3479 Patribus
1541 3411 1800 3499 probari

112 3498 225 3594 {¹332
258 3532 467 3616 possit
539 3530 896 3596 character.
967 3529 1382 3616 Respondent
1438 3527 1638 3615 aliqui
1722 3549 1803 3593 ex

111 3622 213 3720 iffa}
259 3647 558 3713 Patribus
586 3645 831 3732 colligi,
885 3644 1298 3732 potissimum
1361 3665 1441 3710 ex
1489 3643 1802 3730 Dionysio

111 3735 649 3850 fgssatAreopagita
711 3763 792 3828 de
848 3763 1315 3828 Ecclesiastica
1390 3761 1795 3838 hierarchia,

111 3873 207 3910 ⁰¹¹¹·
257 3902 407 3966 cap.
445 3867 687 3945 2sSed
737 3879 906 3944 hanc
952 3877 1408 3945 auctoritatem
1460 3878 1691 3942 merito
1741 3886 1805 3939 et

256 3995 609 4063 efficaciter
708 3994 995 4061 excludit
1084 3998 1319 4060 Doctor
1399 3992 1468 4057 in
1563 3991 1798 4069 littera,

254 4132 453 4200 quem
493 4110 791 4197 sequitur
820 4109 887 4176 in
918 4110 1040 4175 hac
1078 4106 1423 4175 Durandus
1451 4117 1516 4172 et
1577 4104 1805 4171 Gabri-

256 4230 337 4309 el,
380 4227 537 4316 quin
586 4227 780 4293 etiam
818 4229 1133 4313 vasquez.

113 4372 176 4423 0st
345 4344 473 4411 Sed
504 4355 726 4410 contra
757 4342 1097 4409 insimulat
1134 4343 1327 4408 Sotus
1367 4361 1444 4406 ex
1477 4337 1807 4405 Walden-

111 4452 230 4549 ἐξῇ,
262 4459 315 4526 si
396 4458 834 4546 corruptelam
897 4456 1376 4543 intelligentiae,
1423 4465 1486 4521 et
1534 4455 1809 4519 recurrit

263 4578 454 4643 Solus
494 4576 572 4641 ad
613 4588 857 4642 textum
908 4577 1229 4646 Graecum.
1268 4593 1459 4658 quem
1510 4571 1605 4638 sic
1656 4568 1811 4637 licet

261 4694 661 4760 transferre:
708 4693 882 4757 Eum
923 4712 1076 4757 vero
1116 4692 1399 4778 (nempe
1454 4689 1533 4754 ad
1591 4687 1810 4774 Bapti-

256 4829 477 4876 smum
517 4807 983 4894 accedentem)
1015 4806 1254 4872 divina
1294 4805 1647 4885 beatitudo,
1686 4825 1799 4870 seu

261 4923 499 4991 divina
531 4927 845 5012 majestas
878 4924 946 4989 in
988 4944 1173 4986 suam
1215 4922 1812 5007 participationem

259 5041 526 5126 recipit,
574 5049 635 5104 et
669 5038 951 5125 proprio
985 5036 1238 5102 lumine
1278 5046 1592 5121 tanquam
1652 5054 1815 5120 quo-

263 5155 415 5221 dam
458 5155 594 5242 ipsi
618 5129 810 5241 siqno
845 5151 1077 5230 tradit,
1124 5150 1432 5216 divinum
1456 5150 1815 5236 perficiens

263 5283 322 5338 et
387 5274 980 5339 communica-ntem
1039 5269 1427 5335 divinorum
1464 5269 1706 5354 partis,
1753 5276 1814 5331 et

261 5412 469 5456 sacroe
516 5390 991 5466 ordinationis,
1065 5397 1195 5452 etc.
1268 5389 1592 5451 Hactenus
1659 5402 1817 5469 ergo

268 5525 396 5571 non
438 5506 727 5593 loquitur
758 5505 838 5571 de
870 5503 1234 5580 hierarcha,
1276 5501 1336 5566 id
1379 5512 1502 5578 est,
1539 5500 1617 5565 de
1649 5503 1817 5564 Pon-

268 5622 465 5704 tifice,
519 5624 630 5690 sed
676 5623 868 5710 plane
928 5619 1006 5686 de
1048 5624 1201 5700 Dee,
1265 5617 1374 5705 qui
1422 5615 1814 5703 baptizatum

3342 460 3454 521 611

1331 641 1458 707 qua
1528 619 1778 685 ratione
1889 623 2064 706 facit
2129 624 2237 689 sui
2295 623 2723 709 participem,
2794 635 2918 690 etc.
2974 626 3114 689 Non
3161 632 3262 689 est
3302 622 3463 702 mihi

1894 733 1973 799 ad
1999 753 2264 800 manum
2298 746 2515 802 textus
2547 738 2810 802 Graecus
2836 735 3125 823 Dionysii
3157 759 3172 814 ;
3231 733 3287 801 si
3332 754 3459 799 non

1897 849 2148 936 placeat
2224 852 2377 917 Soto
2434 852 2652 918 versio
2729 852 3185 931 Vercellensis,
3286 850 3461 938 legat

1894 964 2081 1046 alios,
2121 987 2245 1056 ego
2288 968 2452 1034 hanc
2503 968 2710 1053 ipsam
2761 967 3130 1034 versionem
3187 967 3453 1054 permit·

1898 1092 1987 1161 tc,
2072 1093 2136 1148 et
2198 1083 2361 1150 nihil
2408 1084 2780 1163 convincit;
2835 1084 2960 1151 alia
2998 1098 3217 1151 tamen
3250 1085 3453 1150 offero

1900 1219 1980 1264 ex
2055 1200 2459 1267 correctione
2557 1201 2864 1267 moderna
2943 1202 3112 1267 Petri
3175 1200 3450 1267 Lanselii

1901 1315 2364 1402 Gravelingani
2442 1315 2780 1384 Societatis
2846 1320 3023 1397 Jesu,
3072 1331 3135 1383 et
3183 1318 3474 1383 habetur·

1906 1428 1982 1494 in
2006 1430 2411 1497 Bibliotheca
2443 1432 2726 1498 Patrum
2752 1433 3099 1499 Colonien.
3136 1432 3458 1499 editionis

1904 1554 2056 1610 tom.
2096 1550 2159 1611 1.

1993 1661 2082 1727 lta
2158 1662 2334 1728 enim
2404 1663 2469 1728 in
2527 1665 3097 1752 contemplatione,
3154 1686 3300 1751 cap.
3384 1667 3447 1730 2.

1909 1776 2101 1843 habet
2145 1778 2520 1865 Dionysius,
2566 1803 2904 1868 exponens
2948 1781 3267 1869 quomodo
3298 1801 3453 1847 sen·
3541 1768 3551 1777 ⁹

1907 1895 2030 1960 sim
2110 1894 2192 1960 ab
2246 1895 2838 1982 imperfectioribus
2934 1896 3013 1963 ad
3072 1896 3458 1983 perfectiora

1905 2008 2234 2094 procedat,
2307 2022 2655 2100 antequam
2741 2012 2819 2078 ad
2896 2012 3186 2078 divinam
3248 2011 3458 2078 uncti-

1905 2148 2097 2195 onem
2154 2127 2553 2214 pervenerit,
2638 2139 2701 2195 et
2768 2128 3024 2195 subdit:
3087 2130 3298 2216 Hujus
3363 2139 3459 2194 est

1902 2249 2226 2336 proeclari
2271 2250 2489 2315 sancti
2528 2249 2808 2315 Ordinis
2837 2252 3057 2336 imayo
3111 2254 3252 2336 ejus
3281 2301 3297 2329 ,
3346 2249 3460 2336 qui

1906 2364 2162 2429 accedit
2195 2363 2472 2453 (supple
2514 2364 2591 2429 ad
2635 2362 3063 2451 Baptismum)
3117 2365 3361 2451 pudor,
3399 2375 3461 2429 et

1909 2503 2157 2560 eorum,
2225 2502 2369 2567 quoe
2424 2480 2516 2546 ad
2587 2501 2654 2546 se
2728 2481 3012 2546 attinent
3071 2482 3444 2567 explorata,

1909 2605 2216 2681 certaque
2272 2596 2584 2682 coqnitiO,
2644 2617 2788 2682 quae
2838 2597 2964 2661 viae
3015 2596 3105 2661 ad
3172 2598 3455 2679 Pontifi-

1908 2733 2047 2777 cem
2083 2712 2368 2796 ferentis
2413 2732 2796 2798 sponsorem
2842 2712 3032 2778 habet
3092 2713 3318 2778 ducem
3353 2712 3457 2801 (id

1909 2838 2031 2904 est,
2078 2848 2228 2893 eum
2271 2826 2381 2914 qui
2424 2827 2699 2914 spondet
2768 2849 2885 2913 pro
2924 2829 3069 2915 ejus
3127 2830 3459 2895 conversi-

1909 2942 2074 3027 one)
2116 2963 2286 3020 eum,
2342 2947 2457 3029 qui
2490 2945 2586 3009 ita
2625 2943 2979 3011 deducitur
3027 2938 3305 3032 (supple
3345 2967 3461 3032 per

1908 3081 2291 3147 sponsorem
2335 3062 2413 3128 ad
2456 3063 2908 3153 hierarcham)
2953 3064 3142 3131 beata
3208 3065 3461 3130 divini-

1914 3189 2012 3244 tas
2048 3179 2122 3244 in
2154 3181 2679 3248 communionem
2710 3182 2818 3247 sui
2840 3183 3100 3270 recipit,
3124 3183 3310 3270 eique
3357 3185 3456 3251 lu-

1911 3315 2060 3360 men
2097 3317 2290 3361 suum
2321 3299 2512 3383 quasi
2555 3298 2820 3385 siqnum
2861 3298 3092 3378 tradit,
3138 3299 3298 3365 dum
3352 3300 3461 3366 di-

1910 3412 2068 3476 vino
2136 3434 2283 3480 eum
2345 3416 2620 3480 numine
2692 3416 2916 3499 afflat,
2987 3417 3311 3502 sortisque
3384 3439 3463 3483 ac

1911 3528 2177 3593 ordinis
2224 3551 2473 3610 eorum,
2518 3533 2633 3617 qui
2690 3530 2923 3598 divino
2988 3534 3263 3598 numine
3307 3554 3463 3619 per-

1914 3647 2076 3711 moti
2124 3658 2298 3724 sunt,
2347 3649 2753 3733 participem
2802 3650 3014 3733 sacit;
3056 3670 3199 3736 quae
3237 3651 3465 3714 omnia

1912 3762 2251 3847 siynisicat
2307 3765 2571 3850 siqnum
2625 3765 2879 3843 Crucis,
2928 3765 3102 3851 quod
3140 3768 3465 3851 Pontiseoe

1915 3875 2031 3942 dat
2126 3879 2440 3958 venienti,
2517 3879 3060 3969 sacerdotumque
3117 3883 3463 3947 <salutaris

1923 3992 2047 4057 itta
2114 3993 2496 4079 descriptio,
2562 4005 2686 4062 etc.
2740 4016 2972 4083 nempe
3028 4019 3155 4084 qua
3225 4018 3461 4065 nomen

1916 4109 2283 4176 accedentis
2322 4122 2388 4177 et
2427 4114 2764 4199 sponsoris
2794 4113 3128 4181 scribitur.

2008 4228 2103 4292 Ex
2161 4226 2266 4293 his
2322 4227 2542 4294 nescio
2604 4229 2776 4295 unde
2831 4230 3039 4316 possit
3103 4230 3323 4319 colligi
3391 4254 3466 4299 ex

1920 4354 2137 4408 mente
2195 4342 2520 4430 Dionysii,
2589 4357 2701 4410 aut
2768 4366 2848 4412 ex
2924 4346 3146 4413 verbis
3220 4357 3463 4429 textus,

1922 4479 2069 4523 eum
2143 4478 2338 4545 agere
2385 4458 2464 4523 de
2515 4449 2865 4545 Baptismo',
2935 4462 3000 4527 in
3067 4463 3469 4548 contempla-

1925 4574 2100 4639 tione
2161 4595 2444 4662 namque
2503 4577 2773 4662 exponit
2821 4579 3164 4664 mysticam
3214 4577 3468 4665 signifi-

1924 4690 2249 4756 cationem
2282 4692 2848 4771 caeremoniarum,
2911 4715 3059 4780 quae
3104 4707 3473 4782 praeparant

1925 4819 1988 4872 et
2031 4806 2529 4892 praemittuntur
2575 4808 2654 4874 ad
2703 4810 3132 4895 Baptismum,
3186 4810 3265 4876 de
3324 4811 3472 4900 qui-

1930 4922 2054 4988 bus
2107 4923 2245 5009 egit
2305 4922 2369 4987 in
2426 4923 2614 4988 titulo
2665 4921 3055 5009 praecedenti
3124 4924 3204 4992 de
3247 4928 3475 4992 Sacra-

1932 5048 2152 5104 mento
2185 5037 2660 5120 illustrationiS,
2701 5039 2810 5106 ubi
2844 5040 3006 5126 ipsae
3036 5043 3472 5122 caeremoniae‚

1929 5155 2099 5222 sicut
2157 5153 2387 5220 ordine
2428 5175 2546 5220 suo
2586 5166 3064 5242 proponuntur,
3131 5157 3217 5223 ita
3284 5159 3477 5225 etiam

1930 5271 1995 5337 in
2095 5270 2642 5356 contemplatione
2745 5273 3023 5358 mystica
3072 5274 3472 5356 earumdem,

1932 5386 2160 5451 ordine
2201 5407 2319 5452 suo
2360 5398 2802 5472 exponuntur.

2023 5503 2313 5569 Primum
2355 5525 2514 5590 ergo
2580 5515 2701 5584 est,
2747 5515 2817 5571 ut
2855 5505 3169 5573 accedens
3220 5507 3297 5572 ad
3358 5511 3480 5574 Ba-

1930 5620 2248 5706 ptismum
2301 5631 2551 5707 quaerat
2609 5641 2989 5706 sponsorem
3066 5623 3346 5711 aliquem
3399 5645 3481 5690 ex

3624 4285 3706 4335 20.

3527 5556 3832 5667 Prozthessus
