4255 6375
1504 362 1709 425 nisr.
1756 361 1804 427 ι.
1849 362 2217 440 ρωΕετιο
2250 364 2324 428 n.
3445 366 3561 459 113

329 508 590 602 disrari,
649 543 774 590 non
843 522 1061 592 autem
1103 522 1434 611 'primario
1483 524 1759 607 definiti,
1822 548 1897 594 ac

329 638 626 723 proinde
654 639 948 707 definitio
979 643 1289 728 supponit
1322 664 1437 729 pro
1479 644 1617 730 ipsa
1678 644 1892 731 signi-

329 753 653 821 ficatione
686 756 879 822 modo
926 756 1097 824 dicto
1137 770 1201 824 et
1239 758 1574 845 primari0‚
1632 780 1748 847 pro
1815 781 1886 826 re

327 882 567 937 autem
612 882 919 960 tanquam
971 887 1342 942 connotato.

38 998 263 1052 utentia
435 988 743 1075 Sequitur
807 989 1093 1056 secundo
1156 991 1376 1059 minus
1432 1013 1662 1058 verum
1715 1012 1885 1073 esse,

38 1075 243 1177 {¹352}
326 1106 518 1192 quod
550 1105 736 1174 docet
783 1110 1021 1175 Suarez
1061 1112 1124 1176 3.
1165 1131 1234 1196 p.
1283 1121 1437 1177 tom.
1483 1114 1545 1176 3.
1599 1110 1773 1196 disp.
1825 1116 1884 1176 1.

323 1234 498 1289 sect.
535 1227 598 1289 4.
635 1226 1126 1291 Sacramentum
1168 1246 1538 1313 supponere
1567 1247 1683 1312 pro
1723 1236 1882 1306 toto,

322 1350 404 1405 et
435 1340 564 1406 hoc
602 1340 838 1427 prim0,
902 1362 1137 1428 nempe
1192 1364 1306 1429 pro
1373 1342 1729 1409 constituto
1806 1364 1885 1408 ex

319 1460 537 1526 rebus
603 1473 669 1526 et·
741 1460 1246 1549 significatione.
1319 1466 1579 1538 Contra,
1644 1464 1876 1550 prime,

313 1575 490 1663 quia
538 1575 698 1643 alias
741 1598 869 1643 non
898 1591 1067 1645 esset
1108 1578 1174 1644 in
1206 1600 1275 1645 se
1307 1578 1520 1666 aliqua
1556 1584 1717 1645 ratio
1759 1600 1885 1647 una

314 1692 813 1779 conceptibilis,
858 1707 968 1760 aut
996 1693 1376 1762 delinibilis.
1422 1700 1612 1762 Juxta
1665 1694 1880 1761 Philo·

315 1810 620 1895 sophum
699 1810 874 1877 enim
955 1816 1017 1877 7.
1098 1813 1383 1899 Meeaph.
1432 1826 1500 1879 ut
1568 1826 1741 1901 patet
1797 1836 1878 1881 ex

314 1924 549 2010 primo
579 1924 850 1992 articulo
892 1926 1088 2014 hujus
1136 1949 1149 1992 :
1186 1928 1333 1993 Non
1377 1940 1471 1994 est
1510 1929 1740 2015 aliqua
1769 1952 1879 1995 ra·-

314 2041 424 2103 tio
467 2044 609 2126 ejus
656 2041 830 2128 quod
860 2063 996 2108 non
1051 2054 1144 2108 est
1191 2065 1409 2129 perse
1465 2066 1711 2125 unum,·
1756 2067 1875 2112 ens

315 2178 448 2242 per
479 2157 780 2225 accidens
818 2171 930 2225 aut
961 2173 1393 2246 aggregatum
1448 2182 1576 2228 non
1632 2162 1877 2231 habent

315 2274 615 2362 aliquam
662 2276 975 2342 rationem
1009 2275 1378 2342 distinctam
1421 2279 1502 2344 ab
1532 2281 1871 2349 extremis,

38 2405 274 2474 sponsio.
415 2391 789 2476 Respondet
839 2406 1324 2459 sacramentum
1391 2415 1519 2461 non
1562 2416 1708 2462 esse
1756 2417 1872 2463 ens

38 2468 246 2599 3322,
317 2520 793 2593 aggregatum,
842 2507 956 2574 sed
994 2507 1209 2575 dicere
1253 2510 1563 2577 unitatem
1622 2512 1872 2578 ordinis

39 2593 224 2704 ‘dgssss‘
321 2620 500 2687 sicut
553 2620 905 2704 exercituS‚
951 2636 1013 2688 et
1041 2623 1282 2690 habere
1333 2626 1645 2693 unitatem
1697 2650 1873 2694 com»

39 2718 284 2833 unffi-‘³⁰'
322 2736 677 2823 positionis
702 2735 1051 2825 '‘formalis,
1124 2739 1276 2827 quia
1351 2754 1479 2806 tam
1538 2764 1643 2809 res
1702 2743 1871 2810 inter

38 2878 263 2930 npngm-
319 2874 402 2919 se
439 2851 716 2932 collatae,
782 2854 836 2920 si
885 2853 1103 2941 plures
1142 2869 1318 2937 sunt,
1386 2879 1580 2945 quam
1614 2860 1868 2947 signifi-

83 2934 181 2979 tur.
317 2968 494 3035 catio
533 2969 610 3035 ad
662 2990 766 3037 res
808 2984 1201 3058 comparata,
1259 2974 1499 3041 habent
1549 2976 1865 3044 rationem

312 3085 672 3173 quamdam
705 3099 888 3155 actus
919 3099 982 3154 et
1013 3089 1341 3177 potentiae.
1382 3095 1639 3171 Contra,
1676 3094 1848 3160 acci-

310 3201 600 3271 dentalis
631 3204 839 3270 forma
877 3205 1069 3272 realis
1104 3221 1202 3273 est
1268 3208 1613 3294 perfectior
1677 3225 1860 3278 actus

310 3318 596 3407 subjecti
657 3320 722 3385 in
769 3321 1017 3388 ratione
1076 3344 1202 3389 non
1272 3324 1484 3391 solum
1547 3325 1665 3405 rei,
1749 3325 1863 3391 sed

309 3446 498 3501 actus
550 3435 963 3505 informantis
1028 3461 1223 3527 quam
1293 3440 1502 3507 forma
1560 3443 1858 3523 rationis,

308 3552 465 3640 quia
507 3552 615 3619 illa
656 3574 726 3620 re
765 3555 910 3621 talis
967 3567 1089 3635 est,
1144 3557 1313 3622 sicut
1380 3568 1482 3624 est
1542 3557 1850 3645 perfectio

307 3669 591 3756 subjecti
627 3670 1011 3752 informans,
1055 3673 1199 3740 haec
1237 3688 1450 3741 autem
1507 3687 1759 3742 tantum
1793 3675 1859 3741 in

308 3785 690 3867 intellectu;
736 3787 849 3855 sed
888 3809 1038 3856 cum
1082 3791 1188 3856 illa
1222 3812 1351 3856 non
1393 3792 1478 3859 sit
1534 3794 1858 3880 composi-

306 3913 448 3969 tum
502 3924 618 3989 per
673 3925 744 3971 se
809 3926 1037 3986 unum,
1082 3920 1195 3974 aut
1223 3907 1608 3990 ‘'definibile,
1699 3932 1859 3998 ergo

306 4040 528 4108 neque
575 4041 724 4086 cum
759 4021 964 4088 forma
1033 4006 1331 4105 rationis,
1397 4025 1650 4094 dicatur
1733 4027 1849 4107 sic,

306 4137 411 4202 vel
455 4136 899 4204 denominatio
930 4140 1320 4223 extrinseca,
1373 4154 1443 4208 ut
1495 4143 1634 4229 ipse
1684 4143 1849 4212 vult.

41 4269 243 4342 Secum,
399 4252 645 4319 Deinde
685 4254 1002 4342 quidquid
1053 4277 1179 4322 non
1231 4256 1426 4324 habet
1484 4258 1674 4324 aliam
1710 4260 1852 4325 uni-

66 4344 213 4448 ιῗῗὲ,
305 4378 504 4435 tatem
548 4389 742 4453 quam
790 4370 1064 4452 ordiniS,
1121 4385 1193 4438 ut
1255 4394 1452 4439 unum
1506 4387 1628 4454 est,
1701 4395 1851 4461 sup-

50 4463 244 4570 englam
308 4485 491 4570 ponit
531 4495 780 4552 tantum
829 4486 1224 4575 proysordine
1279 4511 1409 4577 quo
1476 4490 1547 4557 fit
1615 4512 1844 4572 unum,

55 4583 231 4704 ἓξὲξ
304 4621 380 4666 ac
440 4600 713 4687 proinde
775 4624 889 4689 pro
957 4604 1094 4670 sola
1161 4605 1409 4671 ratione
1470 4607 1707 4692 prioris
1784 4618 1849 4673 et

308 4718 692 4802 posterioris
776 4729 884 4785 aut
967 4719 1342 4805 simultatis,
1436 4723 1848 4789 connotando

304 4833 621 4921 subjecta,
669 4855 825 4921 ergo
865 4835 1080 4902 simile
1107 4837 1440 4924 [contingit
1480 4837 1545 4905 in
1615 4860 1845 4926 propo-

300 4950 430 5016 sito
459 4950 799 5030 {extrema
839 4953 1014 5019 enim
1065 4966 1406 5021 connotata
1476 4955 1717 5021 cadunt
1776 4957 1842 5022 in

298 5063 747 5133 definitionem
799 5089 914 5155 per
979 5067 1267 5136 additum
1313 5091 1393 5136 ex
1461 5070 1839 5138 conditione

297 5181 657 5263 relationis,
720 5205 845 5250 non
930 5199 1144 5252 autem
1233 5199 1301 5253 ut
1379 5189 1829 5273 praedicatum,

293 5309 407 5364 aut
426 5297 794 5386 subjectum
854 5301 1362 5388 quidditativum
1397 5303 1677 5371 definiti.

383 5416 679 5482 Secunda
723 5418 1034 5503 particula
1076 5420 1369 5508 ejusdem
1432 5421 1831 5490 definitionis

290 5543 413 5610 est,
451 5531 624 5618 quod
672 5532 756 5598 sit
780 5536 1111 5614 sensibile,
1151 5536 1213 5602 id
1246 5549 1369 5618 est,
1413 5537 1679 5623 signum
1739 5538 1835 5606 in-

427 5650 581 5706 Tom.
631 5648 770 5703 XVI.

2007 528 2307 595 stitutum
2381 528 2445 593 in
2501 529 2774 596 materia
2832 529 3162 610 sensibili;
3221 533 3391 597 hanc
3461 552 3562 599 re·
3700 553 3788 609 13.

2005 644 2175 730 quiri
2208 644 2286 711 ad
2323 645 2673 712 essentiam
2727 648 3153 727 Sacramenti‚
3203 659 3276 716 ut
3334 661 3433 716 est
3464 648 3562 715 in-
3636 615 3886 743 3332&ss

2003 761 2298 826 stitutum
2347 761 2427 828 de
2476 743 2666 841 facto‘,
2713 776 2885 849 patet
2916 786 2997 830 ex
3048 763 3547 832 definitionibus
3690 743 3825 855 qss‘t'd

2001 874 2138 961 jam
2197 874 2431 957 allatis,
2488 890 2552 943 et
2613 878 2922 964 probatur
2976 901 2991 944 ε
3072 882 3559 947 Sacramentum
3615 866 3876 923 mmm·

2001 1002 2099 1056 est
2132 990 2424 1078 signum,
2473 991 2538 1057 in
2604 1014 2732 1080 quo
2800 994 3084 1062 maxime
3150 995 3233 1062 sit
3286 1017 3446 1065 usus
3496 1018 3562 1073 et
3615 954 3889 1012 Probatur.

2000 1106 2383 1171 exercitium
2428 1107 2766 1194 religionis
2800 1109 2866 1174 in
2904 1111 3404 1193 communitate,
3431 1115 3546 1182 sed

1997 1221 2249 1289 nullum
2289 1234 2390 1290 est
2439 1225 2665 1292 usuale
2714 1240 3012 1313 respectu
3045 1230 3536 1297 communitatis

1998 1338 2359 1419 hominum,
2410 1361 2524 1427 pro
2590 1354 2760 1409 statu
2805 1355 3057 1411 naturae
3127 1345 3354 1433 lapsae,
3432 1368 3549 1434 pro
3628 1366 3631 1373 ¹

1997 1476 2124 1541 quo
2154 1466 2254 1521 est
2293 1458 2700 1524 necessarius
2744 1480 2903 1526 usus
2938 1462 3543 1541 Sacramentorum,

1992 1590 2106 1635 seu
2169 1571 2536 1651 medicinae,
2585 1573 2835 1640 ratione
2909 1574 3339 1657 infirmitatiS‚
3416 1577 3545 1645 nisi
3576 1551 3879 1665 neoefsftato

1993 1686 2078 1752 sit
2115 1686 2453 1767 sensibile,
2498 1689 2580 1754 ob
2632 1689 3131 1777 dependentiam
3168 1713 3365 1780 quam
3432 1695 3545 1760 ha·
3657 1679 3820 1725 status

3589 1736 3878 1800 praesentia,

1992 1802 2098 1867 bet
2144 1802 2510 1870 intellectus
2577 1826 2613 1871 a
2671 1826 2872 1872 sensu
2940 1828 3057 1893 pro
3136 1808 3259 1874 hoc
3334 1821 3533 1888 statu,
3716 1806 3770 1850 ‘³²

1992 1939 2207 2005 neque
2275 1941 2445 1987 unus
2511 1922 2694 1988 alteri
2764 1935 2980 2009 potest
3047 1926 3544 1994 communicare
3597 1866 3890 1921 miniatem.

1985 2034 2323 2102 ostensive
2372 2049 2435 2103 et
2468 2038 2783 2119 exteriuS,
2827 2039 2951 2106 nisi
2994 2041 3226 2108 mediis
3258 2043 3538 2109 sensibi-

1999 2149 2198 2218 libus,
2261 2155 2433 2239 Ergo
2481 2154 2670 2241 signa
2728 2155 2804 2222 ad
2858 2178 3271 2225 communem
3348 2181 3540 2229 usum

1986 2270 2277 2353 corporis
2313 2271 2569 2357 mystici
2612 2272 2996 2358 spectantia,
3054 2295 3170 2361 pro
3203 2276 3325 2341 hoc
3365 2288 3538 2344 statu

1985 2382 2223 2449 debent
2253 2406 2397 2452 esse
2438 2388 2800 2467 sensibilia,
2852 2389 3012 2455 alias
3072 2410 3283 2479 neque
3354 2394 3543 2459 mini-

1985 2499 2256 2566 sterium
2291 2514 2355 2567 et
2402 2501 3062 2593 dispensati03e01=um
3098 2519 3316 2593 posset
3366 2529 3541 2575 com—

1981 2616 2149 2682 mitti
2184 2618 2515 2699 Ecclesiae,
2554 2641 2702 2686 cum
2735 2621 2792 2686 ei
2849 2622 3150 2709 nequiret
3197 2636 3530 2704 constare,

1982 2731 2037 2798 si
2067 2754 2138 2798 ea
2183 2733 2457 2802 fuissent
2518 2736 2863 2823 applicata,
2894 2737 3062 2825 ‘sive
3128 2759 3280 2820 non,
3336 2741 3391 2806 si
3434 2762 3534 2808 es·

1980 2862 2124 2916 sent
2155 2872 2348 2935 ‚mere
2376 2850 2649 2931 occulta,
2696 2852 2776 2918 de
2834 2855 3075 2942 quibus
3128 2857 3351 2945 nequit
3420 2856 3530 2925 illa

1971 2965 2295 3053 judicare.

2067 3084 2432 3151 Necessitas
2475 3086 2691 3173 itaque
2723 3087 3014 3155 materiae
3074 3088 3407 3156 sensibilis
3458 3089 3525 3155 in
3572 3096 3853 3223 reffiffiftffir

1976 3202 2310 3287 proposito
2342 3224 2424 3270 ex
2473 3204 2727 3271 duobus
2765 3206 2995 3272 oritur.
3063 3205 3356 3272 Primum
3415 3220 3514 3274 est
3592 3222 3832 3276 sensibile

1976 3317 2051 3382 ad
2090 3317 2616 3400 instructionem,
2694 3333 2764 3387 ut
2830 3333 3134 3408 assurgat
3194 3321 3419 3389 homo*
3441 3344 3524 3390 ex
3577 3296 3875 3399 snit-gupa-

1975 3431 2396 3498 sensibilibus
2427 3433 2505 3498 ad
2560 3432 3021 3520 intelligibilia,
3077 3447 3341 3522 propter
3371 3437 3524 3502 sub·
3566 3453 3570 3457 ·

1973 3548 2449 3615 ordinationem
2588 3549 2961 3617 intellectus
3059 3551 3139 3616 ad
3217 3573 3516 3634 sensum,

1975 3684 2089 3749 per
2117 3664 2292 3729 viam
2323 3665 2712 3731 deveniendi
2764 3665 2841 3731 ad
2894 3667 3365 3751 cognitionem.
3412 3672 3517 3735 Se-

1970 3781 2256 3847 cundum
2292 3793 2507 3848 autem
2550 3787 2649 3848 est
2680 3783 3186 3850 communicatio
3226 3785 3514 3852 exterior

1967 3898 2307 3986 religionis
2341 3899 2405 3964 in
2438 3912 2572 3965 toto
2605 3921 2880 3989 corpore
2927 3901 3243 3969 Ecclesiae
3284 3903 3515 3970 visibi-

1969 4011 2078 4093 lis,
2152 4037 2301 4103 quae
2367 4015 2592 4104 nequit
2660 4016 2825 4097 fieri,
2871 4018 2998 4084 nisi
3067 4017 3304 4085 mediis
3359 4040 3515 4086 sen-

1966 4131 2298 4198 sibilibus.

2054 4247 2336 4310 Primam
2377 4246 2871 4331 congruentiam
2910 4248 3202 4333 assignat
3269 4248 3508 4334 Diony-
3567 4319 3579 4330 ‚
3667 4262 3745 4311 Ad
3787 4323 3797 4334 ⁶

1963 4360 2102 4425 sius
2135 4382 2189 4425 ο.
2233 4364 2292 4426 1.
2355 4360 2437 4425 de
2472 4361 2736 4426 Coelesti
2776 4361 3209 4428 Hierarchia:
3286 4363 3508 4449 Neque
3563 4329 3863 4437 mss-gotio-

1961 4477 2140 4540 enim
2180 4476 2381 4540 aliter
2452 4477 2561 4559 sas
2619 4486 2762 4541 erac
2802 4478 3192 4559 infirmitati
3257 4490 3501 4544 nostroe
3540 4446 3833 4513 D¹⁰⁰5⁸¹¹¹⁸'

1960 4592 2264 4656 divinum
2333 4591 2550 4656 lucere
2606 4591 2895 4672 radium,
2972 4594 3109 4658 nisi
3154 4614 3500 4660 sacrorum

1959 4708 2284 4771 varietate
2323 4708 3001 4794 voluminnm‚quibus
3030 4708 3124 4775 ad
3154 4711 3506 4796 superiora

1953 4825 2310 4907 ser-remur,
2357 4835 2684 4908 opertum,
2726 4834 2785 4888 cc
2835 4825 2941 4890 his
2971 4846 3115 4911 quoe
3145 4825 3329 4891 nobis
3396 4827 3514 4908 fa-

1954 4941 2262 5005 miliaria
2298 4950 2449 5005 seme
2486 4941 2914 5027 providentia
2950 4955 3235 5029 paterna
3284 4953 3484 5008 natu-

1953 5078 2048 5122 rae
2087 5059 2475 5124 mortalium
2540 5080 2676 5124 sese
2704 5058 3237 5125 accommodante
3282 5061 3496 5125 vesti-

1955 5163 2112 5238 lum.
2153 5177 2232 5239 Et
2270 5175 2351 5239 de
2382 5175 2848 5240 Ecclesiastica
2879 5175 3222 5241 Hierarch.
3260 5196 3407 5262 cap.
3447 5179 3507 5240 1.

1964 5289 2343 5356 Visibz'libus
2374 5291 2401 5354 i
2412 5291 2785 5377 mayinibus
2829 5290 2920 5356 ad
2952 5290 3222 5356 divinas
3260 5292 3513 5359 intelli-

1948 5417 2229 5500 ρεηιίαε,
2292 5436 2417 5502 pro
2476 5417 2725 5481 virium
2825 5425 3209 5482 nostrarum
3277 5417 3490 5497 modO,

1948 5542 2467 5622 conscendimm,
2515 5553 2640 5609 etc.
2695 5544 2900 5617 Quam
2953 5542 3149 5610 etiam
3223 5564 3499 5634 congru·

3287 5656 3320 5708 8
