4255 6375
1358 400 1559 463 Dls'r.
1609 402 1705 467 lv.
1743 402 2103 479 QUAEs'rlo
2157 404 2258 471 ΙΙΙ.

299 546 557 614 hominis
625 554 987 623 Christiani.

3374 400 3495 467 405

1050 561 1302 640 {Nescio
1361 583 1490 645 qua
1567 567 1821 629 ratione
1933 568 2064 637 ter
2090 566 2433 640 renasci.
2468 568 2700 648 Item,
2732 566 3020 641 utvult
3045 566 3409 639 Isidorus
3454 589 3470 635 ε

297 664 453 728 idem
484 669 1053 754 modernushanc
1086 681 1515 758 quaestionem
1545 683 1824 746 reducat
1938 684 2067 758 Qui
2102 696 2304 750 natus
2350 685 2713 751 secundum
2769 686 2984 751 Adam
3015 706 3148 751 non
3198 697 3313 764 est,
3368 707 3477 750 re-

296 781 369 843 ad
443 784 711 848 virtutes

293 1017 471 1092 plane
519 1024 716 1093 tenet,
750 1023 1060 1102 negando
1103 1028 1445 1090 morales
1430 1045 1578 1107 per
1617 1047 1691 1093 se
1724 1034 1815 1093 in·

229 1129 453 1195 fusas
493 1136 560 1196 in
591 1138 647 1199 3.
698 1138 839 1200 dise.
875 1140 975 1204 36.
1012 1142 1210 1204 ethic
1241 1148 1493 1207 tantum
1527 1147 1817 1226 loquitur

191 1218 237 1297 ὲ
289 1251 363 1314 de
382 1255 833 1337 Theologici8‚
885 1262 954 1320 et
998 1264 1291 1337 quaestio,
1339 1271 1411 1324 ut
1453 1266 1812 1344 antiquitus

794 793 1077 853 morales
1162 795 1414 857 infusas
1523 801 1817 875 parvule,

297 905 587 979 tanquam
632 902 714 965 de
745 911 969 968 mente
1001 907 1197 982 Scoti,
1256 914 1367 990 qui
1418 915 1816 976 contrarium

1925 801 2118 866 nasci
2161 821 2283 886 per
2312 803 2731 887 Baptismum
2771 823 2906 868 non
2950 812 3192 889 potest.

2497 1045 2579 1101 SC
2590 1046 2902 1103 HOLIUM.

1996 1269 2224 1338 Rejicit
2252 1268 2606 1339 opinionem
2670 1266 2965 1324 Richardi
3008 1268 3473 1341 dicentis‚{jdeo

285 1376 443 1433 mota
496 1370 638 1436 fuit
701 1375 1136 1451 charitatem
1206 1378 1406 1443 fidem
1489 1387 1555 1443 et
1621 1400 1810 1461 spem
1923 1372 2261 1446 parvulum
2295 1389 2414 1431 non
2448 1374 2721 1446 possein
2753 1378 2930 1429 utero
2968 1372 3293 1445 baptizari,
3326 1379 3472 1446 quia

285 1491 606 1569 tangebat.

674 1755 1139 1838 QUAESTIO
1239 1761 1393 1830 ΙΙΙ.

279 1978 499 2045 Utrum
547 1985 870 2068 parvulus
919 1987 992 2052 in
1031 1992 1263 2054 ventre
1308 1993 1546 2057 matris
1593 1993 1804 2080 bapti-

809 2104 965 2167 zari
989 2106 1201 2189 possit
1222 2104 1255 2169 ἴ)

268 2363 438 2422 Alens.
465 2365 520 2421 4.
547 2373 701 2436 pare.
755 2373 942 2437 quaest.
993 2369 1075 2425 17.
1135 2389 1214 2426 m.
1277 2374 1334 2428 2.
1386 2376 1451 2430 D.
1507 2377 1798 2432 Bonavent.

330 2441 380 2492 d.
406 2441 457 2494 6.
482 2452 539 2504 p.
574 2440 629 2494 2.
662 2448 775 2495 art.
819 2439 869 2495 1.
903 2448 1094 2509 quaest.
1133 2444 1180 2499 1.
1217 2441 1468 2501 Richard.
1501 2448 1580 2501 ibi
1611 2453 1729 2502 art.
1752 2450 1804 2503 2.

328 2517 516 2578 quaest.
551 2512 601 2565 1.
637 2510 703 2568 D.
745 2510 933 2568 Thom.
974 2523 1162 2583 quaest.
1219 2518 1267 2571 1.
1312 2526 1424 2573 art.
1480 2519 1527 2575 1.
1573 2521 1803 2587 quaesti—

330 2583 625 2636 uni-,ulai
653 2584 1800 2655 et3.part.quaest.68.art.11.Sua·

329 2668 411 2708 rer.
441 2657 519 2708 ibi
556 2655 611 2707 d
644 2657 737 2710 27.
764 2662 886 2710 sect.
916 2658 971 2712 3.
1003 2660 1105 2727 qui
1131 2674 1323 2715 omnes
1361 2676 1494 2716 cum
1543 2663 1692 2717 Doce.
1751 2667 1800 2718 et

327 2727 622 2781 communi
659 2734 884 2797 usqam.
939 2730 1044 2785 Sed
1100 2733 1276 2801 Cajet.
1319 2734 1396 2786 ibt
1455 2739 1658 2788 temero
1717 2737 1798 2789 ait

326 2800 656 2927 paz-valum
681 2800 740 2852 in
778 2806 954 2867 utero,
1003 2818 1106 2872 per
1132 2807 1478 2872 Baptismun
1537 2809 1596 2860 in
1654 2811 1797 2874 vote,

330 2885 390 2925 sa
420 2885 549 2925 vara

345 3064 456 3136 Ad
539 3065 877 3140 tertium
949 3069 1065 3142 sic
1129 3069 1620 3162 proceditur,
1719 3077 1801 3147 et

183 3215 226 3266 1,
263 3181 640 3272 arguitur
693 3186 898 3276 quod
943 3186 1332 3279 parvulus
1413 3189 1491 3260 in
1564 3194 1798 3263 utero

266 3300 514 3387 possit
559 3300 982 3395 baptizari,
1049 3304 1234 3396 quia
1300 3282 1601 3377 donnus
1655 3305 1800 3379 Dei

264 3417 697 3507 perfectius
775 3422 925 3502 est,
1044 3442 1283 3512 quam
1377 3428 1796 3515 peccatum

259 3535 464 3618 Adae,
558 3539 645 3609 ut
723 3539 944 3629 p'atet
1017 3541 1197 3605 Rom.
1283 3543 1351 3612 5.
1409 3540 1796 3632 parvulus

258 3656 524 3724 autem
559 3651 637 3723 in
671 3655 906 3724 utero
944 3654 1236 3726 matris
1283 3659 1548 3746 potest
1583 3656 1798 3730 infici

259 3772 592 3857 peccato
652 3770 881 3850 Adae;
944 3789 1142 3861 ergo
1184 3775 1454 3863 potest
1518 3773 1796 3864 perfici

255 3882 453 3956 dono
513 3886 690 3967 Dei,
760 3891 838 3959 et
902 3887 1017 3960 sic
1083 3887 1448 3981 recipere
1509 3893 1797 3964 Sacra-

259 4008 616 4078 mentum
661 4005 1126 4098 perfectius.

343 4122 574 4203 Item,
666 4123 1058 4215 parvulus
1157 4123 1239 4197 in
1336 4128 1572 4197 utero
1666 4145 1796 4217 po-

257 4236 410 4308 test
484 4236 823 4310 liberari
905 4259 952 4311 a
1021 4240 1417 4315 servitute
1494 4245 1795 4333 tempo·

259 4351 440 4424 rali.
505 4353 739 4427 Patet
779 4374 875 4425 ex
933 4354 1572 4427 manumissione
1636 4376 1798 4427 ma-

257 4467 452 4549 tris;
528 4488 753 4561 erg0,
827 4474 978 4543 etc.
1064 4477 1333 4563 potest
1406 4490 1606 4563 ergo
1690 4471 1796 4544 ibi

256 4584 681 4679 baptizari.

169 4732 214 4782 3.
341 4705 548 4776 Item
583 4705 815 4776 Rom.
857 4709 964 4777 11.
1018 4725 1193 4797 cap.
1257 4710 1338 4774 Si
1387 4709 1595 4774 radim
1635 4730 1794 4774 san·

251 4831 349 4886 cca
378 4836 438 4888 ec
477 4825 675 4889 rami·
721 4821 988 4895 Mater
1031 4825 1314 4895 sancta
1372 4841 1792 4915 compara-

258 4936 746 5019 turarbori;
795 4957 1072 5010 ramus
1141 4942 1417 5012 autem
1491 4937 1794 5012 dicitur

258 5053 527 5142 proles
572 5052 650 5126 in
695 5057 972 5136 utero;
1009 5075 1236 5147 ergo,
1277 5061 1428 5129 etc.

341 5172 675 5254 Contra,
722 5175 784 5243 1.
824 5176 1009 5246 Cor.
1057 5175 1164 5246 15.
1203 5174 1367 5242 Non
1392 5176 1587 5261 prius
1616 5175 1791 5263 quod

150 5285 624 5374 ξῐῑ·ερί-νίιιιαὶε,
699 5292 816 5357 sed
919 5292 1094 5378 quod
1161 5292 1480 5371 animale,
1544 5291 1788 5359 deinde

250 5406 419 5490 quod
465 5408 818 5494 spirituale
840 5433 865 5488 ,·
906 5425 1106 5498 ergo
1163 5406 1388 5499 prius
1460 5410 1787 5499 oportet

252 5520 473 5594 nasci
504 5522 974 5607 carnaliter,
1040 5544 1281 5616 quam
1341 5522 1790 5618 spirituali-

168 4162 194 4211 Ν)

1920 1474 2055 1542 conj
2070 1476 2291 1528 unctus
2321 1477 2413 1528 est
2441 1486 2647 1528 causae
2678 1472 3247 1545 suaesscorruptionis
3282 1493 3297 1546 3
3327 1474 3474 1531 hinc

1919 1572 2088 1628 enim
2134 1575 2527 1642 sequeretur,
2587 1571 2749 1643 quod
2798 1587 2917 1630 non
2983 1577 3187 1643 posset
3244 1573 3474 1630 habere

1923 1669 2306 1740 Baptismum
2336 1667 2771 1741 flaminis‚„vel
2803 1670 3133 1741 sanguinis
3173 1672 3238 1726 in
3276 1676 3469 1741 utero,

1919 1766 2082 1838 quod
2158 1771 2251 1823 est
2314 1766 2568 1836 salsum,
2636 1773 2696 1825 et
2752 1772 2965 1825 contra
3050 1768 3348 1840 August?
3382 1771 3469 1827 17.

1915 1866 2100 1922 Civit.
2126 1868 2185 1922 7.
2218 1866 2366 1937 quia
2399 1867 2753 1938 Baptismus
2794 1868 3143 1940 sanguinis
3178 1867 3471 1925 omnibus

1916 1964 2106 2032 valet,
2141 1967 2208 2022 ut
2236 1968 2405 2022 tenet
2432 1967 2775 2022 communis
2804 1981 2946 2023 cum
2981 1968 3046 2023 D.
3077 1967 3291 2024 Thom.
3320 1969 3376 2023 2.
3410 1971 3466 2025 2.

1914 2077 1975 2134 q.
2012 2063 2136 2118 124.
2167 2066 2286 2119 art.
2326 2065 2374 2119 1.
2408 2068 2471 2119 et
2519 2063 2731 2135 quodi.
2768 2066 2822 2123 6.
2868 2069 2988 2123 art.
3040 2067 3113 2135 4.¹
3146 2069 3467 2137 etomnes

1915 2160 2020 2217 hic
2042 2166 2257 2219 contra
2278 2162 2661 2220 Armachan.
2684 2162 2789 2219 lib.
2809 2164 2863 2219 8.
2884 2162 2959 2220 de
2981 2169 3198 2235 quaest.
3222 2167 3308 2221 Ar
3321 2178 3463 2221 men

1912 2275 2049 2332 cap.
2079 2262 2169 2320 27.
2215 2265 2277 2318 et
2304 2259 2561 2317 Adrian.
2587 2264 2803 2333 quaest.
2841 2262 2950 2320 ult.
2969 2262 3048 2319 de
3072 2266 3244 2335 Bapt.

1999 2473 2324 2548 Dicitur
2371 2480 2471 2564 (a)
2525 2473 2728 2565 quod
2786 2491 2972 2555 non,
3026 2472 3213 2565 quia
3278 2492 3455 2565 par-

1908 2592 2149 2663 vulus
2194 2591 2272 2664 in
2330 2590 2620 2665 matris
2677 2594 2911 2665 ute1o
2972 2590 3481 2683 conjunctus

1914 2947 2286 3019 mundari
2321 2947 2507 3018 dum
2550 2946 3077 3038 conjunctum
3123 2949 3270 3018 est.

2000 3065 2332 3144 Contra,
2372 3062 2562 3154 quia
2602 3082 2796 3135 caro
2833 3062 3126 3135 matris
3162 3063 3240 3135 in
3276 3082 3459 3156 par·
3490 3112 3501 3122 -

1909 3179 2099 3252 vulo
2169 3201 2329 3253 non
2397 3186 2522 3255 est
2569 3200 2815 3254 causa
2865 3179 3452 3274 corruptionis,

1914 3295 2073 3368 nisi
2118 3295 2490 3378 mediata,
2543 3317 2739 3370 caro
2773 3301 3045 3371 autem
3081 3298 3255 3391 ipsa
3284 3318 3462 3391 par-

1908 3413 2072 3485 vuli
2107 3418 2233 3487 est
2265 3433 2514 3487 causa
2539 3413 3029 3499 immediata,
3064 3414 3460 3507 loquendo

1908 3532 2000 3604 de
2077 3532 2612 3625 corruptione
2676 3532 3060 3624 originali
3130 3534 3460 3622 (statim

1909 3646 2126 3720 enim
2170 3669 2349 3721 cum
2392 3649 2665 3721 anima
2706 3649 3028 3742 parvuli
3061 3649 3459 3724 informat

1909 3784 2241 3838 carnem
2303 3766 2505 3858 ejus,
2576 3765 2936 3839 inficitur
2994 3764 3134 3839 illa
3175 3787 3453 3841 corru-

1910 3881 2227 3974 ptione)
2282 3869 2829 3957 immediatius
2902 3903 3101 3974 ergo
3168 3889 3453 3959 causat

1907 4001 2525 4093 corruptionem
2623 4003 2868 4078 istam
2947 4002 3027 4076 in
3109 4001 3450 4096 parvulo

1907 4139 2102 4193 caro
2165 4141 2334 4200 sua,
2411 4141 2649 4213 quam
2721 4141 2915 4195 caro
2978 4121 3292 4204 matris.
3369 4122 3453 4197 Si

1905 4255 2106 4327 ergo
2161 4238 2428 4310 stante
2496 4237 3070 4330 conjunctione
3112 4237 3205 4309 ad
3263 4257 3452 4310 cau-

1909 4374 2084 4425 sam
2126 4354 2710 4447 corruptionis,
2753 4374 2911 4427 non
2957 4359 3225 4447 potest
3269 4375 3456 4448 pur-

1898 4467 2089 4559 'gari
2121 4488 2239 4546 ea,
2281 4490 2424 4563 per
2465 4473 2567 4553 te,
2608 4471 2979 4562 sequitur
3020 4471 3223 4562 quod
3275 4489 3455 4563 par-

1905 4587 2144 4658 vulus
2196 4586 2497 4660 habens
2565 4607 2896 4661 carnem
2966 4607 3198 4659 suam
3272 4607 3454 4681 pro-

1910 4704 2200 4795 priam,
2247 4725 2657 4798 nunquam
2717 4724 2763 4777 a
2804 4709 3137 4798 peccato
3200 4705 3450 4797 origi-

1906 4820 2072 4893 nali
2112 4825 2376 4915 potest
2414 4820 2780 4916 purgari,
2827 4821 3033 4913 quod
3075 4825 3200 4894 est
3269 4841 3452 4894 con-

1904 4945 2037 5013 tra
2076 4938 2336 5011 fidem.

1996 5057 2239 5137 Item,
2312 5056 2502 5130 licet
2564 5057 2954 5150 parvulus
3031 5056 3112 5129 in
3207 5061 3443 5131 utero

1906 5173 2197 5246 matris
2242 5174 2347 5247 sit
2389 5177 2873 5269 coniunctus
2927 5175 3175 5249 matri
3233 5174 3443 5248 loca-

1902 5290 2117 5374 liter,
2201 5296 2473 5365 tamen
2530 5298 2652 5368 est
2711 5295 3143 5369 distinctus
3202 5296 3300 5368 ab
3348 5316 3444 5368 ea

1903 5409 2475 5500 personaliter,
2523 5411 2710 5504 quia
2753 5411 2990 5486 habet
3018 5405 3236 5486 aliud
3267 5434 3442 5487 cor·

1901 5545 2074 5618 pus,
2127 5530 2206 5599 et
2240 5527 2488 5602 aliam
2526 5527 2929 5611 animam;
2984 5532 3118 5629 sed
3166 5531 3442 5610 distin-

3550 2667 3737 2716 Petrus

1910 2714 2034 2782 est
2097 2728 2363 2781 causae
2431 2730 2596 2781 suae
2646 2708 3247 2803 corruptionis;
3294 2710 3536 2783 taleae
3583 2729 3795 2781 rurant.

1913 2831 2187 2900 autem
2222 2829 2337 2901 sic
2372 2830 2923 2922 conjunctum,
2970 2847 3130 2899 non
3185 2792 3796 2923 potestgbpssobffi,

3512 2922 3764 2989 2..q1.
