4255 6375
57 628 215 742 m.

122 3300 147 3348 3

59 3338 299 3417 ielnrdmtc

86 3487 196 3538 vide

57 3546 237 3603 Joeham

71 3688 96 3735 q
132 3677 158 3724 4

67 3810 237 3861 quarti.

68 4716 152 4761 ext.
207 4717 280 4769 10.

66 5202 184 5256 Ratio
204 5209 252 5258 2.

1513 440 1688 509 ms'r
1746 435 2187 520 1.QUAEST10
2237 439 2342 507 Vl.

315 610 557 697 quaerit
586 634 744 700 ergo
776 633 857 679 an
890 612 967 678 de
1000 613 1287 700 potentia
1327 611 1620 678 absoluta
1659 607 1870 697 potuti

316 729 566 796 remitti
607 730 950 818 originale,
995 742 1106 798 aut
1145 731 1339 797 etiarn
1382 728 1462 795 de
1513 728 1680 795 facto
1723 745 1871 812 pos-

314 844 402 912 sit
447 846 594 913 sine
631 846 975 915 collatione
1024 847 1256 935 gratiae
1296 846 1535 912 infusae
1575 855 1638 912 et
1689 863 1874 909 sanc-

310 961 676 1031 tificantis?
716 968 900 1045 Item,
960 984 1041 1030 an
1083 963 1163 1031 de
1202 961 1494 1052 potentia
1537 959 1872 1029 ordinaria

311 1078 374 1144 id
418 1078 564 1145 fieri
599 1079 850 1168 possit‘?

402 1199 559 1263 llaec
610 1198 885 1284 quaestio
922 1197 1182 1265 diversa
1212 1211 1312 1265 est
1358 1197 1438 1264 ab
1479 1196 1611 1275 illa,
1676 1215 1870 1283 quam

313 1310 484 1377 infra
527 1324 758 1379 tractat
786 1313 941 1379 dist.
987 1317 1088 1380 15.
1127 1325 1190 1379 et
1227 1314 1384 1380 dist.
1424 1316 1530 1381 16.
1577 1324 1636 1378 ec
1676 1311 1866 1392 alibi,

310 1447 392 1493 an
421 1428 675 1495 scilicet
714 1431 920 1516 possit
954 1411 1232 1496 ⁶remitti
1293 1429 1480 1518 culpa
1522 1426 1867 1516 peccatori,

309 1541 458 1608 sine
503 1543 625 1610 alia
667 1543 731 1610 in
764 1566 840 1611 eo
872 1545 1417 1612 transmutatione
1447 1565 1563 1632 per
1596 1544 1870 1610 formam

310 1677 579 1724 novam.
627 1663 741 1726 Hic
777 1673 994 1728 autem
1028 1662 1267 1750 quaerit
1313 1661 1392 1728 de
1443 1672 1702 1748 peccato
1742 1660 1871 1726 ori-

308 1773 520 1860 ginali
580 1774 1032 1859 determinate,
1078 1799 1159 1845 an
1201 1779 1405 1866 possit
1457 1776 1536 1844 de
1585 1777 1871 1865 potentia

307 1889 636 1978 absoluta,
673 1894 775 1960 vel
808 1906 983 1961 certe
1012 1895 1361 1975 ordinaria,
1400 1894 1640 1962 remitti
1673 1914 1710 1959 a
1741 1896 1870 1957 Deo

309 2003 458 2071 sine
493 2005 824 2073 infusione
860 2009 1092 2095 gratiae
1122 2009 1613 2091 sanctificantiS‚
1644 2028 1870 2097 quam-

308 2120 412 2186 vis
447 2121 562 2189 illa
592 2124 893 2191 remissio
923 2136 1095 2192 esset
1136 2147 1251 2213 per
1284 2126 1677 2193 infusionem
1706 2125 1866 2192 alte-

307 2236 451 2305 rius
496 2238 747 2321 sormae,
783 2241 968 2309 verbi
1018 2242 1253 2331 gratia,
1294 2243 1552 2330 justitia
1581 2242 1869 2329 origina-

307 2352 414 2420 lis.

884 2599 1284 2658 SCHOLIUM.

378 2848 705 2904 Sententia
770 2861 1057 2905 asserens
1127 2864 1483 2922 repugnare
1540 2856 1871 2923 peccatum

306 2945 448 3002 tolli
479 2947 624 3003 sine
655 2948 879 3018 gratia,
936 2952 1205 3019 quatuor
1243 2949 1593 3007 rationibus
1643 2950 1875 3009 suade-

312 3048 441 3101 tur.

411 3275 824 3354 Quantum
884 3272 982 3362 (d)
1041 3274 1136 3347 ad
1190 3274 1568 3367 primum,
1613 3276 1879 3349 viden-

89 3425 130 3472 5,
165 3445 214 3493 q,
247 3430 294 3480 3,
325 3390 466 3461 tur
517 3387 768 3482 aliqui
819 3388 1112 3473 dicere,
1167 3392 1372 3482 quod
1421 3412 1608 3464 non.
1656 3395 1756 3466 Et
1808 3394 1878 3467 si

326 3505 694 3581 rationes
719 3506 1230 3589 concludunt,
1271 3508 1698 3581 videndum
1727 3516 1879 3585 est.

57 3608 300 3728 ²⁰4¹*ss
331 3624 615 3696 Prima
661 3626 786 3697 est
825 3622 1053 3695 talis:
1082 3643 1240 3695 non
1282 3628 1546 3716 potest
1586 3626 1676 3697 de
1714 3627 1880 3698 ani-

59 3735 129 3785 ἠ
161 3756 211 3812 ‘12
240 3741 289 3791 2·
323 3760 454 3813 ma
480 3744 905 3834 peccatum
944 3740 1389 3824 deleri,nisi
1418 3740 1508 3813 de
1540 3741 1881 3815 immun·

315 3858 411 3929 da
450 3858 597 3932 fiat
632 3859 923 3930 munda
970 3883 984 3941 ;
1032 3857 1164 3930 sed
1215 3857 1366 3930 hoc
1409 3879 1569 3930 non
1604 3862 1872 3952 potest

311 3971 487 4045 fieri
541 3974 698 4046 nisi
743 3994 887 4067 per
925 3973 1286 4066 aliquam
1330 3973 1868 4048 mutationem

306 4089 611 4165 factam
648 4092 724 4163 in
798 4090 1096 4164 anima.
1164 4091 1315 4163 Illa
1358 4095 1633 4165 autem
1701 4114 1868 4165 mu-

304 4207 514 4281 tatio
583 4207 745 4281 erit
803 4207 1272 4281 necessario
1338 4207 1433 4280 ad
1502 4207 1861 4300 aliquam

306 4322 657 4396 formam
735 4324 1176 4416 positivam
1265 4328 1858 4417 repugnantem

304 4440 585 4534 culpae,
629 4442 709 4512 et
752 4439 902 4513 hoc
964 4439 1454 4523 absolutam,
1520 4440 1709 4533 quia
1766 4440 1862 4511 ad

308 4556 791 4630 relationem
882 4575 1043 4627 non
1139 4557 1266 4629 est
1350 4559 1620 4630 motus
1710 4575 1858 4628 nec

309 4672 681 4747 mutatio.
724 4676 790 4746 5.
850 4676 1126 4761 physic.
1184 4671 1648 4766 hujusmodi
1689 4671 1856 4745 for-

311 4811 517 4863 mam
557 4791 1019 4863 absolutam
1065 4793 1654 4883 repugnantem
1697 4789 1860 4862 cul-

310 4908 539 4998 paein
594 4908 867 4979 anima
906 4907 1084 4980 dico
1171 4906 1575 4999 gratiam;
1629 4926 1854 4998 ergo,

309 5028 458 5097 etc.

393 5141 755 5215 Secunda
816 5138 1029 5212 ratio
1089 5139 1284 5212 talis
1326 5143 1502 5212 est:
1543 5140 1632 5211 In
1677 5160 1859 5232 pec-

308 5264 486 5333 cato
526 5257 1006 5332 deformitas
1049 5256 1499 5349 opponitur
1531 5257 1851 5349 gratiae,

308 5378 392 5448 ut
458 5373 817 5468 privatio
877 5371 1238 5456 habit‘ui;
1295 5373 1429 5446 sed
1499 5372 1855 5466 privatio

304 5511 461 5564 non
535 5495 808 5583 potest
886 5489 1066 5564 tolli
1133 5508 1181 5560 a
1258 5488 1621 5583 subjecto
1697 5489 1859 5562 nisi

304 5629 445 5704 per
501 5608 1026 5684 collationem
1069 5607 1396 5682 habitus
1428 5607 1794 5701 oppositi
1832 5633 1847 5690 ;

3408 427 3527 495 207

1981 622 2207 693 ergo,
2280 604 2431 676 etc.
2504 603 2605 674 Et
2682 598 2832 671 hoc
2901 603 3051 679 est,
3117 599 3320 692 quod
3382 600 3532 671 Au-

1982 720 2360 811 gustinus
2448 718 2752 810 arguit,
2846 717 3051 812 quod
3135 715 3373 809 culpa
3448 716 3526 787 et

1981 835 2256 925 gratia
2326 839 2872 929 opponuntur,
2929 834 3141 907 sicut
3195 830 3531 905 tenebra

1980 957 2060 1026 et
2091 953 2234 1025 lux
2277 953 2357 1026 in
2391 973 2606 1026 aere.

2073 1068 2352 1142 Tertia
2397 1068 2609 1144 ratio
2672 1095 2689 1141 ι
2752 1069 3007 1162 Culpa
3056 1089 3215 1142 non
3269 1067 3534 1162 potest
3587 1063 3740 1115 3⁸²³0
3792 1065 3846 1116 3·

1982 1192 2259 1294 deleri,
2359 1194 2516 1267 nisi
2596 1195 2942 1271 tollatur
3025 1192 3532 1268 deordinatio

1984 1317 2072 1386 ut
2140 1334 2300 1387 non
2355 1314 2805 1407 imputetur
2872 1313 2966 1386 ad
3028 1333 3388 1407 poenam;
3464 1308 3533 1382 si

1984 1433 2256 1502 autem
2322 1431 2827 1504 deordinatio
2889 1430 3064 1522 ejus
3136 1431 3528 1508 maneret,

1983 1545 2442 1618 necessario
2537 1546 3089 1640 imputaretur
3190 1546 3286 1618 ad
3383 1565 3535 1637 poe-

1981 1681 2194 1745 nam,
2242 1662 2431 1755 quia
2465 1662 2640 1757 ipsa
2685 1684 3018 1736 manens
3060 1683 3220 1735 non
3263 1664 3532 1755 potest

1983 1778 2228 1851 aliter
2271 1780 2658 1865 ordinari,
2725 1802 2964 1873 quam
3022 1800 3168 1874 per·
3221 1798 3533 1873 poenam

1983 1894 2374 1969 inflictam
2414 1922 2429 1980 ;
2466 1917 2666 1989 ergo
2726 1898 2964 1990 culpa
3029 1895 3328 1971 dimitti
3371 1915 3531 1970 non

1982 2017 2251 2104 potest
2311 2013 2467 2086 nisi
2535 2014 3043 2088 deordinatio
3122 2014 3297 2106 ejus
3378 2012 3534 2087 tol-

1981 2129 2246 2212 latur;
2288 2130 2426 2202 illa
2486 2135 2761 2204 autem
2811 2150 2972 2203 non
3004 2130 3330 2204 tollitur
3369 2129 3530 2203 nisi

1980 2268 2124 2342 per
2166 2247 2520 2339 gratiam
2559 2274 2574 2331 ;
2620 2267 2842 2340 ergo,
2887 2252 3039 2323 etc.

2066 2368 2404 2448 Quarto,
2453 2364 2521 2437 si
2593 2365 2833 2458 culpa
2897 2365 3370 2454 dimittitur,
3428 2366 3537 2438 di-

1975 2479 2167 2554 vina
2208 2481 2515 2554 offensa
2567 2482 3070 2565 remittitur3
3117 2503 3317 2575 ergo
3367 2504 3537 2576 pec-

1980 2601 2218 2672 cator·
2256 2601 2424 2672 Deo
2477 2600 3064 2674 reconciliatur
3108 2620 3350 2692 3ergo
3399 2620 3568 2706 per'

1981 2735 2478 2810 consequens
2511 2737 2558 2790 a
2588 2719 2757 2790 Deo
2800 2719 3323 2810 acceptatur;
3373 2717 3548 2789 nul-

1986 2831 2106 2904 lus
2177 2835 2448 2905 autem
2493 2853 2538 2904 a
2598 2835 2765 2906 Deo
2833 2837 3313 2927 acceptatur
3371 2832 3541 2906 sine

1984 2948 2284 3040 gratia,
2321 2967 2547 3040 ergo,
2593 2954 2745 3024 etc.
2815 2952 2913 3023 Et
2965 2951 3532 3032 confirmatur,

1991 3064 2177 3158 quia
2236 3063 2304 3137 si
2383 3086 2545 3140 non
2626 3072 2750 3142 est
2840 3067 3244 3151 inimicus,
3334 3086 3534 3160 ergo

1988 3200 2324 3254 amicus.

3593 2348 3747 2400 Ratio
3788 2349 3843 2402 4.

2428 3438 3086 3508 COMMENTARIUS.

2080 3689 2174 3776 (d)
2219 3690 2553 3766 Quantum
2579 3692 2672 3757 ad
2694 3694 3013 3778 primum,
3040 3707 3162 3761 etc.
3200 3697 3533 3764 Sententia
3583 3750 3651 3801 Se
3653 3688 3848 3802 13³³th

1993 3803 2299 3888 negativa
2330 3816 2427 3870 est
2457 3805 2762 3873 Richardi
2805 3809 2912 3873 hic
2950 3821 3082 3876 arc.
3119 3814 3178 3881 6.
3211 3814 3400 3900 cujus
3428 3833 3526 3880 ra·
3554 3828 3649 3925 130
3680 3813 3843 3925 8ξέἒὲ

1985 3917 2198 3986 tiones
2247 3934 2524 4006 quatuor
2567 3924 2867 4009 proponit
2943 3929 3196 4007 Doctor,
3233 3942 3297 3995 et
3363 3929 3528 3997 infra
3587 3936 3839 4009 Occhqgn.

1979 4035 2199 4102 solvit.
2273 4038 2580 4106 Eamdem
2648 4052 2870 4107 tenent
2925 4041 3057 4123 alii,
3123 4057 3191 4111 ut
3247 4046 3527 4114 Occham
3554 3998 3865 4118 D‚⁶‘{²},¹<¹,;„‚

1986 4151 2373 4226 Quodlibeco
2404 4158 2467 4220 5.
2495 4167 2719 4240 quoesc.
2764 4161 2827 4222 4.
2864 4156 3036 4224 Idem
3079 4159 3313 4227 docent
3341 4175 3526 4249 quot-

1976 4278 2136 4351 quot
2188 4279 2410 4335 tenent
2467 4285 2800 4356 peccatum
2846 4295 2971 4340 non
3035 4297 3226 4362 posse
3281 4280 3525 4348 remitti

1976 4402 2091 4468 per
2172 4404 2397 4469 puram
2472 4389 3014 4456 condonationem
3092 4394 3525 4463 extrinsecam

1974 4500 2109 4579 Dei,
2166 4512 2230 4567 et
2267 4522 2348 4567 ex
2379 4502 2502 4569 alia
2543 4516 2724 4590 parte
2747 4507 3070 4593 justitiam
3135 4512 3523 4601 originalem

1971 4615 2331 4683 consistere
2363 4618 2674 4705 primario
2705 4621 2772 4687 in
2803 4625 3014 4709 gratia
3046 4629 3518 4715 sanctificante,

1967 4752 2117 4820 quae
2157 4744 2256 4799 est
2311 4734 2634 4802 sententia
2667 4740 2740 4803 D.
2786 4741 3080 4823 Thomae,
3128 4755 3198 4811 ut
3256 4748 3519 4834 quidam

1969 4852 2228 4934 volunt,
2270 4855 2375 4921 vel
2425 4869 2601 4924 certe
2649 4858 2715 4924 in
2755 4861 2966 4947 gratia
3026 4864 3233 4933 fuisse
3267 4868 3515 4937 radica·

1968 4980 2126 5052 tam,
2164 4984 2390 5039 contra
2421 4996 2585 5062 quos
2624 4996 2756 5043 non
2793 4989 2892 5046 est
2941 4980 3296 5067 disputatio
3351 5007 3519 5072 prae·

1970 5106 2124 5153 sens
2173 5107 2246 5154 ex
2295 5088 2615 5171 instituto,
2669 5093 2783 5160 sed
2830 5106 3055 5163 contra
3094 5099 3512 5188 Richardum,

1969 5215 2040 5269 ut
2086 5224 2233 5270 mox
2262 5204 2722 5278 declarabitur.

2537 5376 2926 5439 SCHOLIUM
2936 5423 2951 5440 .

2037 5525 2358 5596 originale
2387 5533 2479 5586 est
2528 5532 2910 5592 remissibile
2956 5536 3033 5596 de
3091 5547 3365 5612 potentia
3407 5548 3516 5609 ab·

1966 5625 2170 5683 soluta
2198 5627 2334 5684 sine
2369 5629 2573 5698 gratia
2604 5631 2964 5706 intrinseca,
3006 5640 3156 5712 quia
3202 5648 3514 5711 rectitudo
