4255 6375
1426 322 1430 328 ’
1476 360 1674 423 msr.
1727 360 1823 422 vt
1874 360 2236 435 QUAEsT1o
2268 361 2343 423 x.
3406 357 3520 422 631

332 517 425 600 (f)
476 526 628 585 Sed
678 524 739 585 si
794 541 1074 599 quaeras,
1130 538 1334 600 quare
1391 538 1547 599 erqo
1596 525 1847 583 tantum
1959 520 2155 583 fusim
2201 539 2321 585 suo
2378 523 2523 586 loco
2582 540 2660 585 ex
2706 524 3037 602 Scriptura
3104 525 3169 584 et
3219 519 3514 582 Patribus

230 640 406 696 sunt
438 643 592 698 tres
637 638 1063 710 characteres,
1113 644 1242 701 etc.
1288 640 1648 700 Numerum
1688 638 1839 699 cha·
1961 638 2406 701 declarabitur
2481 639 2669 720 juxta
2757 641 3225 717 proprietatem
3326 634 3515 697 dictae

228 746 615 806 racterum
660 747 933 826 egregie
983 745 1248 827 colligit,
1312 751 1377 808 et
1436 746 1681 823 optime
1726 745 1845 805 de·
1958 756 2376 833 metaphorae.

233 859 480 921 clarat
518 878 604 924 ex
631 862 1082 941 proportione,
1134 879 1333 941 quam
1381 860 1583 922 habet
1632 864 1842 921 status

227 973 428 1053 legis
496 977 918 1056 Evangelicae
994 975 1077 1037 ad
1126 974 1418 1053 politiam
1458 975 1839 1046 humanam,

228 1091 307 1150 in
341 1107 506 1169 qua
553 1092 802 1172 gradus
850 1093 1180 1171 speciales
1230 1094 1578 1153 servantur
1619 1089 1839 1168 quoad

232 1205 679 1286 dignitatem
742 1211 810 1271 in
872 1208 1113 1272 familia
1164 1209 1503 1286 principie,
1559 1208 1841 1285 quinon

154 1379 156 1385 ,
234 1325 690 1386 conveniunt
736 1325 1064 1386 omnibus,
1133 1325 1386 1386 Primus
1438 1321 1688 1402 gradus
1742 1329 1843 1384 est

153 1434 166 1442 ’
231 1440 672 1503 universalis
741 1442 1064 1515 omnibuS,
1130 1442 1238 1521 qui
1308 1441 1715 1517 recipiuntur
1776 1439 1840 1499 in

164 1567 179 1579 ·
232 1555 637 1630 familiam;
671 1557 1034 1633 secundm,
1086 1558 1360 1629 militiae;
1412 1555 1663 1634 tertius,
1716 1555 1834 1612 mi-

232 1676 639 1740 nistrorum
689 1684 750 1739 et
807 1678 1354 1756 dispensatorum,
1409 1683 1663 1738 servata
1717 1674 1839 1734 hac

234 1790 1156 1870 proportionezssaptismus
1241 1795 1364 1864 est,
1446 1807 1569 1868 per
1637 1805 1835 1868 quem

240 1911 416 1986 quis
484 1908 809 1987 recipitur
865 1911 931 1970 in
983 1908 1334 1979 familiam:
1390 1906 1831 1979 Confirmatio,

230 2026 307 2086 in
368 2025 716 2099 militiam,
780 2025 956 2086 Ordo
1026 2024 1314 2101 disponit
1376 2023 1831 2098 ministerium,

232 2141 535 2219 reliqua
580 2143 1000 2203 Sacramenta
1064 2141 1436 2202 communia
1499 2143 1654 2200 sunt
1699 2156 1832 2200 om-

236 2256 464 2318 nibus
547 2256 631 2319 de
689 2254 955 2329 familia,
1029 2256 1134 2317 vel
1188 2272 1337 2319 esse
1393 2258 1686 2334 possunt.
1762 2256 1872 2324 ln,

2517 1032 2916 1088 SCHOLIUM.

2028 1291 2395 1347 Resolutive
2425 1294 2594 1346 tenet
2626 1293 2692 1344 ut
2721 1288 3062 1359 problema,
3083 1276 3509 1343 characterem

1955 1404 2088 1446 esse
2118 1390 2386 1443 sormam
2443 1386 2810 1452 absolutam,
2860 1383 2956 1440 vel
3004 1385 3367 1439 relationem
3407 1397 3510 1437 re-

1956 1488 2121 1542 alem
2163 1486 2599 1542 extrinsecam.
2635 1485 2721 1537 Ex
2769 1497 2890 1552 quo
2937 1486 3176 1538 constat
3227 1484 3406 1552 Vasq.
3449 1482 3509 1538 3.

1957 1599 2016 1654 p.
2050 1584 2110 1639 d.
2146 1585 2234 1639 34.
2271 1597 2406 1652 cap.
2441 1585 2492 1636 2.
2530 1581 2686 1636 salso
2714 1581 3088 1650 imposuisse
3120 1581 3310 1646 Scot0,
3344 1578 3506 1648 quod

1956 1681 2188 1737 dixerit
2246 1681 2673 1736 characterem
2734 1692 2869 1733 esse
2930 1676 3290 1732 relationem
3354 1676 3509 1729 rati-

1952 1779 2109 1833 oniS.
2163 1779 2413 1833 Constat
2471 1761 2661 1832 etiam
2719 1776 2875 1831 alios
2929 1787 3063 1829 csse
3119 1773 3507 1840 temerariOS,

1950 1878 2055 1947 qui
2121 1876 2197 1931 ob
2228 1875 2341 1931 hoc
2399 1876 2641 1931 Scotum
2677 1872 3054 1929 temeritatis
3084 1874 3298 1926 notant
3328 1888 3342 1940 ;
3382 1870 3507 1925 imo

1951 1989 2070 2030 non
2099 1978 2268 2030 tenet
2300 1987 2437 2028 esse
2469 1977 2820 2043 respectum
2851 1970 3108 2040 realem,
3156 1973 3223 2025 ut
3250 1969 3406 2024 salso
3444 1968 3501 2022 ei

1949 2074 2211 2143 imponit
2242 2073 2420 2128 Sotus
2445 2085 2664 2142 supra,
2718 2070 2826 2126 sed
2873 2073 3112 2125 tantum
3163 2068 3276 2125 hoc
3326 2081 3502 2138 posse

1947 2170 2220 2238 defendi,
2283 2169 2673 2242 probabilius
2747 2174 2957 2225 tamen
3015 2168 3160 2239 poni
3236 2167 3501 2223 formam

1947 2270 2318 2335 absolutam,
2353 2269 2440 2325 ita
2470 2269 2606 2338 ejus
2637 2266 2961 2338 discipuli,
2990 2265 3218 2322 Bassol.
3270 2264 3389 2320 hic.
3428 2279 3492 2334 q.

240 2374 479 2436 tribus
517 2375 952 2437 sacramentis
990 2374 1240 2454 gradus
1294 2374 1674 2436 initerabilis
1721 2390 1825 2435 re-

236 2490 531 2568 cipitur,
585 2491 699 2569 qui
755 2490 992 2553 dicitur
1038 2492 1396 2553 character.
1456 2494 1552 2553 De
1596 2492 1828 2568 prime,

234 2607 519 2686 gradus
580 2608 978 2686 receptionis
1033 2609 1102 2669 in
1158 2607 1470 2670 familiam
1528 2623 1651 2684 per
1704 2610 1823 2669 Ba·

238 2725 585 2802 ptismum
615 2742 698 2787 ex
744 2724 931 2787 dictis
975 2727 1130 2788 satis
1161 2726 1390 2805 liquet.

324 2843 435 2902 De
491 2840 793 2903 secundo
839 2841 1054 2921 gradu
1096 2843 1367 2919 militiae,
1428 2844 1597 2904 hanc
1651 2858 1825 2905 eam-

242 2956 414 3019 dem
464 2959 928 3034 metaphoram
957 2965 1223 3021 servant
1267 2960 1514 3032 PatreS,
1563 2959 1823 3022 Euche-

246 3069 394 3132 rius
463 3069 935 3149 Lugdunensis
978 3072 1202 3133 homil.
1279 3079 1345 3135 in
1410 3072 1517 3134 die
1578 3072 1824 3134 Pente-

243 3191 484 3249 costes
521 3206 538 3247 ε
589 3187 724 3259 Sic,
753 3187 989 3266 inquit,
1024 3190 1231 3265 eaeiyit
1276 3190 1590 3251 militaris
1637 3191 1820 3266 ord0‚

242 3312 314 3365 ut
358 3322 519 3366 cum
544 3308 907 3382 Imperator
951 3322 1414 3383 quemeumque
1440 3309 1506 3368 in
1537 3308 1817 3368 militum

239 3427 576 3497 receperit
602 3439 970 3496 numerum,
1017 3439 1142 3483 non
1205 3424 1421 3485 solum
1464 3427 1667 3500 siynet
1719 3441 1819 3484 re-

240 3541 539 3611 ceptum,
574 3538 687 3597 sed
712 3539 906 3597 etiam
938 3538 1146 3598 armis
1184 3539 1683 3614 competentibus
1731 3539 1820 3599 in-

235 3656 466 3712 struat
503 3656 984 3728 puynaturum,
1020 3655 1114 3713 ita
1143 3656 1209 3713 in
1264 3654 1588 3729 baptizato
1633 3655 1816 3715 bene-

239 3768 451 3829 dictio
484 3768 608 3827 itla
638 3769 909 3829 munitio
942 3774 1050 3829 est.
1086 3770 1338 3829 Dedisti
1367 3771 1700 3837 mititiam,
1734 3773 1820 3832 da

244 3885 317 3943 ei.
348 3887 742 3962 adjumenta
788 3885 1079 3960 militiae,·
1121 3890 1188 3948 et
1231 3886 1397 3947 infra
1435 3906 1448 3946 :
1487 3891 1555 3948 In
1601 3890 1813 3965 Bapti-

244 4017 389 4063 smo
447 4015 925 4079 reqeneramur
981 4006 1070 4065 ad
1128 4004 1351 4076 vitam,
1404 4008 1550 4080 post
1598 4006 1815 4078 Bapti-

243 4132 468 4178 smum
513 4117 987 4192 confirmamur
1014 4120 1103 4179 ad
1137 4135 1454 4195 puynam,
1502 4123 1569 4182 in
1598 4123 1815 4195 Bapti-

243 4248 386 4291 smo
419 4233 698 4304 alimur,
745 4239 888 4310 post
938 4236 1337 4311 Baptismum
1394 4238 1814 4307 roboramur,

250 4353 380 4410 etc.

328 4467 624 4546 Prosper
669 4469 737 4529 in
793 4466 908 4529 lib.
958 4469 1469 4543 Sententiarum,
1525 4473 1810 4531 sentent.

252 4583 396 4645 342.
448 4586 598 4647 Ideo
651 4584 1005 4646 chrismari
1046 4589 1222 4647 docet
1281 4585 1695 4655 Christianos,
1747 4591 1815 4644 ut

153 4757 158 4768 .
255 4702 416 4775 fiant
444 4702 794 4765 luctatores
840 4707 1065 4762 contra
1112 4702 1473 4764 diabolum.
1519 4701 1696 4764 Beda
1744 4706 1814 4765 in

254 4820 593 4881 psalmum
635 4817 736 4879 26.
783 4819 1098 4878 Dominus
1170 4817 1566 4879 illuminatio
1640 4835 1807 4882 mea.

258 4939 381 4995 etc.
436 4935 750 4997 Alcuinus
793 4935 871 4993 de
924 4934 1179 5008 officiis,
1248 4948 1390 5008 cap.
1444 4935 1538 4995 19.
1595 4935 1811 4995 Raba-

256 5061 381 5108 nus
424 5053 503 5112 de
531 5051 727 5111 instit.
766 5049 993 5109 Cleric.
1027 5048 1139 5108 lib.
1181 5049 1233 5107 1.
1282 5066 1334 5109 c.
1374 5050 1470 5110 30.
1522 5050 1625 5110 lvo
1659 5049 1808 5111 Car-

256 5168 550 5227 notensis
608 5182 800 5227 serm.
878 5171 954 5227 de
1011 5165 1393 5227 excellentia
1466 5183 1808 5229 sacrorum

261 5282 594 5355 ordinum,
630 5288 687 5343 et
726 5298 916 5342 serm.
965 5285 1040 5343 dc
1080 5284 1517 5344 convenientia
1560 5287 1712 5344 novi
1750 5290 1806 5345 et

254 5400 480 5462 veteris
514 5402 915 5471 Testamenti,
964 5399 1275 5477 Magister
1316 5401 1460 5461 dist.
1494 5403 1801 5477 sequenti,

259 5508 541 5574 Trident.
588 5531 670 5575 ss.
728 5514 788 5574 7.
851 5513 1199 5575 Florentin.
1252 5513 1504 5573 Tertius
1555 5511 1804 5592 gradus

1948 2370 2003 2426 3.
2036 2372 2312 2439 Mayron.
2349 2367 2408 2422 d.
2439 2370 2494 2422 7.
2523 2383 2576 2438 q.
2627 2367 2681 2424 5.
2724 2382 2778 2425 a.
2839 2367 2924 2422 10.
2958 2366 3220 2423 Rubion.
3251 2380 3309 2436 q.
3341 2366 3394 2420 2.
3441 2378 3496 2419 a.

1945 2471 2002 2523 2.
2032 2448 2336 2524 Vorillon.
2368 2470 2423 2522 d.
2456 2465 2512 2521 3.
2554 2481 2614 2536 q.
2645 2465 2701 2521 3.
2728 2465 2925 2522 concl.
2961 2467 3009 2520 1.

2060 2713 2137 2801 g)
2204 2710 2316 2782 Ad
2379 2708 2904 2801 quaestionem
2965 2711 3238 2800 potest
3304 2707 3485 2788 dici,

1943 2828 2149 2917 quod
2185 2828 2395 2900 sicut
2445 2847 2606 2899 non
2649 2830 2920 2919 potest
2967 2825 3303 2918 probari
3357 2826 3493 2897 ali-

1943 2963 2184 3035 quam
2228 2943 2580 3016 formam
2635 2943 2936 3014 realem
3000 2940 3363 3034 imprimi
3411 2942 3492 3013 in

1941 3062 2456 3155 susceptione
2488 3062 2918 3155 Baptismi‚
2957 3062 3204 3133 aliam
3234 3081 3281 3133 a
3314 3079 3494 3152 gra-

1940 3180 2055 3254 tia
2095 3184 2176 3254 et
2205 3179 2677 3260 virtutibus,
2728 3181 2806 3251 et
2851 3179 3002 3253 hoc
3043 3200 3300 3272 neque
3340 3199 3490 3271 per

1937 3298 2342 3371 rationem
2393 3297 2883 3375 naturalem,
2933 3317 3190 3389 neque
3244 3295 3491 3367 etiam

1935 3434 2080 3505 per
2143 3414 2549 3486 rationem
2606 3413 3055 3487 evidentem
3106 3434 3204 3485 ex
3237 3409 3486 3483 credi-

1932 3529 2042 3601 tis
2088 3529 2572 3613 manifestiS‚
2628 3529 2740 3601 ita
2791 3550 2949 3600 non
2999 3534 3266 3622 potest
3311 3550 3490 3624 pro-

1931 3645 2109 3717 bari
2170 3645 2764 3727 characterem,
2813 3646 2879 3717 si
2924 3652 3283 3739 ponatur
3333 3649 3490 3720 for-

1936 3782 2065 3833 ma
2101 3762 2376 3844 realis,
2413 3786 2590 3836 esse
2624 3764 2978 3837 formam
3027 3765 3484 3840 absolutam

1934 3877 2237 3949 realem
2300 3879 2426 3950 vel
2492 3880 3060 3970 respecsstivam‚
3128 3881 3314 3973 quia
3407 3904 3485 3951 u-

1936 3999 2312 4087 trumque
2373 3995 2676 4066 salvari
2722 3998 3018 4087 potest,
3077 3998 3280 4090 quod
3351 3998 3482 4080 sit,

1932 4110 2244 4184 scilicet
2342 4110 2609 4182 forma
2699 4113 3181 4205 respectiva,
3278 4116 3484 4189 sicut

1923 4227 2097 4319 jam
2136 4231 2551 4300 ostensum
2584 4233 2734 4308 est,
2773 4229 2897 4300 vel
2934 4231 3136 4320 quod
3185 4230 3288 4302 sit
3324 4229 3486 4302 for·-

1932 4364 2063 4415 ma
2136 4343 2384 4416 realis
2450 4344 2853 4418 absoluta.
2938 4346 3018 4418 Si
3098 4350 3478 4439 ponatur,

1927 4480 2087 4531 non
2148 4463 2418 4552 potest
2500 4459 2914 4535 evidenter
2984 4462 3478 4556 improbari;

1930 4577 2291 4666 quiedam
2361 4575 2575 4648 enim
2619 4580 2808 4652 sunt
2872 4578 3072 4651 satis
3132 4578 3486 4652 rationa-

1926 4690 2207 4765 biliter
2264 4694 2765 4766 concedenda
2823 4695 2914 4766 de
2965 4693 3475 4776 charactere.

1929 4809 1997 4880 si
2066 4812 2422 4901 ponatur
2489 4830 2691 4891 esse,
2774 4814 3057 4902 utpote
3144 4813 3347 4903 quod
3389 4827 3483 4881 esc

1924 4932 2147 5013 forma
2205 4930 2586 5014 spiritualis
2653 4932 2970 5015 impressa
3023 4954 3063 4995 a
3141 4932 3276 4997 Deo
3342 4933 3478 4997 cui·

1924 5064 2198 5131 cumque
2270 5048 2666 5133 suscipienti
2755 5050 3260 5115 Sacramentum
3341 5070 3476 5116 non

1919 5410 2050 5462 am
2111 5391 2334 5464 illius
2378 5397 2884 5470 Sacramenti
2923 5401 3046 5478 ;et
3107 5397 3312 5488 quod
3363 5399 3469 5470 di-

1923 5513 2215 5598 sponat
2276 5511 2372 5586 ad
2433 5532 2640 5594 eam,
2707 5514 2913 5588 sicut
2963 5514 3464 5590 declaratum

3646 2740 3723 2791 13.

3509 5006 3797 5071 Descriptio
3806 5043 3820 5067 ‚

3649 5075 3701 5118 et.

1921 5161 2247 5226 itm-abile.
2318 5162 2412 5232 Et
2509 5162 2714 5252 quod
2775 5183 2874 5233 ex
2953 5162 3468 5238 institutione
3498 5131 3826 5245 ρῖἶοέἔᾶῗὲ.

1894 5274 2189 5376 ‘divina
2245 5276 2693 5353 efficaciter
2753 5279 3153 5370 significat
3214 5280 3467 5369 grati-
