4255 6375
643 2677 717 2728 16.

567 2740 790 2803 Uterque

588 2802 763 2850 modus

569 2867 628 2913 ba
636 2865 782 2913 betur

639 2942 703 2974 ex

867 385 986 447 290

864 552 1193 613 taceretur
1231 566 1507 630 persona
1550 550 1845 622 ministri,
1890 565 1977 612 ne
2034 550 2405 626 Baptismus

857 665 925 725 in
962 667 1226 729 nomine
1257 669 1404 747 ejus
1460 668 1798 730 videretur
1842 665 2002 737 dari,
2036 672 2102 727 et
2145 665 2407 728 haeresis

855 796 1008 841 mox
1050 783 1469 862 subsequens
1497 786 1563 846 in
1594 783 1885 854 Oriente,
1951 800 2095 862 quae
2148 783 2406 860 Baptis-

854 910 1038 956 mum
1109 914 1189 958 ex
1275 901 1524 962 meritis
1624 899 1898 961 ministri
1981 897 2403 970 metiebatur,

857 1012 1157 1075 eamdem
1202 1030 1468 1078 causam
1523 1016 2058 1078 subministravit.
2106 1015 2198 1075 Ex
2255 1013 2400 1092 qui·

853 1128 978 1189 bus
1023 1131 1205 1207 patet
1237 1131 1565 1208 Vasquem
1607 1147 1741 1192 non
1802 1134 1981 1193 recte
2037 1130 2105 1194 id
2161 1132 2230 1192 in
2280 1128 2406 1191 du-

857 1242 1038 1305 bium
1079 1261 1416 1319 revocare,
1458 1262 1678 1325 neque
1749 1247 1949 1319 bene,
1993 1251 2060 1307 et
2117 1245 2202 1307 ad
2245 1262 2400 1308 sen·

859 1376 1005 1421 sum
1100 1363 1441 1441 Augustini
1519 1363 1936 1440 explicuisse,
2014 1379 2160 1442 quae
2246 1363 2406 1425 dixit

859 1484 1142 1540 tractatu
1166 1480 1227 1539 5.
1272 1480 1341 1539 in
1393 1483 1731 1551 loannem,
1777 1485 1850 1540 ut
1906 1484 2085 1555 patet
2135 1495 2216 1540 ex
2273 1480 2398 1541 alio

863 1596 1008 1676 ejus
1036 1596 1184 1657 loco
1225 1595 1352 1674 jam
1401 1595 1620 1656 citato,
1685 1595 1875 1671 Quod
1933 1601 2156 1657 autem
2213 1596 2409 1660 suerit

856 1710 1176 1774 aemulatio
1211 1718 1277 1773 et
1320 1711 1498 1773 zelus
1529 1712 2010 1774 Corinthiorum
2056 1715 2227 1775 circa
2263 1732 2406 1776 ma-

859 1827 1120 1905 gistrOS,
1153 1843 1380 1889 verum
1414 1833 1555 1900 est;
1589 1828 1708 1889 sed
1751 1844 1881 1889 non
1913 1828 2129 1890 solum
2170 1830 2233 1891 in
2281 1830 2406 1891 hoe

860 1943 1245 2004 terminatus
1300 1942 1420 2004 fuit
1491 1959 1693 2017 error,
1761 1946 1870 2021 qui
1945 1944 2027 2006 de
2074 1946 2404 2023 Baptismo

858 2062 1144 2131 emersit,
1194 2074 1393 2136 quem
1449 2058 1688 2119 Paulus
1776 2057 2096 2130 confutat,
2162 2064 2407 2139 gratias

856 2188 1066 2252 agens
1122 2190 1194 2236 se
1281 2190 1527 2251 paucos
1597 2173 2020 2253 baptizasse;
2095 2182 2169 2239 ut
2254 2178 2414 2255 quid

857 2291 1033 2352 enim
1080 2294 1254 2353 tanta
1300 2290 1657 2354 dissereret
1703 2292 1787 2353 de
1843 2293 2174 2371 Baptismo
2249 2294 2408 2357 Pau-

859 2406 985 2480 lus,
1035 2408 1159 2470 nisi
1191 2423 1388 2471 causa
1427 2409 1793 2472 subesset?

943 2528 1230 2606 Uterque
1299 2525 1532 2589 modus
1589 2537 1805 2588 actum
1877 2527 2232 2590 ablutionis
2291 2546 2404 2591 ex·

863 2643 1187 2721 primentii
1230 2646 1510 2708 habetur
1539 2662 1620 2707 ex
1651 2647 2003 2725 Scriptura,
2036 2650 2138 2711 vel
2170 2653 2404 2723 active,

859 2764 932 2819 ut
1002 2759 1249 2820 faciunt
1322 2760 1553 2833 Latini,
1625 2777 1705 2821 ex
1764 2762 2036 2824 Matthaei
2107 2764 2335 2828 ultimo
2387 2783 2399 2823 ε

865 2880 1267 2953 Baptizantes
1304 2897 1407 2942 eos
1451 2882 1516 2941 in
1569 2880 1823 2943 nomine
1880 2883 2093 2944 Patris
2121 2888 2179 2944 et
2230 2885 2397 2955 Filii,

537 2992 823 3053 Scriptura.
860 2995 986 3055 etc.
1034 2992 1141 3054 ubi
1189 2993 1463 3056 traditur
1499 2994 1706 3057 forma
1780 2997 2113 3074 Baptismi,
2175 3002 2248 3059 ut
2290 2998 2401 3059 Pa·

489 4699 534 4748 Ι)
549 4736 562 4749 .
615 4701 802 4756 Thom.

541 4762 749 4814 Doctor.

487 4822 795 4880 RicharduS.

859 3114 989 3171 tres
1036 3109 1320 3187 docent;
1368 3113 1472 3173 vel
1547 3115 1743 3175 etiam
1790 3113 2068 3192 passive,
2114 3120 2189 3175 ut
2239 3116 2400 3176 Mat-

854 3221 995 3285 thaei
1039 3225 1098 3287 3.
1172 3228 1342 3288 Venit
1382 3232 1587 3301 lesus,
1648 3232 1775 3288 etc.
1820 3232 1889 3288 ut
1927 3229 2394 3305 baptizaretur,

844 3346 960 3404 etc.
990 3347 1120 3420 qu
1144 3359 1187 3403 a
1213 3349 1272 3404 te
1299 3344 1495 3406 debeo
1520 3346 1877 3422 baptizari,·
1906 3354 1973 3408 et
2000 3349 2310 3409 Actorum
2334 3349 2396 3412 2.

838 3460 1214 3532 Baptizetur
1240 3461 1680 3538 unusquisque
1708 3469 1988 3524 vestrum
2027 3465 2094 3523 in
2133 3463 2395 3525 nomine

832 3576 983 3635 lesu
1054 3575 1293 3636 Christi
1343 3577 1412 3638 in
1470 3579 1912 3639 remissionem
1969 3584 2393 3656 peccatorum

833 3697 1214 3765 vestrorum,
1265 3696 1394 3755 etc.
1439 3695 1514 3755 Et
1540 3700 1894 3772 utrumque
1925 3694 2200 3756 modum
2244 3714 2394 3774 pro·

833 3807 1090 3874 ferendi
1120 3813 1446 3890 approbat
1478 3813 1946 3886 Florentinum,
1993 3817 2135 3876 sive
2208 3813 2390 3876 dica-

834 3934 934 3990 tur
963 3931 1326 4007 baptizatur
1367 3933 1506 3993 sive
1551 3933 1940 4010 baptizetur.

920 4044 1237 4109 Caeterum
1280 4047 1456 4125 apud
1489 4048 1769 4123 GraecOS,
1822 4055 1894 4110 ut
1940 4046 2145 4111 refert
2185 4050 2387 4110 Arcu-

839 4173 1007 4248 diuS,
1053 4174 1477 4238 indicativum
1530 4190 1655 4235 seu
1699 4173 2181 4235 enuntiativum
2208 4188 2381 4235 -Ver-

836 4303 995 4364 bum
1027 4304 1127 4363 est
1171 4301 1235 4362 in
1270 4316 1415 4373 usu,
1463 4303 1538 4361 ut
1566 4300 1942 4375 baptizatur
1987 4312 2236 4371 servus,
2292 4295 2393 4359 vel

837 4442 1024 4489 serva
1054 4429 1194 4500 Dei,
1236 4434 1365 4488 etc.
1415 4425 1701 4486 Verbum
1737 4426 1959 4485 autem
2002 4425 2388 4500 baptizetur,

838 4552 1108 4632 quidam
1149 4552 1534 4630 imperative
1567 4550 1816 4613 dictum
1849 4551 2384 4628 interpretantur,

839 4678 1109 4756 quidam
1177 4675 1622 4754 deprecative.
1706 4675 1995 4737 Primum
2069 4673 2266 4737 docet
2311 4675 2385 4735 D.

830 4807 1132 4879 Thomas,
1180 4803 1551 4866 secundum
1611 4808 1830 4865 autem
1878 4806 2107 4864 noster
2148 4803 2390 4863 Doctor

830 4930 959 5002 hic,
1007 4928 1365 4991 lticliardus
1396 4932 1521 4988 art.
1553 4928 1617 4988 2.
1652 4931 1777 4987 art.
1823 4928 1882 4987 3.
1932 4927 2023 4986 ad
2052 4927 2113 4987 9.
2149 4932 2213 4987 et
2255 4924 2385 4995 alii,

823 5059 976 5118 licet
1025 5059 1262 5116 neuter
1333 5051 1579 5114 modus
1639 5053 1724 5113 sit
1760 5048 2132 5111 secundum
2190 5065 2387 5110 usum

817 5181 1038 5246 formae
1123 5180 1519 5249 Graecorum,
1616 5192 1761 5255 quae
1819 5179 1922 5236 est
1975 5174 2384 5248 indicativa;

809 5313 1091 5384 uterque
1125 5301 1364 5365 sufficit
1417 5299 1502 5362 ad
1532 5301 1885 5364 veritatem
1932 5298 2267 5377 Baptismi,
2318 5303 2386 5359 et

810 5431 1147 5493 secundus
1193 5429 1428 5492 modus
1485 5431 1697 5507 magis
1753 5427 2078 5506 congruit,
2124 5427 2385 5485 retenta

810 5559 1085 5633 ratione,
1143 5557 1254 5619 ob.
1287 5572 1487 5636 quam
1547 5553 1747 5616 Graeci
1798 5568 1931 5615 non
1994 5545 2387 5629 exprimunt

1984 387 2132 449 [ΑΒ.
2161 386 2263 449 IV.
2314 384 2912 450 SENTENTIARUM

2519 565 2873 627 personam
2913 549 3214 624 ministri,
3286 563 3374 610 ne
3409 545 3653 611 scilicet
3705 547 3770 608 in
3812 544 3973 621 seipso

2518 665 2856 746 glorietur,
2910 670 3022 729 aut
3064 669 3435 744 Baptismus
3465 664 3544 725 ab
3572 665 3711 743 ipso
3736 661 3976 722 virtutem

2518 782 2715 843 ullam
2767 784 2981 846 sortiri
3020 783 3443 862 intelligatur,
3476 786 3776 858 tanquam
3812 793 3843 836 a
3876 793 3980 837 eau-

2518 917 2593 960 sa
2659 900 3019 978 principali,
3106 899 3261 977 quia
3330 899 3746 976 imperativus
3804 892 3982 954 modus

2521 1013 2824 1096 designat
2877 1017 3339 1105 auctoritatem
3390 1014 3693 1085 ministri;
3739 1011 4008 1088 depicta·

2523 1133 2688 1193 tivus
2730 1137 2955 1194 autem
2986 1148 3118 1194 non
3157 1134 3268 1205 ita,
3299 1130 3422 1193 sed
3461 1129 3675 1210 magis
3702 1128 3981 1190 auctorita·

2520 1252 2654 1309 tem
2700 1264 2908 1309 causae
2955 1247 3355 1328 principalis,
3404 1263 3445 1308 a
3491 1263 3624 1325 qua
3682 1245 3981 1306 Sacramen—
4025 1278 4076 1335 ,Ι

2521 1369 2657 1425 tum
2685 1364 2888 1427 habet
2927 1379 3109 1426 suam
3153 1360 3538 1434 efficaciam,
3566 1361 3723 1421 licet
3771 1358 3985 1418 ministe-
4016 1341 4076 1455 ’ᾖ

2515 1480 2758 1542 rialiter
2794 1480 2876 1542 sit
2919 1496 2959 1541 a
3015 1476 3425 1542 conferente.
3482 1476 3828 1555 Imperium
3849 1476 3980 1536 etiam
4034 1460 4076 1535 Ἰ

2516 1597 2654 1658 sive
2720 1594 3039 1676 dirigatur
3106 1593 3192 1656 ad
3263 1593 3577 1657 effectum
3634 1540 4076 1689 sacramenia]

2518 1713 2649 1774 sive
2703 1712 2786 1774 ad
2833 1727 3181 1790 personam
3225 1711 3525 1780 ministri,
3560 1726 3698 1770 non
3745 1713 3863 1769 tam
3884 1724 3985 1785 pro·

2518 1828 2682 1904 prie,
2744 1828 2890 1907 quia
2962 1843 3183 1907 neque
3232 1827 3354 1890 sibi
3413 1828 3683 1906 proprie
3753 1824 3879 1902 quis
3916 1825 3987 1884 im·

2516 1953 2724 2023 perat,
2772 1962 2996 2025 neque
3027 1945 3329 2018 effectus,
3362 1944 3474 2023 qui
3520 1950 3627 2005 est
3656 1959 3695 2003 a
3724 1959 3898 2004 causa
3929 1958 3989 2002 su·

2519 2062 2801 2140 periore,
2835 2060 3009 2125 cadit
3053 2061 3317 2140 proprie
3384 2061 3510 2122 sub
3560 2061 3893 2138 imperium
3931 2061 3984 2119 in·

2514 2176 2792 2249 ferioriS,
2850 2181 3132 2242 maxime
3194 2174 3458 2255 quando
3519 2189 3659 2238 non
3732 2173 3987 2239 fundatur.

2515 2297 2580 2356 in
2650 2300 2978 2373 potestate
3026 2292 3504 2375 jurisdictionis
3552 2293 3988 2357 communicate,

2515 2413 2682 2473 sicut
2753 2412 3033 2473 effectus
3088 2410 3513 2489 poenitentiae,
3569 2412 3687 2488 qui
3717 2407 3988 2485 procedita

2514 2533 2840 2605 potestate
2885 2528 3183 2589 clavium.
3227 2524 3358 2588 Sed
3390 2525 3721 2604 quidquid
3751 2524 3846 2600 sit,
3878 2528 3988 2585 ute-

2516 2661 2646 2722 que
2715 2643 2956 2705 modus
3002 2641 3326 2723 significat
3349 2642 3765 2704 ablutionem
3799 2643 3859 2702 in
3878 2640 3985 2718 fieri,

2518 2758 2694 2838 quod
2737 2756 2972 2820 sufficit
3041 2766 3108 2820 et
3152 2757 3503 2835 requiritur
3534 2755 3623 2817 ad
3690 2772 3889 2818 verum
3919 2755 3989 2814 Ba·

2516 2877 2850 2952 ptismum,
2914 2877 3022 2953 qui
3098 2873 3395 2936 consistit
3450 2873 3517 2933 in
3575 2888 3735 2947 usu,
3782 2877 3842 2933 et
3890 2868 3985 2930 ideo

2512 2992 2720 3054 forma
2753 3009 2882 3070 qua
2925 2995 3200 3053 utuntur
3254 3004 3427 3051 nunc
3458 2988 3749 3052 Chaldaei
3778 3004 3881 3065 per
3908 3001 3994 3045 ver-

2513 3109 2670 3169 bum
2705 3108 3009 3184 praeteriti
3039 3106 3402 3181 baptizatus
3456 3111 3571 3178 est,
3607 3104 3869 3166 invalida
3894 3116 3993 3161 cen-

2513 3230 2719 3297 setur,
2801 3229 3119 3303 quantum
3200 3221 3285 3283 ad
3337 3221 3635 3300 rigorem
3693 3221 3984 3284 verborum

2512 3342 2636 3402 nisi
2674 3341 3081 3417 praeteritum
3128 3355 3245 3415 pro
3293 3336 3593 3414 praesenti
3636 3334 3813 3415 apud
3871 3333 3979 3410 ipsa

2509 3449 2577 3508 in
2618 3464 2746 3509 usu
2786 3448 2893 3509 sit.

4024 969 4047 1015 V

3077 3639 3488 3698 SCHOLIUM.

2579 3794 2723 3850 llaec
2770 3793 2980 3851 littera
3026 3797 3301 3850 tractans
3331 3791 3407 3849 de
3438 3793 3650 3850 torma
3691 3790 3991 3849 necessaria.

2505 3892 2872 3948 necessitate
2921 3892 3330 3958 sacramenti,
3380 3891 3679 3947 continet
3708 3891 3916 3962 aliquot
3935 3883 3995 3940 di·

2505 3994 2622 4045 cta.
2700 3987 3001 4053 Primum,
3080 3989 3368 4043 minister
3471 3993 3535 4044 et
3602 3989 3671 4058 ly
3743 4002 3840 4054 eyo
3919 3997 3995 4038 non

2506 4086 2860 4142 necessario
2923 4087 3382 4157 exprimuntur.
3445 4085 3826 4150 Secundum,
3875 4085 3994 4136 actus

2503 4184 2564 4237 et
2593 4184 2944 4254 suspiciens
3012 4184 3365 4239 necessario
3401 4184 3860 4254 exprimuntur.
3889 4181 3994 4233 Ter-

2503 4280 2683 4347 tium,
2733 4280 2933 4352 quoad
2985 4282 3386 4338 mutationem
3426 4281 3795 4339 substantiae
3822 4275 3987 4333 verho-

2502 4392 2662 4444 rum,
2696 4379 2747 4434 si
2779 4383 3050 4451 ponatur
3077 4377 3250 4435 aliud
3280 4378 3569 4445 verbum,
3606 4378 3775 4436 idem
3806 4374 3988 4432 eadem·

2500 4490 2620 4546 que
2653 4477 2893 4533 ratione
2923 4474 3306 4546 significans,
3347 4474 3556 4532 valide
3588 4475 3680 4533 fit.
3738 4476 3987 4543 Quartum,

2502 4587 2621 4628 nou
2684 4575 3033 4644 Baptismus
3089 4572 3269 4630 datus
3307 4574 3371 4629 in
3426 4574 3683 4630 nomine
3734 4569 3986 4641 genitoris.

2501 4674 2618 4726 etc.
2661 4685 2773 4726 nec
2823 4672 3169 4729 Trinitatis,
3226 4672 3544 4740 Quintum,
3597 4670 3913 4742 baptizatus
3939 4664 3980 4718 in

2501 4767 2751 4822 nomine
2783 4767 3037 4835 Christi,
3070 4766 3291 4824 dubius
3322 4773 3413 4825 est
3441 4767 3517 4823 de
3545 4781 3662 4823 suo
3713 4766 3986 4837 Baptistae}

2499 4867 2648 4922 olim
2700 4871 2905 4922 tamen
2956 4866 3140 4923 licuit
3185 4867 3275 4923 sic
3323 4866 3667 4938 baptizare,
3715 4881 3787 4923 ex
3823 4860 3979 4920 Ambr-

2497 4962 2761 5020 adducto
2791 4979 2824 5019 a
2859 4965 3153 5033 Magistro
3182 4965 3322 5036 hic;
3352 4971 3413 5024 et
3440 4966 3763 5037 colligitur
3789 4979 3854 5020 ex
3878 4963 3979 5016 Act-

2499 5077 2548 5117 c.
2576 5064 2627 5117 8.
2662 5062 2746 5116 10.
2782 5064 2841 5116 et
2870 5061 2957 5117 19.
2994 5061 3098 5118 ubi
3130 5066 3222 5118 est
3264 5065 3493 5121 mentio
3520 5063 3599 5120 de
3641 5056 3977 5135 Baptismoin

2499 5160 2751 5215 nomine
2807 5161 2951 5214 Jesu
3010 5160 3261 5227 Christi,
3319 5162 3455 5216 sine
3523 5162 3655 5218 ulla
3717 5153 3972 5215 Triniutis

2495 5258 2915 5327 expressione,
2968 5259 3051 5314 ita
3102 5261 3264 5327 May.
3315 5259 3430 5315 liic.
3488 5261 3680 5316 Alens.
3710 5260 3760 5314 4.
3788 5272 3838 5328 p.
3878 5249 3979 5323 ΨΒ·

2500 5369 2579 5409 m.
2607 5356 2660 5410 3.
2694 5357 2805 5411 art.
2834 5354 2890 5411 3.
2924 5355 2993 5412 D.
3027 5356 3238 5412 Thom.
3270 5356 3323 5413 3.
3351 5370 3411 5427 p.
3443 5370 3499 5428 q.
3524 5357 3616 5412 66.
3643 5359 3753 5412 art.
3779 5354 3827 5407 6.
3858 5345 3916 5405 ad
3949 5343 3979 5394 ί·

2495 5455 2616 5508 Alb.
2648 5451 2768 5509 hic.
2820 5458 2934 5510 art.
2984 5457 3036 5510 2.
3094 5458 3422 5509 Bonaoent.
3470 5469 3527 5526 p.
3559 5455 3622 5510 ί..
3678 5447 3973 5517 ιτιὶᾳλ·

2497 5554 2791 5611 Richard.
2844 5556 2960 5610 art.
3007 5555 3063 5610 2.
3097 5568 3157 5625 q.
3196 5554 3250 5612 3.
3283 5551 3363 5610 ad
3401 5554 3488 5610 10.
3529 5567 3676 5611 eum
3708 5554 3863 5608 Scato
3898 5541 3970 5598 hic
