4255 6375
1512 439 1519 448 '
1564 430 1761 497 DIS'P.
1806 430 1854 495 1.
1901 429 2265 510 QUAEs'rio
2330 429 2380 495 1.

2018 604 2224 669 atura,
2293 595 2576 660 dubitari
2634 594 2826 658 solet.
2886 592 3193 659 Rationes
3251 607 3573 672 quorum-

2019 715 2173 779 dam
2218 715 2387 777 circa
2433 714 2845 794 praecedens,
2890 729 3026 776 non
3080 713 3294 775 solum
3339 711 3575 775 tollunt
3675 750 3759 798 A„
3795 748 3857 795 de

520 596 793 659 Prodici
813 609 899 658 ex
924 597 1066 673 ipso
1093 598 1406 675 germine,
1447 600 1621 675 quod
1655 599 1910 676 peperi,

356 714 487 773 etc.

435 827 784 892 Conclusio
843 832 1147 909 praedicta
1207 835 1506 896 Doctoris
1585 838 1687 895 est
1730 849 1910 896 com-

355 945 578 1007 munis
622 948 933 1019 omnium,
971 954 1288 1027 quantum
1333 950 1418 1013 ad
1467 953 1777 1014 meritum
1818 950 1911 1029 ip-

358 1065 497 1124 sius
544 1062 775 1126 Christi
806 1066 873 1127 in
916 1065 974 1127 3.
1008 1067 1154 1128 dt‘st.
1186 1069 1247 1129 2.
1283 1071 1341 1129 et
1388 1069 1446 1129 3.
1474 1073 1656 1145 parc.
1692 1073 1910 1146 quaest.

358 1179 420 1239 2.
468 1183 600 1238 art.
669 1180 761 1241 ll.
823 1183 926 1241 est
968 1182 1313 1262 Augustini
1363 1184 1431 1244 in
1473 1183 1584 1245 lib.
1633 1184 1712 1245 de
1750 1187 1916 1247 dono

356 1309 606 1368 persev.
639 1312 782 1372 cap.
835 1299 890 1358 l.
934 1299 1015 1359 de
1043 1306 1317 1376 corrept.
1370 1306 1426 1361 et
1471 1304 1715 1378 qratia.
1769 1319 1914 1378 cap.

364 1409 461 1472 ll.
507 1408 826 1474 Videatur
880 1414 958 1475 de
998 1416 1165 1478 dono
1188 1431 1441 1491 persev.
1488 1435 1628 1494 cap.
1686 1417 1917 1479 ultimo

360 1524 477 1587 lib.
521 1527 585 1587 2.
619 1528 698 1588 de
735 1534 1057 1603 peccator.
1094 1531 1341 1591 meritis
1370 1535 1427 1591 et
1472 1532 1720 1594 remiss.
1770 1549 1920 1608 cap.

364 1644 459 1722 17„
496 1644 611 1705 lib.
655 1646 745 1707 13.
782 1647 860 1706 de
905 1649 1131 1709 Trinic.
1188 1665 1333 1725 cap.
1386 1649 1705 1711 17.serm.
1757 1651 1817 1713 9.
1852 1651 1926 1711 in

364 1759 614 1834 Evany.
650 1762 869 1821 Manli.
902 1777 1095 1822 serm.
1148 1762 1207 1824 8.
1242 1765 1322 1824 de
1348 1765 1557 1825 verbis
1597 1767 1804 1839 apost.
1856 1766 1926 1825 in

366 1876 745 1938 enchiridio
787 1894 928 1954 cap.
962 1876 1052 1940 38.
1089 1884 1144 1938 ec
1176 1896 1317 1956 cap.
1354 1881 1454 1942 40.
1488 1881 1702 1958 Aliqui
1751 1898 1920 1943 con-

365 1991 646 2053 trarium
722 1991 960 2055 docent
1021 2011 1168 2057 esse
1227 2002 1453 2058 contra
1507 1994 1737 2073 fidem,
1815 1997 1922 2060 alii

366 2123 521 2168 esse
568 2124 886 2171 errorem.
933 2113 1336 2189 Augustinus
1365 2130 1507 2189 cap.
1549 2116 1644 2176 11.
1678 2117 1757 2176 de
1787 2130 1927 2175 cor·

366 2229 537 2301 repe.
586 2231 646 2286 ec
686 2228 923 2302 qratia,
958 2229 1271 2307 supponit
1315 2245 1464 2291 esse
1506 2228 1664 2291 fidei
1693 2230 1926 2292 verita-

373 2344 535 2416 tem,
600 2341 781 2421 quod
823 2345 1237 2406 verissimum
1295 2352 1478 2424 puto,
1537 2348 1820 2409 maxime
1876 2347 1930 2410 si

371 2461 733 2537 loquamur
762 2459 845 2521 de
875 2462 1106 2524 merito
1152 2463 1617 2526 antecedente.

137 2581 285 2691 ngia
454 2580 711 2640 Asserit
753 2584 1075 2655 praeterea
1126 2582 1387 2656 Doctor,
1439 2581 1658 2643 Patres
1706 2583 1927 2655 etiam,

104 2705 304 2754 assertio.
372 2709 449 2753 ac
505 2696 575 2755 B.
625 2694 960 2774 Virginem
1016 2712 1148 2758 non
1198 2701 1520 2761 meruisse
1578 2699 1930 2761 incarnati·

372 2825 603 2885 onem,
679 2811 799 2872 nisi
886 2810 1053 2876 forte
1125 2814 1270 2892 eJus
1349 2813 1926 2888 accelerationem,

373 2931 701 3004 quantum
766 2925 850 2988 ad
917 2929 1225 2991 meritum
1297 2927 1381 2991 de
1429 2929 1784 3011 condigno,
1862 2931 1932 2995 id

374 3041 624 3103 docent
679 3058 934 3117 omneS,
981 3046 1135 3122 quia
1197 3049 1429 3109 merita
1474 3046 1734 3109 Patrum
1795 3065 1928 3110 non

344 3165 531 3221 sunt
590 3156 889 3222 ordinata
945 3158 1030 3221 ad
1074 3160 1257 3224 illum
1301 3162 1635 3226 effectum.
1681 3165 1926 3227 Secun-

376 3274 483 3348 do,
538 3278 695 3354 quia
736 3277 877 3353 ipsa
924 3281 991 3339 et
1035 3281 1248 3341 omnis
1284 3280 1493 3358 gratia
1550 3298 1780 3343 eorum
1811 3279 1933 3344 fuit

377 3407 460 3453 ex
508 3393 990 3467 incarnatione,
1041 3396 1355 3473 tanquam
1398 3394 1619 3458 radice
1672 3416 1685 3457 τ
1737 3399 1933 3459 Prin·

375 3509 625 3584 cipium
655 3514 871 3570 autem
901 3513 1121 3572 meriti
1145 3527 1270 3572 non
1312 3514 1484 3574 cadit
1530 3514 1646 3574 sub
1676 3515 1929 3575 merito.

124 3624 299 3673 Nullum
374 3624 620 3695 Tertio,
687 3626 903 3688 nullus
962 3634 1252 3690 meretur
1319 3629 1592 3708 gratiam
1652 3632 1934 3708 primam

112 3697 317 3797 mergam
378 3742 504 3805 sibi
567 3740 652 3803 de
708 3740 906 3816 facto,
967 3759 1186 3822 neque
1231 3745 1491 3816 auxilia,
1545 3762 1766 3825 neque
1812 3746 1931 3809 do-

81 3815 352 3950 μῖᾙζῗζξθ
382 3873 547 3920 num
578 3861 1120 3934 perseverantiaez
1155 3860 1371 3922 minus
1422 3876 1581 3940 ergo
1635 3863 1933 3926 lncarna·

98 3936 361 4052 Ῑῦῗζζω
388 3974 661 4047 tionem,
700 3988 782 4035 ex
811 3991 939 4053 qua
967 3974 1074 4036 illa
1102 3975 1497 4040 redundant.
1548 3979 1790 4052 Quarto
1823 3979 1934 4042 de-

383 4088 616 4167 nique,
663 4092 814 4168 quia
844 4090 987 4168 ipse
1014 4092 1136 4153 sihi
1164 4091 1453 4155 Christus
1485 4093 1568 4155 de
1599 4091 1769 4156 facto
1802 4111 1935 4158 non

381 4206 625 4267 meruit
702 4207 1246 4270 incarnationem.
1314 4209 1577 4284 Quint0,
1638 4213 1792 4290 quia
1847 4228 1926 4274 ex

379 4319 551 4398 ipSO,
601 4325 917 4400 tanquam
973 4325 1209 4400 capite,
1255 4326 1475 4387 omnia
1519 4335 1826 4390 emanant
1866 4328 1934 4389 in

377 4437 711 4516 reliquos;
750 4455 910 4519 ergo
942 4440 1199 4515 saltem,
1232 4444 1305 4502 ut
1336 4443 1579 4505 Doctor
1609 4443 1674 4504 in
1719 4449 1926 4516 textu,

381 4555 848 4631 praeordinatio
899 4558 1128 4635 capitis
1172 4560 1504 4636 praecessit
1551 4576 1749 4622 omne
1790 4577 1935 4623 me-

379 4669 578 4730 ritum
611 4672 949 4745 praevisum
977 4673 1044 4734 in
1089 4673 1249 4737 aliis.
1299 4675 1556 4745 Ultimo,
1607 4676 1931 4739 ordinatio

362 4783 618 4848 ¹Christi
648 4786 1106 4866 Redemptoris
1147 4787 1321 4853 facta
1368 4788 1491 4852 fuit
1536 4791 1715 4853 nullo
1762 4808 1936 4870 prae-

385 4903 523 4963 viso
580 4906 812 4966 merito
858 4910 1006 4980 post
1052 4907 1335 4982 lapsum,
1392 4911 1506 4967 aut
1565 4910 1930 4985 capacitate

383 5017 685 5079 merendi
716 5019 799 5080 ob
847 5025 1213 5098 peccatum,
1249 5027 1323 5083 ut
1355 5020 1440 5084 de
1471 5020 1592 5083 fide
1629 5029 1881 5085 constat
1916 5040 1930 5083 :

389 5132 516 5200 Qui
556 5140 826 5209 propter
882 5150 996 5194 nos
1047 5135 1361 5210 homines,
1411 5142 1769 5213 eapropter
1812 5154 1933 5198 no-

384 5250 591 5307 stram
614 5247 891 5310 salutem
918 5252 1235 5313 descendit
1266 5254 1342 5313 de
1385 5254 1581 5325 omlis,
1615 5260 1673 5317 et
1704 5257 1932 5316 incar-

348 5367 574 5421 -naeus
613 5369 700 5422 est
727 5365 805 5424 de
849 5365 1107 5438 Spiritu
1133 5371 1375 5440 sancte,
1414 5373 1542 5430 etc.

464 5479 561 5539 An
603 5480 888 5557 potuerit
915 5486 1140 5543 autem
1176 5481 1257 5543 de
1290 5486 1579 5561 potentia
1630 5485 1928 5550 absoluta

370 5589 531 5657 ,dari
560 5599 856 5660 meritum
906 5599 1379 5662 incarnationis
1464 5601 1529 5662 in
1561 5616 1723 5679 pura
1774 5617 1927 5663 cre-

82 825 304 878 ouclusio.

3455 414 3590 493 '253

3714 621 3800 674 21.

3641 681 3723 734 Du
3734 685 3895 735 bium.

2022 838 2260 906 actum,
2317 831 2440 895 sed
2497 838 2564 895 et
2607 833 3000 910 potentiam,
3048 829 3339 909 ideoque
3398 845 3572 890 com·
3659 808 3884 878 90220212

3641 871 3872 925 absoluta

2024 951 2311 1011 muniter
2339 951 2641 1011 asserunt
2685 946 2767 1008 de
2808 946 3101 1025 possibili
3135 942 3404 1024 quidem
3441 941 3579 1004 dari
3606 932 3925 1065 Ριρεὲῑὲξὲξω

2023 1077 2159 1125 non
2190 1077 2385 1139 posse
2417 1062 2718 1125 meritum
2767 1060 2851 1123 de
2899 1060 3233 1139 condigno
3280 1061 3580 1121 incarna-
3634 1057 3899 1188 Sgggtggttia

2027 1180 2220 1241 tionis
2276 1176 2341 1238 in
2398 1193 2562 1255 pura
2621 1183 2945 1240 creatura.
3010 1179 3102 1240 Ita
3160 1178 3459 1255 vasquez
3516 1178 3580 1236 3.

2023 1301 2199 1373 part.
2265 1296 2428 1370 disp.
2484 1296 2585 1357 22.
2634 1312 2777 1373 cap.
2850 1297 2902 1357 l.
2971 1295 3212 1356 Suarez
3269 1296 3434 1371 disp.
3487 1294 3582 1355 10.

2026 1421 2172 1478 sect.
2232 1418 2289 1478 5.
2341 1434 2423 1480 ex
2466 1416 2650 1494 parte
2704 1411 3084 1485 concordat,
3144 1426 3395 1489 nempe
3453 1426 3585 1472 non

2029 1549 2229 1610 posse
2291 1531 2431 1595 dari
2473 1533 2781 1594 meritum
2840 1547 2918 1592 ex
2967 1534 3103 1590 toto
3153 1525 3586 1605 condignum,

2032 1648 2316 1710 Cabrera
2367 1650 2512 1711 dist.
2555 1648 2620 1708 4.
2673 1650 2742 1708 in
2791 1652 2915 1708 art.
2970 1646 3069 1708 ll.
3116 1644 3481 1721 quaestionis
3524 1643 3586 1701 2.

2034 1770 2109 1827 D.
2148 1766 2399 1826 Thomas
2437 1767 2498 1826 3.
2521 1764 2757 1839 partis,
2807 1763 3007 1823 Lorca
3039 1760 3183 1821 dist.
3233 1762 3334 1821 21.
3394 1758 3593 1820 Favet

2034 1880 2197 1940 ratio
2242 1880 2318 1940 D.
2351 1879 2638 1950 Thomae,
2672 1893 2909 1956 nempe
2941 1874 3240 1938 meritum
3297 1872 3380 1934 de
3424 1889 3590 1935 con-

2040 1996 2241 2075 digno
2303 2011 2449 2057 esse
2495 1995 2747 2074 aequale
2814 1969 3100 2071 praemio,
3148 1992 3590 2054 incarnationi

2037 2112 2198 2174 nihil
2230 2128 2377 2174 esse
2405 2112 2656 2190 aequale
2702 2112 2766 2171 in
2798 2126 2961 2188 pura
2994 2115 3313 2172 creatura.
3370 2108 3594 2169 Altera

2040 2231 2203 2290 ratio
2289 2234 2388 2290 est
2480 2244 2561 2289 ex
2656 2228 3007 2308 hypothesi
3093 2226 3589 2300 incarnationi8‚

2041 2350 2239 2423 prout
2282 2350 2383 2407 est
2439 2345 2524 2407 de
2571 2344 2741 2408 facto
2799 2343 2987 2407 radix
3057 2345 3268 2405 omnis
3332 2343 3630 2416 meriti2‘

2039 2460 2431 2537 principium
2462 2464 2683 2523 autem
2741 2460 2952 2523 meriti
3031 2474 3164 2520 non
3229 2458 3404 2520 cadit
3459 2457 3581 2518 sub

2039 2577 2301 2651 merit0,
2376 2575 2499 2638 sed
2525 2578 2924 2656 supponitur
2980 2576 3158 2638 sicut
3237 2592 3442 2636 causa
3501 2573 3590 2636 ad

2043 2693 2380 2755 effectum.

3641 2782 3922 2837 Affirmati-

2122 2808 2532 2871 Contrarium
2575 2807 2769 2871 docet
2820 2805 3077 2868 Medina
3136 2807 3200 2867 in
3245 2803 3589 2883 praefatum
3729 2864 3816 2898 va.

2040 2925 2391 2989 articulum
2450 2925 2524 2987 D.
2583 2925 2874 2994 Thomae,
2947 2926 3188 2986 Suarez
3266 2925 3462 2985 etiarn
3521 2925 3587 2984 in
3666 2909 3896 3026 {¹3¹¹}ae-

2042 3044 2230 3118 parte.
2288 3039 2566 3112 accedit,
2616 3044 2684 3101 et
2736 3039 2949 3100 solum
2995 3038 3229 3100 asserit
3284 3040 3590 3100 meritum

2042 3153 2206 3218 illud
2249 3171 2421 3233 purae
2479 3159 2794 3218 creaturae
2852 3151 3137 3217 deficere
3184 3170 3220 3217 a
3281 3170 3592 3218 mensura

2041 3286 2163 3332 seu
2251 3272 2564 3333 totalitate
2638 3269 3125 3351 condignitatiS,
3222 3271 3374 3349 quia
3457 3288 3592 3333 non
3643 3270 3650 3277 ’

2045 3390 2222 3447 esset
2277 3388 2558 3465 aequale,
2607 3403 2750 3465 quae
2794 3393 2893 3449 est
2948 3392 3110 3451 ratio
3166 3391 3243 3451 D.
3309 3390 3592 3453 Thomae.

2045 3506 2196 3566 Haec
2241 3507 2568 3569 sententia
2602 3507 2810 3587 magis
2861 3512 2962 3571 est
3001 3510 3365 3572 secundum
3418 3512 3597 3589 prin-

2046 3622 2211 3698 cipia
2244 3623 2564 3695 DoctoriS,
2597 3622 2749 3684 licet
2780 3624 2846 3683 in
2878 3626 3094 3701 reipsa
3125 3623 3281 3686 nihil
3335 3623 3593 3685 differat
3703 3671 3868 3737 Magis

2045 3736 2130 3799 de
2175 3738 2513 3814 praemissa
2578 3741 2947 3817 quaestione
3006 3741 3073 3801 in
3133 3741 3384 3818 specie,
3443 3740 3596 3819 quia
3649 3734 3922 3849 cssffiffiiiss

2046 3850 2299 3930 ubique
2358 3853 2443 3915 ad
2501 3855 2804 3915 meritum
2878 3852 2960 3916 de
3035 3853 3363 3934 condigno
3441 3856 3604 3919 nihil

2047 3967 2251 4047 exigit
2325 3974 2560 4047 praeter
2622 3973 2867 4031 statum
2938 3986 3251 4047 personae,
3319 3976 3386 4033 et
3447 3988 3603 4048 pro-

2049 4083 2433 4147 missionem
2487 4086 2630 4157 Dei,
2696 4103 2846 4147 cum
2917 4084 3295 4148 conditione
3356 4091 3599 4164 operis,

2046 4200 2124 4261 Et
2175 4200 2371 4265 docet
2419 4201 2730 4281 principia
2793 4203 3113 4265 contraria
3166 4202 3597 4267 fundamento

2048 4316 2269 4391 primae
2373 4323 2719 4381 sententiae
2808 4320 2876 4381 in
2968 4321 3027 4381 3.
3127 4322 3271 4381 dist.
3361 4321 3460 4381 20.
3561 4319 3600 4397 S

2050 4436 2313 4505 Contra,
2420 4435 2532 4495 ubi
2634 4439 2836 4513 negat
2933 4435 3132 4496 vitam
3244 4434 3595 4497 humanam

2046 4550 2275 4612 Christi
2325 4548 2530 4612 fuisse
2583 4551 2832 4613 honum
2899 4549 3245 4626 infinitum,
3309 4556 3377 4613 et
3421 4550 3599 4614 idem

2047 4672 2253 4748 negat
2327 4666 2410 4728 de
2468 4668 2807 4746 operibus,
2885 4672 2953 4729 et
3003 4668 3042 4748 g
3097 4671 3164 4730 In
3218 4669 3344 4729 isca
3414 4685 3604 4745 quae-

2043 4788 2244 4847 stione
2272 4792 2328 4847 et
2357 4787 2766 4863 responsione
2794 4789 2884 4849 ad
2908 4788 2967 4847 2.
3018 4791 3353 4869 comparat
3382 4784 3591 4847 infini-
3679 4835 3684 4839 .

2048 4905 2247 4963 tatem
2278 4905 2464 4964 actus
2496 4916 2578 4962 ex
2608 4901 2869 4982 objecto
2916 4906 2984 4963 et
3023 4900 3153 4964 fine
3194 4901 3280 4964 ad
3309 4901 3600 4964 infinita-

2052 5020 2208 5091 tem,
2261 5033 2412 5096 quae
2459 5017 2700 5080 dicitur
2744 5019 2997 5096 peccati
3029 5037 3044 5089 ;
3082 5024 3139 5079 et
3186 5020 3597 5095 responsione

2049 5136 2140 5195 ad
2183 5133 2235 5195 1.
2286 5133 2482 5196 docet
2521 5135 2576 5198 si
2623 5135 2917 5197 Christus
2964 5133 3336 5198 secundum
3393 5138 3595 5213 porti-

2045 5265 2245 5311 onem
2304 5254 2557 5312 tantum
2608 5250 2980 5315 inferiorem
3029 5251 3367 5323 meruerit,
3419 5265 3591 5327 prae-

2042 5367 2248 5428 mium
2291 5368 2600 5430 collatum
2638 5366 2841 5431 fuisse
2900 5366 3235 5431 excedens
3297 5368 3600 5431 meritum

2044 5486 2215 5565 ejus,
2275 5504 2517 5566 nempe
2576 5486 2978 5567 perfectione
3025 5487 3372 5567 specifica,
3438 5489 3641 5569 quia·

2043 5605 2301 5677 spectat
2341 5601 2426 5665 ad
2468 5605 2845 5681 portionem
2892 5606 3345 5685 superiorem3
3394 5607 3450 5668 si
3479 5621 3602 5669 au-
