4255 6375
1428 423 1629 487 DlS'l'.
1663 424 1711 486 1.
1744 416 2100 497 QUAESTlo
2124 416 2227 480 111.

289 590 523 673 tum,
574 606 771 679 ergo
823 587 1061 670 aliud,
1130 590 1209 660 et
1265 582 1519 659 aliud3
1572 576 1760 672 quia
1809 574 1878 649 si

287 705 940 777 Sacramentum
990 703 1193 793 legis
1229 700 1535 795 prioris
1572 716 1882 770 reman-

288 812 561 886 sisset
642 816 1011 904 tempore
1077 810 1278 901 legis
1363 804 1877 901 posterioriS,

284 949 474 1002 non
507 928 799 1002 fuisset
833 928 1048 1000 aliud
1098 925 1567 999 institutum
1605 943 1753 1017 pro
1779 921 1883 992 le-

284 1064 398 1135 ge
473 1042 950 1138 posteriori;
1020 1044 1153 1115 sed
1199 1060 1698 1133 consequens
1759 1041 1884 1111 est

288 1160 914 1240 inconveniens,
948 1160 1136 1252 quia
1157 1180 1316 1231 vox
1352 1155 1598 1230 semel
1632 1154 1738 1226 im
1755 1173 1883 1246 po·

291 1278 478 1353 sita
520 1279 617 1351 ad
677 1276 1324 1368 significandum,
1363 1292 1684 1365 semper
1715 1289 1884 1341 ma-

291 1398 452 1467 net
553 1393 1103 1486 significativa
1184 1392 1594 1484 ejusdem;
1682 1406 1883 1477 ergo

306 1510 586 1585 multo
638 1510 897 1601 magis
949 1509 1270 1601 signum
1315 1506 1562 1580 semel
1613 1525 1661 1578 a
1715 1505 1882 1576 Deo

305 1627 805 1721 impositum
872 1646 1196 1719 semper
1249 1626 1520 1697 manet
1587 1618 1884 1713 signifi-

307 1748 606 1818 catum
650 1744 1034 1837 ejusdem.

413 1865 750 1943 Contra,
796 1857 1299 1951 Augustinus
1358 1861 1650 1929 contra
1685 1855 1883 1925 Fau-

313 1981 548 2051 stum
575 1980 684 2051 19.
717 1981 790 2045 ln
815 1980 1073 2046 nullum
1095 1999 1334 2044 nomen
1364 1976 1717 2063 reliyionis
1738 1995 1877 2039 coa·

321 2098 570 2184 qula-ri
633 2108 910 2184 possunt
939 2098 1258 2174 homines,
1324 2096 1462 2160 nisi
1504 2093 1886 2178 aliquorum

308 2215 672 2301 siqnorum
693 2214 865 2277 velut
899 2213 1487 2278 Sacramentorum
1517 2206 1885 2274 visibilium

327 2331 676 2395 consortio
707 2329 1131 2416 colliqentur.

123 1894 180 1942 ,io

122 1960 268 2011 msit.

904 2526 1310 2582 SCHOLIUM.

391 2705 755 2762 Necessitas
787 2703 1176 2761 sacramenti
1209 2701 1462 2774 probari
1498 2717 1619 2758 non
1655 2706 1881 2774 potest3

314 2797 692 2867 congruitas
723 2800 786 2852 et
819 2796 1057 2852 utilitas
1090 2795 1226 2865 ejus
1256 2808 1367 2865 per
1399 2794 1706 2850 rationem
1739 2809 1885 2850 con-

319 2892 480 2957 stat;
516 2884 680 2941 illud
716 2887 1074 2939 institutum
1105 2898 1259 2949 esse,
1292 2896 1405 2953 per
1445 2883 1883 2938 auctoritatem

321 2980 577 3037 tantum
600 2973 886 3032 babetur.

426 3151 585 3224 Hic
675 3151 1028 3242 quatuor
1106 3146 1206 3236 (a)
1268 3150 1456 3220 sunt
1522 3145 1882 3219 videnda.

123 3300 170 3348 2.
330 3269 649 3344 Primo,
682 3264 887 3357 quod
913 3266 1531 3338 Sacramentum
1567 3263 1778 3356 aliqu
1802 3263 1890 3336 od

324 3382 491 3455 fuit
526 3379 1141 3453 instituendum.
1181 3378 1569 3460 Secunde,
1616 3397 1662 3448 a
1701 3399 1791 3468 qu
1818 3399 1882 3460 ο,

329 3499 527 3592 quia
563 3497 1025 3569 immediate
1068 3516 1114 3567 a
1167 3496 1368 3568 Deo.
1424 3494 1728 3577 Tertio,
1784 3516 1889 3566 an

331 3636 490 3708 pro
566 3617 933 3705 tempore
985 3612 1566 3704 cujuscumque
1619 3614 1888 3684 status

329 3733 490 3804 viae
529 3734 710 3822 post
745 3729 1093 3821 lapsum.
1143 3731 1481 3809 Quarto,
1536 3746 1638 3796 an
1672 3727 1892 3798 aiiud

332 3853 418 3921 et
453 3846 670 3919 aliud
717 3867 864 3938 pro
919 3848 1140 3918 statu
1177 3843 1522 3917 alterius
1572 3855 1652 3914 et
1694 3844 1891 3916 alte-

340 3967 520 4037 rius
553 3963 815 4054 legis?

423 4085 542 4155 De
579 4080 846 4173 primo
912 4078 1116 4159 dico,
1157 4079 1364 4170 quod
1419 4080 1892 4152 Sacramen-

335 4205 513 4274 tum
548 4197 833 4272 debere
858 4196 1375 4288 institui,non
1411 4198 1680 4288 potest
1717 4216 1895 4286 pro-

334 4316 518 4387 bari
540 4314 1028 4393 necessario,
1058 4334 1313 4406 neque
1336 4332 1383 4384 a
1407 4313 1804 4405 priori,qu
1823 4312 1897 4383 ia

333 4433 552 4504 Deus
577 4434 815 4503 extra
850 4451 933 4501 se
959 4429 1159 4500 nihil
1193 4428 1364 4518 agit
1398 4430 1890 4507 necessario,

333 4568 606 4638 neque
633 4566 680 4618 a
717 4546 1162 4638 posteriori
1189 4545 1399 4618 sicut
1433 4544 1679 4628 afine,
1711 4545 1899 4636 quia

337 4663 713 4737 absolute
782 4660 1169 4755 possibile
1233 4665 1450 4737 esset
1518 4660 1896 4733 effectum

339 4778 837 4853 invisibilem
886 4776 1169 4850 haberi
1221 4776 1392 4849 sine
1436 4777 1581 4851 tali
1633 4777 1892 4869 signo.

341 4897 490 4972 Sed
534 4896 740 4988 quod
774 4914 1231 4986 congruum
1290 4894 1542 4967 fuerit
1606 4897 1898 4968 Sacra-

342 5014 710 5084 mentum
744 5009 1093 5092 institui,
1143 5009 1543 5101 probatur
1577 5010 1899 5083 ratione

345 5128 601 5202 simili
625 5127 959 5221 illi,quae
984 5127 1250 5220 posita
1283 5132 1408 5201 est
1432 5132 1505 5196 in
1519 5130 1901 5216 praeceden-

344 5259 410 5315 te
439 5249 822 5335 quaestione,
860 5248 935 5311 in
972 5248 1194 5332 primo
1216 5247 1523 5325 articula,
1555 5243 1900 5335 proban-

345 5365 426 5437 te
471 5359 1099 5453 possibilitatem
1137 5360 1669 5433 sacramenti.
1707 5364 1902 5434 Con-

253 5473 259 5480 ’
348 5497 650 5571 gruum
702 5477 919 5550 enim
962 5480 1088 5550 est
1128 5476 1504 5550 effectum
1539 5476 1902 5549 invisibi—

297 5596 507 5677 ⁸lem
541 5594 1037 5678 causandum
1071 5614 1116 5665 a
1157 5595 1349 5678 Deo,
1389 5593 1898 5684 ordinantem

3409 411 3520 474 123

1989 575 2402 649 hominem
2463 577 2556 649 ad
2623 575 2999 657 salutem,
3077 569 3529 665 significari

1987 713 2134 786 per
2191 693 2511 786 aliquod
2570 691 2890 784 signum
2959 688 3362 771 sensibile,
3438 690 3524 760 ut

1983 811 2261 885 viator
2318 810 2734 904 inquirens
2803 807 3353 899 cognitionem
3428 825 3527 876 ex

1987 927 2526 1011 sensibilibus,
2601 925 2977 999 effectum
3042 922 3271 995 illum
3334 920 3528 994 invi-

1985 1043 2301 1117 sibilem
2334 1044 2643 1119 certius
2685 1044 3156 1135 cognoscat.
3194 1042 3358 1112 Nec
3405 1059 3531 1111 so-

1985 1163 2156 1235 lum
2226 1161 2605 1254 congruit
2652 1182 2831 1233 esse
2906 1159 3230 1250 signum
3289 1155 3530 1248 huJus

1983 1280 2323 1355 effectus
2382 1279 2613 1372 quasi
2686 1278 3309 1372 speculativum,
3386 1293 3532 1367 per

1988 1398 2192 1490 quod
2253 1396 2565 1470 scilicet
2616 1396 2873 1489 possit
2924 1393 3206 1466 haberi
3254 1411 3531 1465 conce-

1988 1520 2174 1608 ptus
2210 1515 2288 1588 in
2323 1513 2736 1588 intellectu
2779 1513 2871 1585 de
2904 1512 3043 1584 illo
3084 1511 3534 1601 signat0,ut

1985 1636 2179 1701 homo
2257 1631 2529 1722 signat
2597 1633 2982 1702 naturam
3061 1626 3527 1706 humanam,

1989 1747 2120 1819 sed
2169 1746 2488 1837 signum
2552 1745 2781 1838 quasi
2835 1742 3317 1837 practicum,
3381 1741 3534 1815 sci-

1988 1863 2180 1937 licet
2265 1863 2471 1954 quod
2532 1861 2802 1953 signat
2871 1859 3284 1951 signatum
3351 1877 3533 1930 esse

1984 1978 2111 2051 vel
2162 1979 2363 2051 fieri.
2436 1979 2601 2051 Nec
2660 1976 2915 2050 adhuc
2976 1976 3297 2067 signum
3351 1994 3527 2066 pra-

1985 2096 2291 2171 cticum
2370 2095 2699 2168 dubium
2779 2114 2918 2166 seu
2996 2092 3532 2185 aequivocum,

1984 2214 2112 2287 vel
2185 2214 2613 2295 incertum,
2687 2211 2875 2304 quia
2947 2210 3103 2285 etsi
3181 2230 3324 2302 per
3374 2209 3537 2283 tale

1988 2334 2309 2428 signum
2342 2332 2777 2403 duceretur
2807 2327 3049 2401 homo
3086 2325 3163 2398 in
3205 2324 3544 2417 cogniti-

1987 2470 2221 2525 onem
2273 2447 2452 2521 fieri
2502 2446 2747 2540 hujus
2787 2446 3155 2528 effectuS,
3215 2464 3375 2515 non
3414 2446 3540 2515 ta-

1990 2587 2172 2641 men
2235 2568 2662 2658 appeteret
2733 2561 2925 2635 illud
2996 2560 3315 2653 signum
3388 2559 3542 2632 sibi

1988 2680 2356 2756 adhiberi
2435 2680 2779 2772 propter
2876 2675 3534 2749 incertitudinem

1989 2798 2203 2891 signi
2278 2799 2651 2889 respectu
2720 2800 2879 2881 sieri
2943 2792 3280 2885 signati3
3336 2812 3537 2883 ergo

1989 2917 2238 2991 talem
2271 2914 2648 2988 effectum
2686 2912 2996 3003 signari
3038 2930 3180 3003 per
3213 2910 3538 3001 signum

1990 3033 2453 3127 practicum
2513 3033 2827 3104 certum
2891 3034 2972 3104 et
3016 3028 3330 3110 efficax,
3386 3026 3543 3104 fuit

1989 3168 2474 3242 congruum,
2539 3151 2627 3222 ut
2676 3150 2756 3221 et
2808 3145 3051 3219 homo
3104 3165 3204 3218 ex
3245 3143 3392 3219 tali
3445 3144 3544 3218 si-

1993 3289 2152 3360 gno
2188 3266 2562 3339 effectum
2606 3268 3078 3357 cognoscat,
3126 3269 3205 3337 et
3263 3263 3343 3336 in
3394 3264 3543 3336 tali

1990 3384 2223 3474 signo
2266 3383 2640 3455 eflectum
2688 3382 3069 3454 ardenter
3104 3383 3445 3472 quaerat.

2081 3503 2246 3572 Nec
2298 3504 2569 3573 tamen
2626 3497 3012 3590 congruit
3082 3497 3404 3587 signum
3457 3496 3547 3567 il·

1992 3616 2121 3687 lud
2194 3636 2372 3687 esse
2460 3620 2777 3688 certum
2841 3613 3327 3686 certitudine
3413 3612 3542 3684 de-

1996 3731 2567 3812 monstrativa,
2611 3731 2745 3802 sed
2778 3728 3009 3821 quasi
3044 3729 3238 3800 utin
3290 3727 3543 3820 pluri-

1992 3848 2166 3920 bus.
2226 3849 2451 3923 Sicut
2501 3847 2715 3920 enim
2767 3847 2849 3919 in
2912 3844 3542 3938 speculabilibus

1995 3967 2319 4058 aliquod
2371 3967 2691 4056 signum
2750 3967 2873 4037 est
2907 3967 3252 4046 certum,
3307 3967 3388 4036 et
3420 3983 3544 4034 ne-

1994 4082 2446 4157 cessarium
2478 4081 2825 4174 aliquod,
2876 4085 2962 4154 ut
3012 4080 3092 4153 in
3145 4079 3537 4173 pluribus,

1990 4203 2215 4288 primo
2309 4203 2783 4278 Posteriorum,
2872 4197 2987 4269 Sic
3095 4200 3368 4289 posset
3446 4195 3544 4268 Si·

1998 4334 2242 4403 gnum
2294 4315 2746 4407 practicum
2779 4312 3076 4386 habere
3127 4311 3542 4386 certitudi-

1998 4452 2179 4503 nem
2216 4431 2446 4522 quasi
2507 4431 3085 4511 necessariam,
3141 4428 3209 4501 si
3274 4429 3542 4521 ipsum

1999 4544 2585 4617 universaliter
2645 4548 2724 4618 et
2797 4543 3028 4635 quasi
3076 4544 3545 4616 necessario

1998 4660 2703 4734 concomitaretur
2767 4664 2929 4745 sieri
2989 4658 3354 4741 effectuS,
3415 4659 3543 4731 vel

2000 4777 2599 4855 certitudinem,
2640 4779 2724 4848 ut
2761 4776 2839 4847 in
2875 4775 3269 4867 pluribus,
3325 4775 3392 4847 si
3437 4774 3549 4866 ip-

1993 4914 2180 4968 sum
2216 4894 2921 4967 concomitaretur
2962 4892 3325 4974 effectuS,
3354 4890 3547 4963 utin

2004 5012 2397 5097 pluribus.
2507 5013 2690 5084 Non
2774 5009 2928 5084 fuit
3014 5013 3285 5083 autem
3363 5029 3545 5080 con-

2000 5148 2296 5222 gruum
2329 5148 2506 5201 esse
2539 5128 2860 5220 signum
2882 5126 3201 5219 aliquod
3226 5129 3543 5199 certum

2002 5244 2383 5317 sensibile
2453 5243 2720 5337 primo
2803 5243 3062 5324 modo,
3117 5242 3303 5334 quia
3355 5262 3540 5314 cum

2002 5362 2197 5435 illud
2232 5362 2555 5451 signum
2594 5358 2971 5432 sensibile
3004 5358 3285 5433 debeat
3324 5357 3546 5432 adhi-

2000 5478 2175 5551 beri
2210 5478 2307 5549 ab
2384 5476 2734 5560 homine,
2787 5478 3270 5569 sequeretur
3340 5475 3548 5567 quod

2003 5595 2081 5666 in
2116 5597 2523 5691 potestate
2557 5592 2908 5666 hominis
2960 5597 3177 5667 esset
3218 5592 3541 5685 signum

3602 1213 3851 1277 Congruit

3619 1276 3818 1327 institui

3615 1341 3814 1405 signum

3577 1404 3859 1470 prm-ticum

3610 1471 3822 1525 certum,

3698 1532 3755 1577 ut

3559 1593 3611 1644 in
3630 1588 3878 1659 pluribus,

3584 1652 3857 1709 invisibilis

3627 1723 3826 1785 gratiae.

3592 4213 3738 4263 Text.
3779 4209 3856 4263 43.
