4255 6375
786 392 906 456 400

790 557 937 633 ipsa
991 563 1419 637 consequitur,
1476 578 1619 640 quae
1674 580 1800 625 non
1863 572 1951 627 est
2006 563 2147 627 sola
2197 581 2344 642 pec-

793 681 1086 739 catorum
1127 681 1442 753 remissio,
1490 686 1601 745 sed
1645 684 2093 755 sanctificatio,
2144 689 2200 744 et
2243 700 2345 745 re-

790 796 1045 854 novatio
1118 795 1448 859 interioris
1515 799 1797 861 hominis
1855 816 1982 877 per
2046 799 2342 862 volunta-

792 910 970 970 riam
1000 914 1464 986 susceptionem
1491 917 1720 989 qratiae
1749 920 1806 976 et
1838 918 2176 990 donorum,
2211 921 2339 978 etc.

446 1030 740 1141 Bapffigms
797 1021 996 1103 Cujus
1054 1042 1286 1088 causas
1357 1029 1443 1091 ibi
1501 1038 1869 1104 enumerat,
1919 1038 1986 1094 et
2032 1032 2204 1094 inter
2231 1031 2344 1092 ali·

490 1155 726 1221 producit
799 1154 882 1199 as.
928 1141 1354 1219 Baptismum,
1425 1144 1579 1208 dicit
1656 1150 1884 1226 augeri
1971 1147 2342 1210 secundum

445 1225 771 1332 ωξζῖἷὲῖῗη-
799 1273 1173 1321 mensuram
1274 1260 1720 1339 dispositionis
1816 1266 2095 1342 praeviae,
2186 1264 2343 1328 dicit

473 1348 740 1468 adtffiam
796 1370 1052 1435 infundi
1098 1392 1218 1453 per
1243 1377 1546 1454 Spiritum
1580 1386 1907 1452 sanctum,
1959 1388 2024 1443 et
2069 1396 2337 1442 causam

489 1468 734 1594 dffijg'ffi·
798 1491 941 1568 ejus
994 1488 1391 1555 efficientem
1438 1510 1583 1556 esse
1643 1497 1872 1569 Deum,
1935 1498 2334 1561 meritoriam

797 1604 1142 1681 Christum,
1215 1609 1787 1672 instrumentalem
1886 1614 2339 1691 Baptismum;

796 1723 1043 1784 nullam
1093 1699 1317 1787 autem
1386 1728 1791 1790 activitatem
1836 1735 2150 1807 respectu
2204 1731 2345 1809 eJus

799 1840 1019 1902 tribuit
1062 1841 1412 1919 baptizato,
1460 1846 1585 1905 nisi
1643 1844 2035 1923 inquantum
2085 1864 2160 1909 se
2219 1848 2345 1911 dis-

795 1961 979 2034 ponit
1024 1974 1381 2036 cooperans
1436 1962 1660 2040 gratiae
1716 1964 2100 2035 vocationis,
2164 1965 2342 2044 quod

794 2075 1024 2152 nequit
1096 2076 1220 2138 dici
1279 2076 1361 2138 de
1412 2077 1690 2157 justitia,
1739 2096 1881 2160 quae
1956 2082 2349 2144 consisteret

794 2194 861 2255 in
918 2199 1069 2255 actu
1113 2194 1306 2268 vitali,
1342 2211 1418 2256 ac
1464 2198 1735 2274 proinde
1763 2200 1931 2261 inter
1974 2199 2133 2261 alias
2186 2218 2345 2262 cau-

797 2325 904 2370 sas
963 2311 1106 2390 ejus
1156 2311 1434 2374 deberet
1480 2319 1850 2378 enumerari
1906 2317 2192 2379 liberum
2244 2334 2349 2378 ar·

797 2423 1062 2485 bitrium
1117 2425 1390 2487 bominis
1435 2443 1470 2485 a
1517 2429 1654 2489 Deo
1712 2434 1962 2490 motum
2046 2435 2113 2491 et
2173 2432 2343 2491 exci-

804 2544 1032 2614 tatum,
1063 2544 1137 2604 ut
1168 2541 1462 2604 declarat
1517 2545 1582 2604 in
1613 2561 1756 2622 cap.
1803 2548 1863 2606 5.
1913 2550 1970 2607 et
2014 2545 2075 2604 6.
2112 2552 2169 2606 et
2201 2564 2344 2608 can.

803 2657 862 2718 4.
921 2656 980 2719 5.
1032 2662 1088 2717 et
1140 2657 1201 2725 6.
1263 2662 1357 2721 sic
1388 2675 1589 2739 agere
1639 2659 1724 2720 ad
1780 2666 1991 2724 actuS.

551 2762 630 2812 20.
884 2774 1070 2846 item,
1129 2791 1271 2851 cap.
1334 2775 1394 2836 8.
1433 2775 1589 2838 dicit
1637 2776 1789 2838 ideo
1824 2793 1944 2838 nos
1989 2774 2110 2839 dici
2148 2778 2344 2858 justi-

621 2822 774 2873 rieta-

479 2826 650 2937 Progs
801 2888 975 2952 ficari
1006 2892 1230 2972 gratiS‚
1280 2893 1433 2971 quia
1476 2910 1676 2969 neque
1700 2894 1882 2969 sides,
1936 2910 2140 2970 neque
2195 2910 2343 2970 ope·

472 2949 769 3083 pgssfflssgn,
798 3028 905 3085 ra,
936 3026 1077 3087 quat
1096 2997 1632 3086 justificationem
1683 3013 2085 3083 antecedunt,
2139 3015 2352 3087 ipsam

562 3082 647 3123 ω’
791 3126 1272 3206 justificationis
1322 3129 1616 3203 qratiam
1651 3133 2136 3205 promerentur.
2186 3128 2353 3192 Dicit

800 3243 1043 3306 deinde
1065 3243 1382 3322 Justitiam
1427 3249 1718 3307 nostram
1765 3245 1953 3307 nobis
2006 3246 2347 3318 inhaerere,

797 3364 863 3420 et
916 3361 1145 3438 augeri
1192 3365 1258 3421 et
1314 3360 1542 3433 amitti,
1594 3377 1738 3439 quae
1779 3360 1843 3422 in
1888 3363 2106 3441 rigore
2159 3362 2353 3424 aliter

794 3478 1138 3553 nequeunt
1208 3474 1507 3553 intelligi,
1584 3492 1786 3553 quam
1853 3474 1936 3537 de
2005 3476 2140 3548 illa,
2210 3492 2355 3554 quae

790 3598 1257 3669 permanenter
1313 3593 1506 3653 inest.
1575 3593 1752 3655 Dicit
1800 3593 2131 3674 justitiam
2206 3611 2352 3656 nos-

713 3763 718 3768 .
791 3717 956 3772 tram
988 3729 1133 3788 cap.
1165 3711 1303 3772 illo.
1349 3716 1417 3775 7.
1455 3711 1819 3774 consistere
1880 3716 1947 3773 in
2008 3713 2353 3786 charitate,

807 3844 945 3904 quae
999 3827 1395 3900 diffunditur
1453 3829 1516 3891 in
1571 3828 1871 3889 cordibus
1921 3842 2173 3901 eorum,
2241 3829 2362 3904 qui

791 3942 1227 4020 baptizantur,
1279 3949 1481 4023 atque
1524 3944 1681 4023 ipsis
1737 3943 2030 4006 inhaeret.

877 4059 895 4118 l
908 4062 1064 4133 tem,
1125 4062 1191 4120 in
1245 4063 1385 4136 ipsa
1442 4061 1908 4138 justificatione
1947 4060 2148 4121 simut
2202 4076 2350 4122 cum

794 4176 1164 4238 remissione
1225 4184 1641 4252 peccatorum
1700 4177 1833 4238 ltaec
1882 4178 2097 4237 omnia
2150 4176 2350 4237 simul

796 4292 1014 4367 infusa
1058 4273 1290 4370 accipit
1333 4296 1525 4354 homo
1569 4310 1692 4370 per
1731 4297 1950 4357 Iesum
1997 4293 2351 4363 Christum,

797 4407 908 4466 cui
945 4409 1272 4483 inseritur,
1331 4410 1546 4485 fldem,
1601 4426 1780 4486 spem
1838 4420 1893 4471 et
1938 4409 2348 4480 charitatem,

799 4527 923 4585 etc.
985 4524 1053 4588 ln
1097 4525 1196 4587 his
1256 4541 1678 4604 quocumque
1740 4524 1934 4587 modo
1980 4528 2198 4588 textus
2243 4525 2349 4584 in-

800 4642 1135 4721 telligatur
1173 4640 1274 4723 (ut
1320 4641 1770 4703 abstineamus
1818 4641 1900 4702 ab
1974 4640 2082 4704 illa
2135 4655 2343 4718 qums-

800 4759 977 4820 tione
1041 4777 1055 4818 :
1120 4764 1213 4818 An
1266 4758 1485 4832 qratia
1557 4774 1600 4818 a
1671 4756 1991 4819 charitate
2059 4753 2350 4832 differat)

800 4872 1095 4936 consistit
1162 4872 1424 4953 integra
1511 4872 1766 4952 ,iustitia
1840 4870 2206 4945 Christiani,
2280 4868 2348 4931 ld

801 4994 924 5063 est,
991 5006 1120 5068 qua
1186 4988 1254 5050 fit
1316 4990 1510 5052 homo
1575 4990 1864 5051 insertus
1927 4987 2179 5050 Christo
2228 5002 2353 5064 per

547 5132 660 5182 Non
797 5106 1206 5184 Baptismum
1262 5106 1683 5168 Christianus.
1732 5108 1873 5168 iiaec
1903 5119 2037 5167 non
2068 5107 2352 5182 possunt

470 5197 743 5321 ogi-1:132?
798 5226 1028 5289 referri
1085 5226 1160 5286 ad
1207 5230 1452 5300 actum,
1519 5226 1674 5304 quia
1735 5229 1885 5285 ante
1943 5222 2347 5300 Baptismum

445 5319 769 5371 sanctificam
799 5342 1029 5406 babuit
1071 5341 1337 5404 adultus
1367 5346 1552 5403 actus
1595 5338 1778 5411 fidei,
1826 5338 1967 5415 spei
2002 5342 2069 5398 et
2142 5338 2347 5400 chari-

563 5387 668 5431 tem

444 5444 774 5558 aristeaetffinte
802 5459 987 5529 tatis;
1035 5456 1213 5519 unde
1243 5458 1294 5518 si
1343 5457 1411 5517 in
1442 5458 1602 5533 ipsis
1641 5455 2031 5519 consisteret
2060 5455 2343 5535 justitia,

442 5569 770 5674 Baptismum&
803 5570 866 5633 id
942 5579 1061 5650 est,
1126 5576 1192 5637 in
1261 5572 1538 5646 actibus,
1614 5587 1750 5634 non
1819 5570 2346 5649 intelligerentur

1962 402 2109 464 ΗΒ.
2144 402 2244 464 tv.
2290 400 2895 469 SENTENTIARUM

2453 581 2578 642 per
2639 568 3042 645 Baptismum
3104 567 3342 644 infusa,
3398 575 3512 631 aut
3566 570 3854 647 supponi.
3890 575 3944 629 ut

2453 686 2795 766 dispositio
2831 688 3145 769 requisita
3202 687 3288 751 ad
3319 692 3717 768 Baptismum
3757 687 3939 763 adulti,

2453 807 2605 883 quia
2672 805 2755 881 de
2844 807 3100 868 ratione
3166 805 3428 884 Justitiae
3498 812 3623 878 est,
3684 804 3943 885 (quando

2453 917 2626 979 inest
2668 921 2735 980 in
2780 936 3211 1001 quocumque
3261 921 3547 1002 gradu.)
3608 919 3941 1000 justificare.

2452 1036 2544 1096 Ex
2582 1036 2821 1114 quibus
2853 1042 3030 1115 patet
3056 1039 3123 1098 in
3152 1040 3331 1100 nullo
3363 1046 3519 1100 actu
3580 1035 3944 1116 praecedente

2454 1156 2883 1232 Baptismum,
2958 1158 3319 1220 consistere
3362 1156 3686 1236 justitiam
3742 1157 3941 1232 Baptis-

2456 1272 2718 1334 malem.

2532 1387 2663 1450 Sed
2720 1405 2941 1468 neque
2979 1391 3046 1451 in
3088 1397 3239 1452 actu
3290 1393 3491 1452 etiam
3543 1396 3948 1469 consequente
3985 1392 4079 1500 Ὼὲ

2453 1502 2853 1578 Baptismum
2962 1505 3280 1577 consistit,
3391 1504 3547 1583 quia
3661 1502 3947 1583 distinguit
3983 1490 4085 1562 'asie

2455 1613 2814 1677 Concilium
2857 1619 3137 1695 gratiam
3187 1617 3679 1696 justificationis
3722 1618 3797 1678 ab
3834 1619 3951 1679 acti·
3983 1590 4085 1640 ψ’

2452 1730 2576 1792 bus
2663 1733 3251 1811 consequentibuS,
3338 1749 3510 1811 quos
3565 1738 3758 1795 vocat
3816 1730 3947 1792 irue-

2458 1853 2594 1909 tum
2666 1847 3175 1927 justificationis.
3237 1864 3384 1926 cap.
3451 1850 3549 1912 16.
3614 1852 3749 1910 Hac
3796 1851 3955 1924 igitur

2454 1963 2730 2035 ratione,
2823 1963 3055 2042 inquit,
3144 1964 3525 2040 justificatis
3622 1962 3957 2023 hominibus,

2456 2081 2586 2140 sive
2627 2089 2958 2156 acceptam
2999 2082 3292 2157 qratiam
3317 2087 3633 2157 perpetuo
3665 2096 3952 2142 conserva·

2456 2197 2683 2268 verint,
2730 2198 2862 2257 sive
2906 2197 3216 2259 amissam
3257 2200 3806 2275 recuperaverint,
3838 2211 3961 2272 pro·

2452 2315 2751 2387 ponenda
2822 2317 2966 2374 sunt
3028 2314 3229 2374 verba
3308 2315 3652 2390 Apostoli:
3687 2313 3962 2375 Abundate

2457 2430 2527 2490 in
2582 2430 2764 2490 omni
2824 2445 3018 2506 opere
3070 2429 3252 2504 bono,
3329 2434 3455 2492 etc.
3503 2430 3628 2492 ubi
3675 2430 3966 2508 distinguit

2450 2544 2793 2622 justitiam,
2859 2562 3003 2624 quae
3060 2550 3385 2624 perpetuo
3443 2550 3822 2609 conservari
3868 2561 3957 2623 po·

2462 2668 2609 2736 test,
2698 2663 2802 2725 vel
2882 2665 3117 2725 amissa
3202 2666 3611 2739 recuperari,
3702 2680 3739 2725 a
3822 2661 3966 2724 bonis

2457 2779 2769 2856 operibus
2814 2779 3400 2857 consequentibus,
3472 2779 3652 2840 sicut
3710 2792 3845 2839 eam
3879 2790 3961 2836 su·

2457 2893 2680 2970 perius
2753 2891 3046 2954 distinxit
3113 2892 3196 2954 ab
3242 2871 3555 2971 operibus
3614 2890 3963 2954 anteceden-

2462 3010 2672 3081 tibus;
2752 3024 2969 3090 neque
3048 3009 3408 3072 Concilium
3476 3011 3785 3090 agnoscit
3834 3009 3962 3069 ultra

2460 3126 2627 3199 haec,
2674 3125 2835 3186 alios
2879 3131 3066 3189 actus
3106 3129 3442 3198 virtutum,
3506 3126 3597 3187 ad
3662 3141 3823 3207 quos
3850 3138 3964 3185 cou-

2462 3247 2680 3304 currat
2735 3242 3017 3304 liberum
3081 3244 3463 3315 arbitrium;
3542 3259 3769 3324 neque
3811 3243 3966 3304 etiam

2457 3359 2682 3422 Patres
2740 3365 2853 3422 aut
2897 3360 3281 3422 Scholastici
3339 3361 3688 3439 loquendo
3723 3359 3801 3421 de
3835 3373 3968 3435 ope·

2460 3475 2667 3549 ribuS,
2733 3475 2972 3554 quibus
3044 3475 3244 3536 homo
3300 3474 3727 3555 justificatur,
3789 3486 3969 3550 neque

2464 3592 2818 3670 Scriptura,
2868 3608 3027 3671 ergo
3075 3597 3218 3656 sine
3275 3590 3715 3654 fundamento
3775 3591 3968 3653 asseri·

2467 3712 2571 3768 tur
2625 3706 2917 3784 potuisse
2971 3707 3141 3769 hanc
3188 3707 3532 3785 justitiam,
3584 3707 3672 3768 de
3731 3723 3848 3785 qua
3893 3706 3970 3765 lo·

2463 3824 2744 3902 quimur,
2815 3820 3043 3899 adulti,
3105 3822 3190 3885 de
3259 3822 3434 3887 facto
3502 3828 3583 3885 et·
3627 3825 3779 3903 lege
3833 3819 3969 3883 ordi·

2462 3941 2664 4014 naria,
2741 3939 3100 4001 consistere
3146 3940 3210 4001 in
3268 3947 3418 4002 actu
3471 3940 3698 4020 aliquo
3755 3955 3885 4001 suo.

2540 4055 2809 4117 Accedit
2863 4055 3042 4133 quod
3099 4055 3223 4117 hoc
3283 4054 3606 4129 tenendo,
3656 4071 3784 4117 non
3821 4059 3965 4114 recte
4052 4044 4090 4094 ἔκ

2465 4169 2765 4233 definiret
2847 4171 3210 4233 Concilium
3271 4189 3426 4234 sess.
3474 4173 3537 4235 7.
3617 4173 3701 4234 de
3775 4174 3960 4235 Sacra·
3997 4113 4090 4285 ΞΞ

2461 4288 2698 4349 mentis
2743 4290 2809 4350 in
2839 4303 3089 4369 genere
3132 4303 3277 4351 can.
3310 4289 3373 4351 8.
3417 4291 3715 4365 qratiam
3755 4287 3961 4362 confer·
4062 4299 4089 4342 u

2462 4410 2527 4468 ri
2575 4423 2618 4467 a
2674 4408 3118 4468 Sacramentis
3195 4422 3370 4467 novae
3435 4406 3599 4482 leyis
3678 4423 3760 4468 eo:
3814 4357 4090 4600 oper-⁶4}

2461 4527 2749 4598 operato,
2819 4520 2885 4582 id
2918 4527 3039 4595 est,
3100 4523 3241 4582 sine
3302 4523 3766 4599 cooperatione
3814 4515 3958 4581 liberi

2461 4639 2729 4713 arbitrii,
2802 4642 3082 4704 maxime
3132 4658 3214 4702 ex
3280 4643 3614 4703 sententia
3678 4645 3959 4703 statuente
4030 4608 4090 4650 ¹³¹

2459 4761 2678 4817 actum
2711 4757 2968 4818 vitalem
3000 4773 3133 4818 non
3163 4771 3362 4833 posse
3393 4772 3545 4819 esse
3590 4774 3627 4819 a
3658 4757 3792 4820 solo
3820 4756 3954 4816 Deo:

2460 4872 2641 4936 unde
2661 4874 2795 4936 baec
2821 4874 3146 4935 sententia
3168 4871 3331 4935 tollit
3359 4873 3726 4936 efficaciam
3780 4873 3956 4934 Sacra·

2461 4995 2856 5063 mentorum,
2881 5007 3030 5052 eam
3049 4989 3217 5064 dice,
3236 5007 3433 5070 quam
3456 4992 3706 5055 habent
3725 5007 3797 5053 ex
3809 5002 3955 5066 opere

2460 5111 2751 5182 operato.
2812 5105 3205 5214 confirmari.
3245 5111 3467 5185 potest
3518 5110 3789 5180 ratione,
3836 5103 3949 5183 quia
3989 5087 4092 5145 Μ

2458 5224 2637 5284 null>
2689 5223 3007 5301 probabili
3054 5222 3483 5285 fundamento
3529 5223 3724 5285 statui
3783 5221 3948 5298 potest

2458 5340 2666 5416 gratia
2753 5339 3127 5417 adoptionis
3211 5341 3579 5404 secundum
3687 5340 3945 5418 speciem.

2458 5455 2581 5514 alia
2651 5455 2715 5516 in
2787 5452 3068 5527 infante,
3115 5458 3181 5515 et
3240 5455 3365 5516 alia
3445 5456 3513 5515 in
3573 5455 3803 5524 adulto;
3852 5450 3934 5509 aut

2457 5571 2864 5648 Baptismum
2905 5571 3097 5633 aliam
3159 5570 3517 5634 efficaciam
3570 5578 3637 5635 et
3689 5571 3939 5635 effectum

3904 6015 4093 6276 „l
