4255 6375
832 364 949 431 270

466 544 607 643 ⁰⁰⁰2?
633 527 780 643 2³*-
807 541 899 612 ut
943 536 1276 629 exponit
1317 536 1823 619 Ambrosius,
1875 539 2052 610 tota
2093 538 2358 610 Trini-

470 655 778 771 Dffigfnmg·
811 655 941 726 tas
1033 653 1526 745 intelligitur
1622 679 1636 723 :
1735 685 1762 718 ι
1859 653 2360 746 Intelligitur

469 770 1052 853 carmem-enim,
1105 790 1287 842 cum
1340 769 1755 845 Christum
1798 769 2023 852 dicis,
2078 774 2158 842 et
2212 772 2359 841 Pa-

514 845 724 909 lmum
811 896 966 974 ter,
1022 912 1068 964 a
1127 912 1280 986 quo
1341 891 1825 972 unctus-est,
1875 894 1955 963 et
2010 890 2183 983 ipse
2225 889 2359 981 qui

814 1013 1105 1080 unctus
1175 1010 1325 1088 est,
1412 1010 1491 1079 et
1562 1005 1917 1098 Spiritus
1996 1008 2355 1087 sanctus,

812 1144 959 1216 per
1009 1144 1243 1215 quem
1288 1128 1580 1198 unctus
1616 1124 1740 1195 est
1779 1152 1837 1193 ι.
1873 1122 2093 1194 Unde
2124 1121 2360 1195 Nico-

809 1238 987 1312 laus
1060 1242 1278 1333 Papa
1347 1241 1442 1312 ad
1518 1239 1892 1313 consulta
1970 1239 2366 1332 Bulgaro·

815 1375 995 1428 rum
1051 1381 1065 1423 z
1125 1385 1153 1420 α
1210 1357 1274 1429 Α
1317 1356 1659 1447 quodam
1721 1355 1994 1428 Judaeo
2058 1355 2361 1428 multos

806 1473 1266 1565 baptizatos
1309 1471 1729 1553 asseritis;
1801 1476 1882 1544 et
1942 1471 2126 1562 quid
2187 1470 2362 1543 inde

803 1591 1203 1682 agendum
1258 1591 1388 1671 sit,
1434 1588 1890 1662 consulitis.
1946 1588 2049 1660 Hi
2101 1586 2363 1681 profe·

806 1713 969 1791 cto,
1032 1709 1101 1781 si
1144 1707 1226 1781 in
1274 1708 1602 1781 nomine
1663 1712 1964 1781 sanctae
2006 1706 2364 1780 Trinita-

807 1826 944 1908 tis,
979 1825 1106 1897 vel
1149 1825 1229 1896 in
1271 1823 1597 1896 nomine
1637 1823 1973 1904 Christi,
2029 1823 2242 1896 sicut
2283 1823 2359 1893 in

812 1942 1144 2017 Actibus
1181 1941 1767 2033 Apostolorum
1817 1939 2193 2031 legimuS,
2238 1938 2367 2010 ba-

816 2058 1105 2152 ptizati
1158 2061 1384 2137 sunt;
1446 2077 1693 2129 unum
1743 2056 1958 2129 enim
2001 2055 2367 2146 idemque

817 2182 967 2260 est,
1006 2180 1093 2250 ut
1125 2175 1457 2269 exponit
1489 2174 1970 2249 Ambrosius
2007 2202 2066 2245 1».

821 2405 902 2470 Si
931 2404 1000 2471 in
1031 2405 1304 2469 nomine
1335 2401 1566 2469 Patris
1598 2412 1874 2480 tantum,
1924 2400 2028 2466 vel
2073 2399 2373 2487 Spiritus

1030 2521 1269 2603 sancti,
1299 2522 1510 2607 possit
1543 2518 1728 2585 tradi
1767 2519 2169 2604 Baptismus,
2254 2586 2271 2597 .

512 2758 786 2873 Amcbjub.
918 2748 1068 2821 Hic
1135 2745 1537 2839 quaeritur
1616 2771 1629 2813 :
1702 2745 1822 2817 An
1901 2743 2373 2836 Baptismus

554 2883 732 3010 8ιρἰέὶί
821 2869 1037 2939 esset
1088 2884 1361 2946 verus,
1413 2862 1480 2933 si
1531 2862 1943 2935 diceretur
1998 2860 2079 2932 in
2118 2860 2376 2932 nomi-

483 3003 922 3060 mn01.0.9.ne
1010 2980 1280 3054 Patris
1377 2983 1721 3061 tantum,
1800 2975 1930 3049 vel
2016 2975 2374 3069 Spiritus

828 3098 1090 3173 sancti
1170 3100 1516 3181 tantum,
1606 3099 1696 3168 ut
1796 3113 1981 3167 cum
2071 3093 2377 3168 dicitur

824 3220 900 3285 in
961 3217 1231 3282 nomine
1310 3212 1629 3280 Christi?
1706 3206 2192 3280 Ambrosius
2264 3206 2377 3279 vi-

821 3332 1059 3405 detur
1135 3329 1426 3408 dicere,
1510 3324 1577 3397 si
1651 3324 1802 3397 fide
1883 3322 2375 3415 mysterium

819 3444 1250 3520 Trinitatis
1322 3446 1726 3525 teneatur,
1805 3443 1886 3514 et
1956 3457 2119 3510 una
2200 3458 2379 3530 per-

821 3583 1020 3637 sona
1086 3562 1408 3634 tantum
1476 3556 1971 3636 nominetur,
2048 3553 2375 3648 plenum

821 3700 1001 3753 esse
1035 3678 1705 3756 Sacramentum;
1750 3678 1832 3746 et
1871 3693 1913 3745 e
1945 3689 2375 3753 converso,

823 3799 893 3872 si
943 3799 1116 3870 tres
1181 3793 1732 3875 nominentur,
1793 3794 1874 3865 et
1931 3810 2094 3862 non
2157 3791 2379 3861 recte

824 3917 917 3990 de
985 3913 1255 4007 aliquo
1337 3911 1670 3984 illorum
1752 3907 2189 3987 sentiatur,
2249 3922 2383 3975 va·

828 4052 1070 4106 cuum
1132 4030 1312 4103 fieri
1375 4026 1888 4122 mysterium.
1963 4023 2100 4098 Ait
2166 4021 2381 4095 enim

486 4134 706 4188 Dubium
739 4136 794 4190 ⁵·
829 4150 946 4225 sic
1000 4176 1015 4220 ε
1068 4177 1094 4214 ι
1149 4148 1298 4221 Ubi
1341 4167 1501 4219 non
1551 4150 1675 4218 est
1729 4142 2050 4236 plenum
2111 4141 2383 4234 Bapti-

830 4267 985 4343 smi
1089 4265 1735 4344 Sacramentum,
1833 4281 1996 4333 nec·
2082 4259 2383 4353 princi-

827 4386 1077 4480 pium,
1111 4404 1258 4455 nec
1303 4381 1611 4474 species
1655 4377 1930 4470 aliqua
1978 4374 2382 4468 Baptismi

826 4501 1315 4577 aestimatur.
1379 4496 1714 4569 Plenum
1772 4495 2043 4566 autem
2107 4493 2257 4573 est,
2315 4490 2382 4562 si

827 4623 1158 4695 Patrem
1196 4621 1276 4688 et
1317 4613 1619 4686 Filium
1651 4613 1730 4683 et
1767 4609 2163 4703 Spiritum
2207 4627 2384 4680 san-

828 4744 1050 4813 ctum
1148 4730 1515 4807 fatearis,
1609 4730 1690 4804 Si
1774 4747 2020 4799 unum
2106 4744 2381 4817 negeS,

826 4859 1094 4930 totum
1153 4849 1522 4922 subrues.
1586 4847 1690 4919 Et
1740 4844 1950 4916 sicut
2000 4861 2249 4914 unum
2300 4839 2379 4912 in

488 4983 791 5039 Dubiume.
832 4988 1209 5047 sermone
1286 4959 1952 5056 comprehendas,
2039 4957 2170 5029 vel
2245 4958 2388 5029 Pa-

491 5049 1071 5180 }›Zttffifftrem
1157 5081 1287 5153 vel
1380 5078 1700 5158 Filium,
1771 5074 1898 5149 vel
1987 5073 2385 5166 spir-itum

493 5177 618 5292 xii.
657 5175 804 5295 33⁵,
835 5207 1232 5284 sanctum,
1293 5198 1442 5270 fide
1487 5199 1759 5269 autem
1819 5213 1964 5266 nec
2025 5192 2381 5270 Patrem,

834 5346 983 5398 nec
1012 5321 1335 5399 Filium,
1379 5334 1525 5387 nec
1578 5311 1976 5405 Spiritum
2014 5312 2384 5381 sanctum

837 5443 1210 5532 abneges,
1285 5434 1607 5528 plenum
1673 5432 1798 5503 est
1857 5427 2034 5499 fidei
2105 5430 2390 5500 Sacra-

839 5563 1242 5644 mentum3
1288 5553 1406 5628 ita
1439 5550 1690 5627 etiam
1724 5547 1915 5622 licet
1945 5547 2277 5620 Patrem
2309 5545 2388 5615 et

2001 372 2146 437 LlB.
2184 371 2280 437 w.
2326 371 2925 444 smmum

2475 535 2771 612 Filium
2802 545 2882 616 et
2916 542 3315 635 Spiritum
3357 549 3720 619 sanctum
3757 547 3939 633 dicas,

2473 661 2554 730 et
2586 657 2859 730 Patris
2890 663 2973 731 et
3005 658 3193 732 Filii
3245 662 3323 732 et
3371 660 3719 753 Spiritus
3748 667 3945 737 sancti

2478 775 2796 849 minuas
2885 782 3401 869 potestatem,
3478 797 3803 851 vacuum
3859 788 3947 855 est

2478 914 2712 967 omne
2774 893 3286 985 mysterium.
3342 897 3546 968 Cum
3597 895 3859 968 dicitur
3900 903 3947 964 in

2477 1016 2745 1080 nomine
2777 1014 3057 1095 Christi,
3121 1033 3265 1105 per
3322 1011 3716 1086 virtutem
3760 1016 3948 1087 nomi·

2475 1128 2603 1201 nis
2653 1129 3078 1221 impletum
3127 1134 3254 1203 est
3306 1129 3820 1221 mysterium;
3854 1150 3951 1203 nec

2478 1266 2526 1318 a
2567 1246 2874 1321 Christi
2929 1248 3439 1342 Baptismate
3501 1248 3839 1341 Spiritus
3882 1269 3956 1319 se-

2478 1368 2849 1469 paratur,
2906 1365 3096 1458 quia
3155 1366 3532 1442 Christus
3592 1365 3959 1458 baptizavit

2480 1479 2561 1552 in
2596 1481 2909 1574 Spiritu
2954 1509 3014 1551 ι.

2917 1704 3205 1780 Quaestio
3235 1704 3597 1770 Ambrosii.

2576 1960 2604 1992 ι
2695 1930 2925 2001 Nunc
3012 1928 3651 2009 consideremus,
3756 1928 3966 1997 utrum

2485 2046 2696 2121 sicut
2747 2046 2828 2118 in
2882 2049 3139 2114 Christi
3186 2050 3452 2114 nomine
3487 2043 3833 2136 legimus
3873 2044 3974 2114 Ba-

2485 2165 2766 2257 ptismi
2811 2164 3135 2257 plenum
3167 2183 3346 2236 esse
3378 2167 3971 2237 Sacramentum.

2485 2282 2601 2354 ita
2633 2280 2882 2353 etiam
2924 2285 3189 2370 Spiritu
3217 2294 3443 2350 sancto
3484 2285 3807 2353 tantum
3839 2299 3976 2349 nun·

2486 2403 2808 2491 cupato,
2902 2397 3108 2470 nihil
3190 2396 3397 2471 desit
3470 2397 3571 2469 ad
3665 2394 3971 2487 mysterii

2490 2514 3065 2609 plenitudinem
3111 2519 3147 2587 '2
3237 2514 3680 2587 Rationem
3766 2530 3972 2603 sequa·

2490 2652 2733 2704 mur:
2796 2631 2929 2724 qui
3007 2651 3253 2703 unum
3321 2630 3655 2711 dixerit,
3701 2628 3975 2700 Trinita-

2488 2751 2653 2821 tem
2686 2746 3212 2839 significavit3
3252 2746 3316 2819 si
3347 2744 3772 2820 Christum
3800 2745 3974 2817 dicas,

2489 2867 2571 2938 et
2614 2866 2965 2945 Patrem,
3006 2883 3050 2934 a
3086 2884 3241 2955 quo
3280 2866 3568 2936 unctus
3604 2868 3735 2936 est
3768 2861 3975 2935 Filius.

2490 2986 2570 3056 et
2641 2982 2905 3076 ipsum
2967 2982 3101 3075 qui
3174 2986 3460 3054 unctus
3519 2989 3653 3058 est
3722 2982 3975 3056 Filium.

2490 3103 2569 3174 et
2613 3101 3036 3195 Spiritum,
3103 3121 3257 3194 quo
3324 3103 3615 3173 unctus
3657 3106 3807 3183 est,
3846 3096 3975 3171 desi·

2490 3220 2785 3314 guasti.
2851 3220 3263 3313 Scriptum
3323 3224 3449 3293 est
3506 3219 3729 3291 enirn
3795 3245 3809 3288 :
3865 3223 3971 3287 Ιιιικ

2490 3340 2707 3405 lesum
2737 3359 2779 3404 a
2810 3338 3169 3416 Nazareth,
3207 3358 3396 3423 quem
3434 3338 3639 3402 unxit
3670 3337 3841 3401 Deus
3876 3334 3976 3419 Spi-

2491 3457 2632 3522 ritu
2705 3466 2955 3523 sancto,
3046 3454 3147 3526 Et
3228 3450 3296 3523 Si
3385 3453 3722 3525 Patrem
3796 3448 3979 3521 dicas.

2495 3560 2790 3633 Filium
2834 3562 3008 3653 ejus
3054 3564 3136 3634 et
3196 3559 3595 3653 Spiritum
3657 3557 3824 3631 oris
3859 3555 3983 3647 ejus

2493 3676 2812 3769 pariter
2855 3676 3183 3758 indicas,
3236 3677 3302 3750 si
3355 3681 3631 3749 tamen
3677 3676 3749 3747 id
3795 3670 3983 3746 etiam

2494 3795 2736 3867 corde
2792 3793 3457 3886 comprehendas.
3516 3794 3620 3866 Et
3682 3791 3749 3864 si
3791 3785 3989 3882 Spiri-

2495 3916 2671 3986 tum
2735 3911 2980 3992 dicas,
3035 3912 3290 3983 Deum
3355 3912 3716 3993 Patrem,
3772 3928 3816 3979 a
3875 3921 3988 3996 quo

2497 4027 2888 4122 procedit,
2946 4029 3024 4100 et
3077 4027 3396 4109 Filium,
3450 4026 3686 4119 cujus
3728 4028 3842 4097 est
3871 4017 3995 4112 Spi-

2500 4144 2736 4227 ritus,
2792 4144 3306 4237 nuncupasti.
3366 4142 3613 4224 Unde,
3691 4147 3777 4214 ut
3841 4137 3992 4210 rati-

2502 4261 2632 4334 oni
2675 4262 3106 4354 copuletur
3138 4260 3621 4343 auctoritas
3660 4255 3993 4332 Dominus

2496 4378 2691 4453 dicit
2738 4406 2751 4449 ε
2812 4381 2931 4447 Vos
2973 4393 3191 4447 autem
3222 4381 3739 4466 baptizabimini
3774 4379 3837 4442 in
3873 4371 3993 4458 Spi-

2499 4499 2635 4562 ritu
2698 4509 3039 4567 sancta».
3104 4497 3221 4567 Ex
3292 4514 3448 4586 quo
3507 4493 3825 4571 indicat,
3879 4505 3989 4559 nos

2500 4614 2722 4684 recte
2799 4631 3036 4704 posse
3105 4610 3506 4704 baptizari
3574 4609 3659 4682 in
3734 4603 3989 4700 Spiritu

2502 4730 2813 4801 sancto.

2498 4955 2909 5043 Perstrinqit
2969 4954 3469 5043 praemissorum
3528 4944 3987 5042 inteltiqentiam

2614 5093 2761 5138 cum
2792 5072 3354 5140 determinatione
3383 5070 3729 5160 cujusdam
3765 5066 3925 5136 dicti.

2592 5308 2711 5378 Ex
2764 5305 2890 5377 his
2931 5308 3213 5397 aperte
3263 5305 3735 5380 intellexisti
3782 5304 3850 5375 in
3889 5314 3989 5368 no-

2506 5421 2718 5496 mine
2752 5422 3058 5497 Christi
3103 5442 3383 5494 verum
3429 5422 3835 5515 Baptisma
3865 5421 3983 5489 tra-

2501 5540 2624 5624 di;
2670 5538 2800 5612 ubi
2831 5537 3360 5613 nihilominus
3402 5537 3791 5613 insinuari
3826 5529 3982 5604 vide
4037 5635 4044 5643 ι
