4255 6375
92 1066 163 1115 ⁴5.

57 1142 255 1192 spugm.

96 1197 205 1263 tur·

57 1260 246 1372 ξξιξίξξ
303 1298 454 1344 rum
507 1300 679 1360 esse,
723 1279 893 1367 quod
950 1292 1347 1367 praeceptum
1406 1280 1543 1360 Dei,
1581 1281 1860 1368 ejusque

57 1380 262 1443 pumm-

61 1444 239 1505 ugusti-

64 1519 152 1553 11118
165 1542 175 1553 .

1533 420 1730 484 ms'r.
1776 425 1824 486 ῐ.
1872 419 2236 497 QUAESTIO
2278 421 2388 488 Vl.

304 577 498 645 niam
570 578 685 646 sub
736 580 962 668 priori
1007 579 1436 660 Testamenlo,
1477 593 1632 648 teste
1682 583 1852 669 Apo-

306 696 483 760 stolo
545 695 784 775 Paulo,
846 707 1124 784 propter
1188 698 1474 763 Levitici
1498 698 1860 764 sacerdocii

308 812 856 893 imbecillitatem,
953 815 1358 881 consecratio
1456 835 1594 881 non
1686 826 1854 895 erat,

305 941 433 994 etc.
501 929 582 995 de
613 950 742 1017 quo
816 951 1089 1018 agemus
1140 930 1308 997 infra
1358 951 1476 997 suo
1519 931 1680 997 locO.

396 1042 621 1121 Altera
660 1046 982 1113 sententia
1042 1047 1335 1134 Magistri
1388 1058 1560 1115 recte
1645 1047 1861 1134 impu·

303 1172 555 1248 gnatur
600 1184 636 1229 a
685 1166 957 1231 Doctore
988 1165 1093 1231 hic
1131 1176 1464 1232 asserente
1516 1164 1713 1231 nimis
1743 1164 1860 1230 du-

300 1413 475 1480 opus
537 1416 620 1462 ex
676 1396 990 1463 charitate
1048 1406 1111 1462 et
1144 1395 1509 1462 obedientia
1588 1395 1854 1474 sactum,

305 1509 473 1575 nihil
544 1510 870 1577 conferret
924 1510 1003 1577 ad
1036 1510 1336 1587 salutem,
1376 1509 1681 1598 quamvis
1723 1513 1862 1576 Au-

299 1627 620 1713 gustinus
659 1629 846 1714 epist.
892 1629 995 1693 19.
1032 1626 1110 1693 ad
1161 1627 1635 1713 Hieronymum
1690 1624 1862 1691 dicat

298 1742 411 1817 illa
478 1756 832 1831 praecepta,
904 1745 1024 1811 etsi
1095 1765 1223 1810 non
1277 1744 1471 1824 mala,
1546 1763 1673 1809 non
1759 1754 1859 1807 ta-

300 1881 455 1926 men
508 1861 676 1926 bona
750 1861 976 1942 fuisse,
1047 1862 1198 1949 quia
1246 1861 1341 1927 eis
1376 1859 1684 1926 homines
1728 1879 1859 1925 non

290 1974 853 2063 justificabantur,
918 1976 1415 2063 intelligendum
1474 1988 1574 2044 est
1629 1977 1707 2043 de
1755 1976 1859 2062 ju-

297 2092 729 2172 stificatione,
775 2115 924 2180 quae
957 2093 1242 2159 efficacia
1305 2094 1594 2181 ipsorum
1629 2096 1859 2160 Sacra-

298 2220 679 2276 mentorum
731 2209 1037 2289 oriretur,
1105 2230 1230 2275 non
1303 2221 1521 2275 autem
1553 2209 1859 2296 dejusti-

302 2322 638 2406 ficatione,
721 2347 867 2413 quae
934 2348 1014 2393 ex
1080 2325 1207 2393 fide
1270 2339 1334 2392 et
1401 2326 1720 2413 religione
1795 2333 1860 2391 et

296 2443 678 2509 obedientia
718 2444 925 2531 legis;
994 2445 1167 2510 unde
1217 2444 1383 2510 infra
1444 2465 1591 2510 cum
1657 2442 1856 2509 Paulo

297 2558 377 2625 ad
432 2560 765 2625 Romanos
806 2565 869 2628 7.
961 2559 1116 2627 dicit
1190 2560 1402 2647 legem
1462 2558 1663 2627 fuisse
1702 2579 1850 2627 san-

296 2687 497 2758 ctam,
556 2687 619 2742 et
688 2677 1061 2744 mandatum
1106 2689 1405 2744 sanctum
1457 2688 1519 2744 et
1564 2678 1848 2765 justum,

296 2804 361 2858 et
392 2792 686 2873 bonum;
726 2792 879 2859 illud
938 2792 1273 2879 explicans
1323 2792 1652 2859 concludit
1693 2814 1853 2881 quo-

293 2906 494 2974 modo
570 2908 700 2987 lex,
756 2919 821 2974 et
873 2908 1111 2995 quibus
1169 2908 1289 2974 fuit
1347 2908 1540 2985 bona,
1613 2909 1853 2996 quibus

289 3038 517 3091 autem
579 3025 804 3091 mala:
876 3027 1005 3091 Hos
1097 3047 1254 3112 erqo
1340 3025 1844 3106 damnabiliter,

295 3139 539 3229 inquit,
575 3161 709 3208 esse
762 3141 878 3208 sub
911 3142 1069 3229 leqe,
1112 3163 1271 3228 quos
1312 3163 1458 3208 reos
1486 3145 1659 3229 facit
1712 3143 1842 3223 Iex,

295 3280 431 3326 non
486 3259 836 3345 implentes
896 3258 1120 3346 leyem,
1197 3259 1355 3325 dum
1439 3282 1573 3326 non
1656 3260 1852 3326 intel-

299 3375 574 3462 liqendo
634 3378 878 3462 qratiae
936 3376 1327 3459 beneficium
1400 3375 1490 3442 ad
1528 3376 1854 3458 facienda

299 3494 424 3559 Dei
459 3504 816 3579 proecepta,
873 3494 1066 3579 quasi
1114 3491 1196 3558 de
1258 3494 1397 3557 suis
1446 3492 1700 3558 viribus
1750 3513 1853 3558 su·

290 3609 501 3694 perba
531 3611 817 3675 elatione
843 3607 1643 3696 proesumzc2113plenicudo
1674 3610 1853 3675 enim

316 3728 484 3814 leyis
541 3728 860 3805 charicaS,
927 3736 1050 3792 etc.

388 3846 552 3920 Quae
601 3844 825 3921 verba,
897 3855 960 3909 et
1016 3841 1407 3909 confirmant
1465 3862 1613 3929 quae
1653 3861 1849 3928 supra

300 3959 696 4027 adduximus
752 3959 923 4025 circa
997 3958 1498 4045 intelligentiam
1557 3958 1849 4025 locorum

304 4077 480 4144 l’auli
522 4077 603 4143 de
659 4076 1008 4164 legalibus,
1075 4088 1137 4142 et
1196 4076 1473 4163 probant
1527 4086 1850 4163 praecepta

306 4193 471 4281 legis
530 4214 610 4259 ex
650 4191 779 4259 fide
827 4202 887 4258 et
944 4192 1155 4279 gratia
1207 4203 1269 4258 et
1320 4191 1635 4258 charitate
1684 4191 1850 4259 facta

307 4312 514 4380 fuisse
570 4310 857 4400 proficua
910 4311 989 4379 ad
1029 4311 1346 4390 salutem;
1393 4309 1564 4398 quod
1606 4322 1669 4376 et
1727 4313 1848 4377 Pa-

266 4441 437 4499 .tres
496 4430 740 4517 passim
781 4440 1004 4496 contra
1042 4428 1439 4494 Manichaeos
1483 4427 1741 4505 docent,
1787 4436 1851 4492 et

304 4549 468 4615 alios
542 4547 903 4615 anteriores
996 4546 1345 4613 haereticos
1425 4543 1849 4631 reprobantes

310 4664 546 4752 legem.

395 4784 475 4847 Et
513 4780 763 4848 ratione
803 4790 999 4865 patet,
1044 4778 1195 4865 quia
1234 4776 1448 4843 omnis
1490 4776 1593 4843 lex
1626 4775 1849 4844 divina

311 5010 453 5098 lege
510 5011 624 5078 suit
675 5009 890 5077 cultus
939 5008 1278 5096 religionis
1354 5027 1691 5093 congruus
1753 5004 1844 5071 illi

308 5127 604 5215 tempori,
653 5139 723 5194 ut
761 5127 885 5193 fert
933 5124 1345 5213 Augustinus
1404 5144 1628 5209 supra,
1674 5133 1736 5187 et
1768 5142 1850 5189 ex

305 5245 825 5333 transgressione
863 5244 1007 5330 ejus
1050 5241 1509 5308 incurrebatur
1560 5260 1751 5326 poena
1784 5250 1849 5306 et

307 5373 660 5449 peccatum,
709 5360 936 5428 habuit
975 5359 1168 5425 etiam
1219 5379 1373 5424 suas
1432 5357 1846 5444 repromissi-

306 5499 504 5558 ones;
548 5498 706 5566 ergo
763 5489 824 5543 et
891 5475 1221 5549 meritum,
1267 5473 1527 5560 quando
1588 5472 1747 5538 fides
1787 5485 1849 5539 et

305 5594 610 5672 charitaS,
673 5590 1042 5659 obedientia
1101 5601 1165 5655 et
1228 5588 1460 5675 religio
1528 5588 1848 5675 suffraga-

448 5707 595 5760 Tom.
627 5706 767 5759 xv1.

3404 425 3523 492 225

1975 582 2235 665 bantur,
2280 583 2422 652 sine
2461 585 2699 673 quibus
2757 585 2823 654 in
2893 588 3068 655 nulla
3137 588 3284 678 lege
3349 590 3524 658 valet
3544 624 3863 681 Libertasex

1976 701 2122 786 quis
2193 703 2561 770 mereri.-Si
2613 704 2788 771 enim
2831 725 2911 771 ex
2960 705 3107 793 lege
3172 706 3318 774 data
3351 720 3525 776 recte
3571 692 3842 817 prss‘ffim

1976 817 2252 902 probant
2291 821 2514 886 Patres
2573 820 2935 889 libertatem
2990 823 3350 891 voluntatis
3412 845 3526 891 no·

1972 943 2125 997 strae
2167 932 2245 998 ad
2305 933 2550 1000 bonum
2607 946 2670 1001 et
2733 936 2998 1017 malum,
3054 937 3199 1003 sine
3254 959 3380 1026 qua
3422 940 3517 1005 ni-

1974 1049 2064 1115 hil
2124 1049 2520 1117 conduceret
2585 1051 2740 1134 lex,·
2787 1066 2900 1120 aut
2939 1066 3365 1142 praeceptum,
3433 1054 3522 1122 ita

1973 1165 2165 1232 etiam
2215 1187 2296 1232 ex
2350 1166 2495 1254 lege
2533 1166 2780 1248 divina,
2834 1181 3008 1236 recte
3057 1171 3368 1256 probatur
3411 1193 3520 1259 po·

1973 1294 2174 1350 testas
2240 1284 2532 1350 merendi
2590 1297 2652 1351 et
2707 1284 3109 1356 demerendi.

2063 1399 2159 1486 (k)
2219 1400 2352 1465 Sed
2404 1413 2651 1487 prcecer
2709 1403 2860 1480 ista,
2942 1415 3064 1470 etc.
3149 1407 3342 1472 Docet
3381 1404 3519 1472 Cir·
3614 1415 3737 1485 ste.
3814 1478 3824 1487 ¹

1970 1516 2443 1583 cumcisionem
2492 1517 2750 1586 dedisse
2825 1520 3103 1606 gratiam
3182 1542 3264 1587 ex
3324 1543 3520 1609 opere
3571 1476 3848 1590 Cugfflmm-

1970 1643 2257 1717 operate,
2317 1653 2430 1717 per
2483 1632 2747 1700 modum
2798 1636 3224 1715 sacramenti,
3285 1649 3348 1703 et
3388 1656 3518 1702 non
3572 1615 3632 1714 οξ
3688 1617 3839 1715 ἳζῗξθ

1972 1758 2225 1814 tantum
2282 1769 2363 1815 ex
2419 1761 2598 1816 motu
2680 1750 2998 1817 interiori.
3069 1756 3249 1819 Hanc
3321 1775 3517 1841 supra
3582 1729 3828 1852 grssffiss,

1974 1864 2398 1948 probavimus
2467 1866 2530 1933 in
2592 1867 2715 1933 hoc
2770 1879 3163 1934 commento,
3224 1872 3519 1957 Respon-

1968 1977 2075 2045 det
2122 1992 2341 2046 autem
2381 1980 2458 2046 ad
2502 1980 2637 2048 loca
2679 1986 2940 2049 Patrum
2982 1983 3049 2049 in
3084 2006 3329 2072 genere
3367 2009 3516 2075 quae

1972 2108 2275 2162 asserunt
2314 2098 2890 2166 circumcisionem
2926 2102 3175 2169 nullum
3210 2104 3520 2171 habuisse

1971 2211 2283 2298 fructum,
2316 2228 2426 2281 aut
2455 2215 2757 2283 effectum
2799 2219 3076 2306 justitiae
3115 2220 3180 2288 in
3220 2222 3511 2289 Circum·
3798 2305 3809 2316 .

1967 2330 2154 2396 cisis.
2229 2331 2618 2417 Respondet,
2667 2333 2838 2420 quod
2898 2335 3324 2404 Circumcisio
3366 2359 3508 2425 par·
3539 2307 3851 2422 affssffissgff’,

1977 2466 2123 2511 vam
2210 2449 2486 2534 gratiam
2544 2449 2917 2517 conterebat
2993 2454 3356 2540 respective
3430 2456 3509 2522 ad
3536 2431 3741 2560 BapAd

3648 2495 3857 2544 tismum

1965 2562 2240 2647 gratiam
2285 2564 2760 2650 baptismalem,
2807 2580 2872 2632 et
2946 2568 3061 2648 sic,
3125 2572 3310 2657 quasi
3388 2593 3504 2658 per
3536 2561 3859 2683 {gffifaffiffif

1965 2680 2343 2746 antithesim
2373 2693 2743 2768 comparata
2774 2682 2853 2748 ad
2886 2685 3313 2771 Baptismum,
3343 2687 3507 2755 nihil
3624 2687 3766 2796 {ffltc

1965 2796 2358 2878 conferebat,
2397 2799 2549 2885 quia
2577 2799 2788 2886 gratia
2832 2822 2944 2886 per
2982 2821 3124 2867 eam
3167 2802 3401 2870 collata
3443 2805 3510 2871 in
3573 2806 3809 2860 solvitur.

1961 2914 2445 2998 comparatione
2514 2915 2743 3001 gratiae
2815 2917 3246 3003 baptismalis,
3310 2920 3503 3006 quasi

1963 3029 2141 3096 nulla
2180 3041 2518 3115 reputatur
2574 3031 2899 3099 intensive
2934 3045 2990 3099 et
3030 3033 3396 3101 extensive.
3432 3039 3511 3103 Et

1965 3146 2088 3214 hoc
2117 3147 2309 3214 modo
2359 3148 2631 3237 intelligi
2679 3161 2954 3236 possunt
3001 3151 3138 3219 loca
3190 3151 3405 3219 Basilii
3447 3165 3511 3221 et

1962 3264 2211 3349 Cyrilli,
2266 3279 2330 3331 et
2385 3265 2688 3353 Origenis
2745 3268 2919 3337 hom.
2956 3273 3019 3336 3.
3060 3271 3134 3334 in
3170 3269 3504 3349 Genesim,

1964 3381 2301 3447 Athanasii
2343 3371 2635 3449 oratione
2693 3383 2758 3449 in
2793 3383 2950 3451 illud
2991 3409 3003 3452 :
3044 3387 3287 3453 Omnia
3338 3388 3511 3452 mihi

1966 3500 2222 3565 tradita
2284 3510 2461 3579 sunl,
2522 3512 2652 3566 etc.
2731 3498 3083 3588 Epiphanii
3123 3503 3361 3568 koeresi
3428 3507 3495 3569 3.

3545 1242 3865 1356 Εῶζξὲῗὲιψ

1952 3624 2026 3678 et
2090 3613 2392 3693 aliorum,
2447 3614 2556 3701 qui
2599 3615 2926 3701 explicant
2978 3616 3319 3684 utilitatem
3364 3619 3504 3685 Cir-

1961 3729 2382 3797 cumcisionis
2432 3730 2496 3795 in
2555 3752 2630 3798 eo
2679 3731 2851 3818 quod
2896 3732 3090 3799 fuerit
3170 3734 3403 3802 umbra
3444 3747 3509 3802 et

1964 3843 2176 3932 figura
2227 3846 2577 3933 Baptismi3
2641 3845 2851 3933 figura
2881 3860 3095 3916 autem
3130 3849 3208 3915 ad
3266 3849 3506 3938 figura-

1962 3978 2099 4027 tum
2151 3961 2372 4041 relata,
2436 3963 2622 4050 quasi
2683 3961 2847 4032 nihil
2905 3976 3004 4032 est
3047 3965 3163 4045 rei,
3205 3965 3317 4032 sed
3368 3987 3506 4033 me-

1961 4097 2105 4144 rum
2166 4078 2452 4165 signum.
2515 4078 2635 4146 Sed
2690 4079 2867 4147 dices
2910 4080 3052 4147 illos
3109 4085 3331 4148 Patres
3391 4103 3502 4149 ex-

1960 4194 2222 4262 cludere
2251 4216 2509 4262 omnem
2535 4196 2858 4283 justitiam
2898 4218 2932 4263 a
2964 4196 3498 4264 Circumcisione.

1962 4310 2438 4396 Respondetur,
2502 4322 2569 4378 ut
2617 4332 2814 4397 supra
2852 4313 2932 4378 ad
2993 4312 3400 4398 Apostolum.

2051 4428 2424 4513 Respondet
2461 4429 2770 4509 secundO,
2839 4429 2941 4496 vel
2970 4429 3122 4517 quia
3180 4450 3307 4495 non
3346 4450 3499 4496 con·
3551 4447 3812 4517 'Secunda

1961 4545 2107 4611 tulit
2174 4545 2453 4632 gratiam
2505 4558 2572 4612 ut
2628 4545 3127 4632 dispositionem
3197 4546 3503 4612 immedi-
3548 4514 3851 4622 mteffireta-

1960 4672 2132 4728 atam
2164 4661 2241 4727 ad
2273 4661 2573 4747 gloriam,
2602 4660 2712 4727 sed
2747 4661 2890 4741 hoc,
2929 4661 3166 4747 inquit,
3208 4682 3337 4727 non
3382 4661 3504 4729 suit
3559 4635 3602 4686 P
3603 4639 3687 4686 atr
3690 4650 3775 4685 ⁰¹¹¹
3786 4674 3799 4687 ·

1961 4798 2041 4844 ex
2093 4777 2346 4844 defectu
2379 4780 2547 4864 eJ'us,
2610 4778 2723 4844 sed
2765 4778 2914 4865 quia
2956 4776 3150 4844 fluxit
3181 4790 3498 4864 tempore,

1959 4914 2086 4979 quo
2130 4894 2408 4980 pretium
2453 4894 2733 4960 nonfuit
2775 4895 3088 4961 solutum.
3142 4898 3274 4960 Hoc
3322 4893 3495 4960 idem

1958 5009 2243 5077 declarat
2303 5010 2494 5091 infra,
2569 5010 2993 5099 responsione
3047 5009 3127 5076 ad
3186 5012 3324 5095 25
3397 5029 3505 5075 se-

1961 5125 2216 5211 quenfi.

2048 5240 2417 5326 Respondet
2517 5241 2733 5319 terti0,
2807 5239 2978 5327 quod
3071 5236 3500 5305 circumcisio
3644 5256 3752 5328 47„

1961 5369 2229 5425 eatenus
2261 5358 2497 5425 dicitur
2528 5358 2655 5423 non
2686 5357 2944 5424 dedisse
2974 5356 3276 5444 gratiam,
3349 5354 3502 5442 quia
3549 5320 3852 5456 ῑῃξξξῗέη.

1961 5495 2090 5539 non
2125 5473 2582 5541 universaliter
2610 5473 2874 5539 cuilibet
2897 5471 3231 5558 recipienti
3273 5471 3498 5538 confe-
3533 5451 3853 5563 Dabffff'de-

1962 5590 2163 5656 rebat.
2232 5588 2794 5656 Determinabatur
2870 5586 3035 5654 forte
3090 5587 3168 5654 ad
3244 5573 3856 5702 certumoefflgffifn

3315 5698 3374 5751 15
