4255 6375
1583 389 1780 452 ms'r.
1816 387 1861 450 1.
1910 380 2277 464 QUAES'rlo
2326 385 2367 446 l.
3470 374 3540 437 15

337 557 602 632 onalis
646 558 781 630 dat
850 578 1049 638 esse,
1112 552 1267 626 nisi
1332 552 1410 625 in
1500 553 1886 644 quantum
2002 550 2155 619 etc.
2206 542 2590 617 Probatio
2652 540 3018 635 majoris,
3068 537 3255 630 quia
3308 558 3550 630 quan-

338 674 822 769 operatione
861 672 1156 748 divina.
2000 665 2085 735 to
2119 660 2510 734 distantia
2541 663 2665 733 est
2717 657 3008 751 major,
3062 659 3293 730 tanto
3336 659 3553 729 tran-

430 796 553 865 Ex
602 792 754 866 hoc
800 790 1170 870 ulterius,
1215 807 1398 860 cum
1447 784 1890 879 producere
2004 778 2214 850 situs
2277 781 2401 852 est
2475 775 2910 857 difficilior,
2983 778 3062 847 et
3159 772 3555 864 majorem

333 933 474 977 esse
541 908 914 981 absolute
970 909 1159 997 (non
1217 903 1697 994 inquantum
1740 897 1888 969 hoc
2000 894 2398 969 virtutem
2461 892 2810 986 requirit
2865 891 2947 963 in
3007 894 3322 983 agente,
3372 887 3558 981 quia

332 1026 466 1098 vel
549 1025 769 1115 illud)
837 1023 1245 1117 pertineat
1313 1019 1408 1092 ad
1490 1015 1888 1089 rationem
2002 1009 2364 1082 videmus
2415 1009 3021 1089 universaliter,
3071 1006 3273 1099 quod
3319 1024 3561 1096 quan-

338 1141 816 1224 creationis‚
933 1157 1130 1230 ergo
1210 1135 1594 1229 sequitur,
1687 1129 1891 1224 quod
2006 1129 2090 1200 to
2165 1124 2529 1217 potentia
2591 1123 2769 1217 plus
2846 1123 3091 1197 distat
3171 1122 3268 1195 ab
3341 1123 3554 1201 actu,

339 1260 661 1334 creatio
755 1260 882 1332 est
968 1253 1313 1349 propria
1408 1251 1621 1325 actio
1717 1246 1887 1322 Dei.
2010 1247 2240 1316 tanto
2323 1242 2778 1333 requiritur
2849 1241 3117 1333 major
3194 1236 3559 1331 potentia

344 1380 446 1449 Et
552 1375 909 1455 additur,
1019 1371 1229 1465 quod
1328 1390 1473 1442 nec
1582 1364 1891 1440 creatio
2009 1360 2092 1432 in
2151 1361 2439 1449 agente
2501 1358 2594 1429 ad
2674 1355 3209 1429 reducendum
3270 1355 3364 1425 ad
3434 1373 3559 1424 ac-

344 1495 623 1587 potest
705 1492 1173 1581 competere
1261 1489 1669 1558 creaturae
1750 1482 1896 1555 mi·
2007 1477 2208 1547 tum.
2257 1473 2642 1546 Probatio
2699 1472 3069 1555 minoris,
3118 1470 3302 1565 quia
3339 1468 3558 1540 omni

339 1606 893 1682 nisterialiter
1003 1604 1131 1675 vel
1258 1598 1898 1674 instrumentali-
2008 1590 2400 1662 distantia-
2465 1588 2694 1661 finita
2771 1587 3173 1677 contingit
3262 1583 3560 1658 intelli-

344 1730 502 1798 ter.
590 1723 837 1818 Cujus
919 1721 1134 1794 ratio
1219 1722 1368 1797 est,
1461 1716 1646 1809 quia
1722 1735 1899 1787 cau-

344 1862 436 1913 sa
509 1834 1161 1912 instrumentalis
1224 1852 1382 1905 non
1457 1829 1900 1923 participat

342 1958 754 2031 actionem
828 1972 1094 2027 causae
1173 1948 1651 2042 superioris,
1743 1945 1902 2018 nisi

346 2096 498 2167 per
557 2071 899 2165 aliquid.
928 2069 1077 2142 sibi
1138 2065 1567 2161 proprium
1620 2083 1901 2154 opere-

345 2196 493 2264 tur
561 2191 655 2263 ad
721 2186 1099 2261 effectum
1147 2184 1567 2277 proprium
1607 2180 1903 2275 princi-

352 2306 566 2401 palis
650 2302 992 2396 agentis.
1085 2297 1497 2377 Proba-tio,
1579 2295 1766 2387 quia
1835 2295 1901 2366 si

350 2421 558 2494 nihil
601 2422 882 2512 ageret
934 2416 1368 2489 secundum
1411 2411 1712 2503 aliquid
1754 2408 1904 2482 sibi

355 2536 814 2632 proprium,
876 2533 1191 2606 frustra
1252 2528 1773 2601 adhiberetur
1814 2526 1907 2597 ad

349 2654 777 2746 agendum,
847 2671 993 2723 nec
1066 2650 1486 2741 oporteret
1552 2663 1729 2715 esse
1787 2642 1908 2713 de-

349 2770 804 2845 terminata
893 2767 1439 2841 instrumenta
1530 2758 1909 2834 determi-

351 2892 744 2961 natarum
848 2883 1288 2962 actionum,
1407 2878 1594 2971 quia
1686 2896 1910 2968 aeque

360 3008 643 3097 posset
710 2999 1162 3095 principale
1247 3014 1496 3085 agens
1567 2993 1649 3065 in
1718 2990 1909 3065 acti·

363 3140 601 3192 onem
721 3136 951 3191 suam
1057 3111 1658 3191 indifferenter,
1769 3125 1912 3201 per

361 3237 921 3328 quodcumque
980 3233 1642 3306 instrumentum.

37 3364 327 3473 cuffiam
450 3351 626 3427 Hoc
708 3352 1175 3425 declaratur
1248 3367 1392 3440 per
1456 3340 1910 3432 exemplum

46 3461 262 3570 'creare
362 3473 455 3545 de
526 3469 821 3550 securi,
906 3487 1081 3560 quae
1144 3485 1289 3558 per
1348 3462 1698 3534 formam
1762 3456 1911 3529 sibi

21 3565 321 3663 mgecpffif'
366 3588 794 3683 propriam
844 3582 1122 3656 dividit
1180 3586 1259 3654 et
1319 3577 1606 3651 scindit
1666 3575 1907 3665 ligna,

82 3692 267 3787 ερῗὲἷιῑι
369 3729 544 3800 quae
614 3706 737 3776 est
803 3698 1231 3793 dispositio
1300 3691 1765 3768 immediata
1819 3691 1911 3761 ad

72 3818 276 3912 [Οὲζξζω
371 3822 724 3892 formam
822 3813 1157 3895 scamni,
1239 3829 1478 3903 quam
1578 3797 1913 3879 intendit

45 3924 335 3991 ‘'mpsim'‘
374 3935 826 4031 principale
884 3951 1179 4024 agens3
1244 3929 1375 4000 sed
1420 3927 1535 3998 sic
1583 3945 1742 3996 non
1787 3943 1906 4014 po·

367 4058 532 4129 test
598 4074 779 4125 esse
841 4050 921 4122 in
995 4046 1435 4128 creatione,
1501 4041 1688 4134 quia
1749 4058 1914 4112 cre·

365 4173 537 4246 atio
599 4190 759 4242 non
798 4171 922 4241 est
979 4185 1080 4237 ex
1121 4163 1392 4255 aliquo
1452 4178 1915 4253 praesuppo-

368 4290 558 4370 sito,
623 4286 827 4379 quod
891 4281 1152 4375 possit
1211 4276 1528 4371 disponi
1590 4295 1736 4368 per
1793 4294 1917 4346 ac-

367 4406 677 4477 tionem
806 4398 1123 4490 agentis
1232 4390 1911 4469 instrumentalis,

371 4524 561 4615 quia
632 4539 811 4592 esse
885 4515 1280 4595 absolute,
1354 4511 1559 4604 quod
1626 4510 1748 4580 est
1814 4507 1918 4578 ef·

373 4617 631 4711 fectus
676 4633 1062 4728 proprius
1103 4630 1246 4703 Dei
1291 4625 1674 4706 creantis,
1723 4642 1920 4715 prae-

373 4750 865 4846 supponitur
914 4747 1285 4821 omnibus
1328 4743 1538 4816 aliis.

150 4899 204 4968 ς».
467 4867 831 4942 Secunda
879 4865 1093 4937 ratio
1168 4858 1734 4953 principaliter
1802 4877 1921 4926 su-

64 4960 297 5073 Βῖιξὲξ·
378 4986 638 5059 mitur
718 5004 816 5055 ex
890 4978 1279 5054 distantia
1343 4974 1916 5053 terminorum,

22 5085 344 5197 υβξξῗέξίξῇ,
376 5105 456 5173 et
506 5105 634 5174 est
684 5098 920 5172 talis:
975 5114 1221 5187 super
1278 5087 1751 5164 distantiam
1813 5086 1921 5157 in-

24 5208 340 5337 {QZ-{1223
377 5219 695 5291 finitam
785 5235 946 5286 non
1044 5212 1307 5304 potest
1402 5206 1560 5278 nisi
1655 5204 1921 5276 virtus

376 5334 721 5415 infinita,
794 5330 925 5404 sed
984 5329 1200 5401 inter
1240 5322 1639 5399 terminos
1700 5338 1925 5392 crea-

374 5450 855 5539 tionisaquo
901 5449 983 5520 et
1034 5447 1127 5512 ad
1183 5465 1394 5532 quem,
1471 5442 1666 5533 puta
1723 5434 1924 5507 nihil

370 5570 451 5641 et
482 5586 653 5646 ens,
698 5566 822 5636 est
870 5556 1260 5634 distantia
1301 5553 1648 5634 infinita3
1696 5570 1918 5644 ergo,

2012 1725 2205 1798 gere
2267 1707 2705 1800 majorem:
2781 1708 2912 1778 sed
2982 1705 3205 1778 nulla
3293 1705 3564 1796 major

2016 1828 2285 1916 potest
2380 1822 2754 1915 intelligi,
2829 1842 3068 1915 quam
3155 1821 3295 1893 illa
3388 1839 3562 1914 quae

2013 1945 2137 2014 est
2207 1942 2423 2014 inter
2490 1940 2690 2012 nihil
2733 1945 2813 2014 et
2875 1961 3041 2012 ens.
3120 1942 3217 2011 Et
3278 1938 3564 2011 confir-

2016 2062 2291 2130 matur
2378 2057 2626 2132 etiam
2725 2057 2893 2129 haec
2995 2056 3286 2138 minor,
3379 2054 3565 2146 quia

2015 2175 2234 2248 inter
2320 2197 2844 2268 quaecumque
2921 2170 3568 2248 contradictoria

2015 2300 2141 2369 est
2216 2293 2606 2366 dista-ntia
2686 2290 3061 2384 aequalis;
3159 2309 3358 2380 ergo
3443 2291 3568 2360 est

2018 2408 2352 2501 aequalis
2439 2407 2830 2479 distantia
2919 2405 3133 2480 inter
3199 2403 3401 2475 nihil
3486 2406 3565 2476 et

2021 2526 2348 2617 aliquid,
2422 2528 2502 2597 et
2580 2523 2795 2596 inter
2878 2524 3132 2595 Deum
3240 2523 3319 2592 et
3406 2540 3566 2591 non

2019 2644 2315 2723 Deum;
2417 2640 2550 2712 sed
2625 2640 2842 2713 inter
2908 2640 3165 2711 Deum
3258 2640 3338 2709 et
3406 2656 3598 2708 non·

2020 2760 2277 2831 Deum
2345 2760 2468 2829 est
2509 2754 2899 2830 distantia
2966 2752 3325 2834 infinita;
3369 2770 3567 2843 ergo

2025 2874 2238 2947 inter
2305 2871 2493 2945 alia.
2572 2874 2775 2945 Item
2848 2870 3094 2945 aliter
3134 2869 3570 2943 confirma-

2023 2994 2162 3063 tur
2235 2990 2528 3070 minor,
2592 2987 2782 3080 quia
2855 2986 3194 3079 aequalis
3263 2988 3387 3058 est
3467 2984 3573 3056 di·

2025 3111 2332 3184 stantia
2402 3110 2620 3185 inter
2687 3111 2840 3183 duo
2929 3105 3576 3182 contradictoria

2024 3234 2104 3304 et
2165 3229 2380 3303 inter
2431 3230 2746 3310 omnia;
2822 3228 2956 3300 sed
3025 3227 3243 3300 inter
3306 3228 3575 3298 totum

2026 3365 2167 3418 ens
2234 3351 2316 3420 et
2388 3341 2705 3438 purum'
2759 3343 2957 3418 nihil
3046 3347 3171 3416 est
3260 3341 3577 3414 infinita

2024 3460 2438 3542 distantia,
2510 3480 2603 3532 eo
2679 3459 2911 3531 modo
2974 3478 3126 3550 quo
3190 3454 3581 3549 possibile

2024 3584 2150 3652 est
2193 3578 2337 3649 sub
2376 3580 2560 3650 ente
2618 3575 2952 3649 creabili
2993 3573 3398 3649 contineri
3458 3573 3576 3645 in-

2026 3694 2326 3776 finitaS,
2368 3691 2447 3763 in
2477 3694 2796 3764 tantum
2835 3689 3035 3782 quod
3070 3709 3316 3782 super
3347 3688 3573 3761 illam

2028 3831 2186 3882 non
2277 3813 2542 3902 potest
2627 3807 2787 3880 nisi
2872 3807 3139 3881 virtus
3201 3805 3569 3887 infinita3

2026 3945 2223 4017 ergo
2319 3923 2655 4017 aequalis
2743 3927 2867 3997 est
2945 3923 3162 3996 inter
3216 3923 3573 3996 animam

2027 4046 2107 4116 et
2149 4060 2308 4113 non
2380 4039 2763 4123 animam,
2828 4040 2998 4112 sive
3058 4040 3273 4112 inter
3341 4041 3575 4132 quod-

2029 4178 2369 4250 cumque
2437 4155 2790 4229 creabile
2857 4160 2937 4230 et
3015 4155 3191 4250 ejus
3270 4156 3579 4247 negati·

2032 4293 2292 4345 onem.

2120 4392 2239 4460 Ex
2319 4388 2476 4462 isto
2559 4387 2816 4460 medio
2879 4388 3291 4462 formatur
3361 4389 3674 4465 ration.
3719 4413 3907 4463 Thom.

2031 4507 2125 4578 ad
2166 4505 2764 4579 conclusionem
2833 4504 3079 4578 aliter
3139 4506 3253 4578 sic
3320 4528 3335 4573 ε
3395 4509 3575 4580 Non
3629 4475 3884 4604 μέζω,

2030 4624 2156 4692 est
2229 4619 2501 4711 aliqua
2563 4617 2992 4711 proportio
3063 4619 3366 4691 nullius
3447 4603 3912 4714 poissssuffffl

2032 4734 2310 4807 tentiae
2420 4735 2513 4806 ad
2619 4733 2981 4827 aliquam
3099 4736 3571 4828 potentiam,
3696 4740 3814 4789 arg·

2034 4851 2247 4924 siout
2297 4871 2440 4923 nec
2506 4870 2661 4922 non
2714 4850 2924 4923 entis
2977 4851 3070 4923 ad
3127 4873 3267 4925 ens
3299 4870 3574 4943 {ergo

2032 4987 2178 5039 nec
2246 4972 2371 5039 est
2440 4965 2715 5058 aliqua
2785 4967 3214 5059 proportio
3275 4967 3581 5041 distan-

2036 5083 2196 5165 tiae,
2272 5104 2445 5174 quae
2504 5087 2628 5155 est
2689 5082 2904 5156 inter
2981 5084 3430 5176 potentiam
3501 5090 3581 5159 et

2035 5203 2304 5271 actum
2387 5200 2480 5270 ad
2563 5199 2812 5279 illam,
2904 5219 3078 5291 quae
3169 5204 3292 5274 est
3370 5200 3585 5275 inter

2035 5316 2344 5387 nullam
2393 5316 2838 5407 potentiam
2889 5320 2969 5389 et
3020 5319 3336 5399 actum;
3381 5339 3579 5411 ergo

2036 5450 2195 5502 non
2263 5430 2423 5503 erit
2489 5429 2918 5522 proportio
2977 5429 3342 5513 virtutis,
3406 5454 3580 5524 quae

2039 5549 2310 5639 potest
2351 5566 2597 5639 super
2651 5544 2894 5620 istam
2950 5546 3423 5622 distantiam
3486 5551 3582 5625 ad
