<?xml version="1.0" encoding="UTF-8"?>
<!DOCTYPE html PUBLIC "-//W3C//DTD XHTML 1.0 Transitional//EN"
    "http://www.w3.org/TR/xhtml1/DTD/xhtml1-transitional.dtd">
<html xmlns="http://www.w3.org/1999/xhtml" xml:lang="en" lang="en">
 <head>
  <title>
</title>
<meta http-equiv="Content-Type" content="text/html;charset=utf-8" />
  <meta name='ocr-system' content='tesseract 3.04.00' />
  <meta name='ocr-capabilities' content='ocr_page ocr_carea ocr_par ocr_line ocrx_word'/>
</head>
<body>
  <div class='ocr_page' id='page_1' title='image "./joannisdunsscot02waddgoog_0376.png"; bbox 0 0 4255 6375; ppageno 0'>
   <div class='ocr_carea' id='block_1_1' title="bbox 892 398 1011 469">
    <p class='ocr_par' dir='ltr' id='par_1_1' title="bbox 892 398 1011 469">
     <span class='ocr_line' id='line_1_1' title="bbox 892 398 1011 469; baseline 0 -1"><span class='ocrx_word' id='word_1_1' title='bbox 892 398 1011 469; x_wconf 82' lang='lat'>372</span> 
     </span>
    </p>
   </div>
   <div class='ocr_carea' id='block_1_2' title="bbox 545 568 2447 2518">
    <p class='ocr_par' dir='ltr' id='par_1_2' title="bbox 545 568 2447 2518">
     <span class='ocr_line' id='line_1_2' title="bbox 571 568 2438 655; baseline 0.002 -25"><span class='ocrx_word' id='word_1_2' title='bbox 571 597 839 649; x_wconf 71' lang='lat' dir='ltr'>Sententia</span> <span class='ocrx_word' id='word_1_3' title='bbox 891 573 1028 643; x_wconf 87' lang='lat' dir='ltr'>tua,</span> <span class='ocrx_word' id='word_1_4' title='bbox 1083 568 1441 648; x_wconf 85' lang='lat' dir='ltr'>praedicato</span> <span class='ocrx_word' id='word_1_5' title='bbox 1483 572 1883 655; x_wconf 88' lang='lat' dir='ltr'>Evangelio;</span> <span class='ocrx_word' id='word_1_6' title='bbox 1932 589 2015 637; x_wconf 85' lang='lat' dir='ltr'>ex</span> <span class='ocrx_word' id='word_1_7' title='bbox 2067 573 2270 653; x_wconf 82' lang='lat' dir='ltr'>priori</span> <span class='ocrx_word' id='word_1_8' title='bbox 2340 587 2438 633; x_wconf 89' lang='lat' dir='ltr'>ra-</span> 
     </span>
     <span class='ocr_line' id='line_1_3' title="bbox 545 659 2443 769; baseline 0.002 -22"><span class='ocrx_word' id='word_1_9' title='bbox 545 659 861 726; x_wconf 78' lang='lat' dir='ltr'>Hieronymi.</span> <span class='ocrx_word' id='word_1_10' title='bbox 888 686 1065 750; x_wconf 89' lang='lat' dir='ltr'>tione</span> <span class='ocrx_word' id='word_1_11' title='bbox 1118 686 1606 767; x_wconf 64' lang='lat' dir='ltr'>dispensatoria)</span> <span class='ocrx_word' id='word_1_12' title='bbox 1655 690 2090 753; x_wconf 75' lang='lat' dir='ltr'><strong>simulationis</strong></span> <span class='ocrx_word' id='word_1_13' title='bbox 2136 688 2443 769; x_wconf 90' lang='lat' dir='ltr'>intelligit</span> 
     </span>
     <span class='ocr_line' id='line_1_4' title="bbox 890 802 2439 884; baseline 0.001 -17"><span class='ocrx_word' id='word_1_14' title='bbox 890 820 974 867; x_wconf 87' lang='lat' dir='ltr'>ex</span> <span class='ocrx_word' id='word_1_15' title='bbox 1004 802 1306 868; x_wconf 89' lang='lat' dir='ltr'>condicto</span> <span class='ocrx_word' id='word_1_16' title='bbox 1341 807 1695 884; x_wconf 78' lang='lat' dir='ltr'>Apostolos</span> <span class='ocrx_word' id='word_1_17' title='bbox 1724 811 2038 879; x_wconf 89' lang='lat' dir='ltr'>certasse,</span> <span class='ocrx_word' id='word_1_18' title='bbox 2072 812 2146 869; x_wconf 92' lang='lat' dir='ltr'>ut</span> <span class='ocrx_word' id='word_1_19' title='bbox 2186 806 2439 877; x_wconf 90' lang='lat' dir='ltr'>Petrus,</span> 
     </span>
     <span class='ocr_line' id='line_1_5' title="bbox 889 921 2444 1003; baseline 0.001 -21"><span class='ocrx_word' id='word_1_20' title='bbox 889 921 1004 999; x_wconf 88' lang='lat' dir='ltr'>qui</span> <span class='ocrx_word' id='word_1_21' title='bbox 1046 925 1189 982; x_wconf 91' lang='lat' dir='ltr'>erat</span> <span class='ocrx_word' id='word_1_22' title='bbox 1231 921 1584 1000; x_wconf 79' lang='lat' dir='ltr'>Apostolus</span> <span class='ocrx_word' id='word_1_23' title='bbox 1628 923 2178 999; x_wconf 86' lang='lat' dir='ltr'>circumcisionis,</span> <span class='ocrx_word' id='word_1_24' title='bbox 2213 927 2444 1003; x_wconf 90' lang='lat' dir='ltr'>ageret</span> 
     </span>
     <span class='ocr_line' id='line_1_6' title="bbox 886 1034 2443 1120; baseline 0.003 -24"><span class='ocrx_word' id='word_1_25' title='bbox 886 1050 1002 1113; x_wconf 90' lang='lat' dir='ltr'>pro</span> <span class='ocrx_word' id='word_1_26' title='bbox 1039 1034 1301 1112; x_wconf 86' lang='lat' dir='ltr'>Judaeis,</span> <span class='ocrx_word' id='word_1_27' title='bbox 1356 1052 1586 1101; x_wconf 88' lang='lat' dir='ltr'>eorum</span> <span class='ocrx_word' id='word_1_28' title='bbox 1630 1037 2019 1103; x_wconf 87' lang='lat' dir='ltr'>infirmitatis</span> <span class='ocrx_word' id='word_1_29' title='bbox 2064 1055 2283 1101; x_wconf 89' lang='lat' dir='ltr'>curam</span> <span class='ocrx_word' id='word_1_30' title='bbox 2325 1055 2443 1120; x_wconf 90' lang='lat' dir='ltr'>ge-</span> 
     </span>
     <span class='ocr_line' id='line_1_7' title="bbox 883 1153 2438 1236; baseline 0.003 -23"><span class='ocrx_word' id='word_1_31' title='bbox 883 1168 1064 1229; x_wconf 89' lang='lat' dir='ltr'>rens,</span> <span class='ocrx_word' id='word_1_32' title='bbox 1142 1153 1372 1234; x_wconf 85' lang='lat' dir='ltr'>eisque</span> <span class='ocrx_word' id='word_1_33' title='bbox 1430 1156 1726 1236; x_wconf 90' lang='lat' dir='ltr'>benigne</span> <span class='ocrx_word' id='word_1_34' title='bbox 1789 1154 2438 1231; x_wconf 81' lang='lat' dir='ltr'>condescendend03</span> 
     </span>
     <span class='ocr_line' id='line_1_8' title="bbox 885 1268 2441 1352; baseline 0.001 -22"><span class='ocrx_word' id='word_1_35' title='bbox 885 1268 1125 1333; x_wconf 88' lang='lat' dir='ltr'>Paulus</span> <span class='ocrx_word' id='word_1_36' title='bbox 1167 1288 1350 1346; x_wconf 89' lang='lat' dir='ltr'>ver0,</span> <span class='ocrx_word' id='word_1_37' title='bbox 1398 1274 1511 1351; x_wconf 87' lang='lat' dir='ltr'>qui</span> <span class='ocrx_word' id='word_1_38' title='bbox 1553 1277 1698 1334; x_wconf 90' lang='lat' dir='ltr'>erat</span> <span class='ocrx_word' id='word_1_39' title='bbox 1721 1274 2077 1352; x_wconf 80' lang='lat' dir='ltr'>Apostolus</span> <span class='ocrx_word' id='word_1_40' title='bbox 2108 1272 2441 1344; x_wconf 87' lang='lat' dir='ltr'>Gentium,</span> 
     </span>
     <span class='ocr_line' id='line_1_9' title="bbox 889 1385 2441 1468; baseline 0.001 -18"><span class='ocrx_word' id='word_1_41' title='bbox 889 1385 1130 1452; x_wconf 92' lang='lat' dir='ltr'>eodem</span> <span class='ocrx_word' id='word_1_42' title='bbox 1199 1388 1399 1451; x_wconf 93' lang='lat' dir='ltr'>modo</span> <span class='ocrx_word' id='word_1_43' title='bbox 1470 1387 2022 1453; x_wconf 80' lang='lat' dir='ltr'>condescendens</span> <span class='ocrx_word' id='word_1_44' title='bbox 2083 1390 2266 1468; x_wconf 87' lang='lat' dir='ltr'>ipsis,</span> <span class='ocrx_word' id='word_1_45' title='bbox 2326 1405 2441 1468; x_wconf 89' lang='lat' dir='ltr'>pro</span> 
     </span>
     <span class='ocr_line' id='line_1_10' title="bbox 888 1504 2442 1586; baseline 0.001 -20"><span class='ocrx_word' id='word_1_46' title='bbox 888 1504 1207 1568; x_wconf 85' lang='lat' dir='ltr'>Gentibus</span> <span class='ocrx_word' id='word_1_47' title='bbox 1249 1510 1475 1580; x_wconf 91' lang='lat' dir='ltr'>staret,</span> <span class='ocrx_word' id='word_1_48' title='bbox 1536 1510 1604 1569; x_wconf 92' lang='lat' dir='ltr'>et</span> <span class='ocrx_word' id='word_1_49' title='bbox 1655 1507 1987 1586; x_wconf 84' lang='lat' dir='ltr'>utrimque</span> <span class='ocrx_word' id='word_1_50' title='bbox 2035 1505 2442 1571; x_wconf 91' lang='lat' dir='ltr'>decertando</span> 
     </span>
     <span class='ocr_line' id='line_1_11' title="bbox 884 1623 2440 1702; baseline -0.001 -17"><span class='ocrx_word' id='word_1_51' title='bbox 884 1623 1391 1697; x_wconf 83' lang='lat' dir='ltr'>instruerentur,</span> <span class='ocrx_word' id='word_1_52' title='bbox 1445 1628 1579 1685; x_wconf 89' lang='lat' dir='ltr'>tam</span> <span class='ocrx_word' id='word_1_53' title='bbox 1623 1623 1828 1688; x_wconf 86' lang='lat' dir='ltr'>Judaei</span> <span class='ocrx_word' id='word_1_54' title='bbox 1874 1639 2077 1702; x_wconf 89' lang='lat' dir='ltr'>quam</span> <span class='ocrx_word' id='word_1_55' title='bbox 2123 1623 2440 1687; x_wconf 84' lang='lat' dir='ltr'>Gentiles.</span> 
     </span>
     <span class='ocr_line' id='line_1_12' title="bbox 889 1738 2445 1822; baseline 0.001 -23"><span class='ocrx_word' id='word_1_56' title='bbox 889 1740 958 1800; x_wconf 92' lang='lat' dir='ltr'>ln</span> <span class='ocrx_word' id='word_1_57' title='bbox 991 1738 1293 1802; x_wconf 89' lang='lat' dir='ltr'>eamdem</span> <span class='ocrx_word' id='word_1_58' title='bbox 1321 1744 1722 1805; x_wconf 88' lang='lat' dir='ltr'>sententiam</span> <span class='ocrx_word' id='word_1_59' title='bbox 1759 1738 1963 1804; x_wconf 85' lang='lat' dir='ltr'>refert</span> <span class='ocrx_word' id='word_1_60' title='bbox 2006 1742 2445 1822; x_wconf 83' lang='lat' dir='ltr'>Hieronymus</span> 
     </span>
     <span class='ocr_line' id='line_1_13' title="bbox 889 1855 2447 1938; baseline 0.001 -20"><span class='ocrx_word' id='word_1_61' title='bbox 889 1855 1148 1919; x_wconf 84' lang='lat' dir='ltr'>Graecos</span> <span class='ocrx_word' id='word_1_62' title='bbox 1189 1858 1437 1932; x_wconf 85' lang='lat' dir='ltr'>Patres,</span> <span class='ocrx_word' id='word_1_63' title='bbox 1468 1874 1636 1938; x_wconf 85' lang='lat' dir='ltr'>quos</span> <span class='ocrx_word' id='word_1_64' title='bbox 1679 1859 1982 1938; x_wconf 87' lang='lat' dir='ltr'>sequitur</span> <span class='ocrx_word' id='word_1_65' title='bbox 2021 1858 2348 1921; x_wconf 89' lang='lat' dir='ltr'>Adrianus</span> <span class='ocrx_word' id='word_1_66' title='bbox 2379 1861 2447 1920; x_wconf 77' lang='lat' dir='ltr'>in</span> 
     </span>
     <span class='ocr_line' id='line_1_14' title="bbox 887 1973 2444 2056; baseline 0.001 -22"><span class='ocrx_word' id='word_1_67' title='bbox 887 1973 949 2035; x_wconf 83' lang='grc'>4.</span> <span class='ocrx_word' id='word_1_68' title='bbox 998 1979 1216 2052; x_wconf 75' lang='lat' dir='ltr'>quaest.</span> <span class='ocrx_word' id='word_1_69' title='bbox 1254 1975 1305 2036; x_wconf 92' lang='lat'>1.</span> <span class='ocrx_word' id='word_1_70' title='bbox 1342 1973 1654 2038; x_wconf 85' lang='lat' dir='ltr'>Caeterum</span> <span class='ocrx_word' id='word_1_71' title='bbox 1687 1975 2125 2056; x_wconf 83' lang='lat' dir='ltr'>Augustinum</span> <span class='ocrx_word' id='word_1_72' title='bbox 2155 1991 2444 2054; x_wconf 87' lang='lat' dir='ltr'>sequun-</span> 
     </span>
     <span class='ocr_line' id='line_1_15' title="bbox 889 2091 2447 2169; baseline 0.001 -19"><span class='ocrx_word' id='word_1_73' title='bbox 889 2092 997 2150; x_wconf 87' lang='lat' dir='ltr'>tur</span> <span class='ocrx_word' id='word_1_74' title='bbox 1045 2106 1280 2152; x_wconf 90' lang='lat' dir='ltr'>omnes</span> <span class='ocrx_word' id='word_1_75' title='bbox 1338 2092 1739 2168; x_wconf 85' lang='lat' dir='ltr'>posteriores</span> <span class='ocrx_word' id='word_1_76' title='bbox 1790 2094 2186 2169; x_wconf 87' lang='lat' dir='ltr'>interpretes</span> <span class='ocrx_word' id='word_1_77' title='bbox 2244 2091 2447 2164; x_wconf 61' lang='lat' dir='ltr'>Latini</span> 
     </span>
     <span class='ocr_line' id='line_1_16' title="bbox 893 2205 2446 2288; baseline 0.002 -23"><span class='ocrx_word' id='word_1_78' title='bbox 893 2207 961 2266; x_wconf 89' lang='lat' dir='ltr'>et</span> <span class='ocrx_word' id='word_1_79' title='bbox 989 2205 1388 2278; x_wconf 83' lang='lat' dir='ltr'>Scholastici,</span> <span class='ocrx_word' id='word_1_80' title='bbox 1424 2206 1579 2285; x_wconf 90' lang='lat' dir='ltr'>quin</span> <span class='ocrx_word' id='word_1_81' title='bbox 1611 2210 1807 2269; x_wconf 90' lang='lat' dir='ltr'>etiam</span> <span class='ocrx_word' id='word_1_82' title='bbox 1834 2208 1978 2286; x_wconf 83' lang='lat' dir='ltr'>ipse</span> <span class='ocrx_word' id='word_1_83' title='bbox 2013 2209 2446 2288; x_wconf 86' lang='lat' dir='ltr'>Hieronymus</span> 
     </span>
     <span class='ocr_line' id='line_1_17' title="bbox 894 2320 2446 2404; baseline 0.001 -22"><span class='ocrx_word' id='word_1_84' title='bbox 894 2321 1190 2385; x_wconf 90' lang='lat' dir='ltr'>transivit</span> <span class='ocrx_word' id='word_1_85' title='bbox 1214 2320 1481 2385; x_wconf 84' lang='lat' dir='ltr'>tandem</span> <span class='ocrx_word' id='word_1_86' title='bbox 1531 2324 1597 2384; x_wconf 92' lang='lat' dir='ltr'>in</span> <span class='ocrx_word' id='word_1_87' title='bbox 1645 2324 2046 2385; x_wconf 88' lang='lat' dir='ltr'>sententiam</span> <span class='ocrx_word' id='word_1_88' title='bbox 2075 2322 2446 2404; x_wconf 87' lang='lat' dir='ltr'>Augustini,</span> 
     </span>
     <span class='ocr_line' id='line_1_18' title="bbox 889 2436 2445 2518; baseline 0.001 -17"><span class='ocrx_word' id='word_1_89' title='bbox 889 2445 965 2501; x_wconf 90' lang='lat' dir='ltr'>ut</span> <span class='ocrx_word' id='word_1_90' title='bbox 1001 2436 1170 2500; x_wconf 84' lang='lat' dir='ltr'>infra</span> <span class='ocrx_word' id='word_1_91' title='bbox 1223 2437 1551 2510; x_wconf 77' lang='lat' dir='ltr'>videmuS,</span> <span class='ocrx_word' id='word_1_92' title='bbox 1612 2440 1784 2518; x_wconf 86' lang='lat' dir='ltr'>quod</span> <span class='ocrx_word' id='word_1_93' title='bbox 1841 2440 2253 2518; x_wconf 87' lang='lat' dir='ltr'>probationis</span> <span class='ocrx_word' id='word_1_94' title='bbox 2301 2438 2445 2502; x_wconf 93' lang='lat' dir='ltr'>loco</span> 
     </span>
    </p>
   </div>
   <div class='ocr_carea' id='block_1_3' title="bbox 574 2551 2449 2889">
    <p class='ocr_par' dir='ltr' id='par_1_3' title="bbox 574 2551 2449 2878">
     <span class='ocr_line' id='line_1_19' title="bbox 889 2551 1196 2617; baseline -0.02 -2"><span class='ocrx_word' id='word_1_95' title='bbox 889 2551 1196 2617; x_wconf 87' lang='lat' dir='ltr'>sufficiet.</span> 
     </span>
     <span class='ocr_line' id='line_1_20' title="bbox 655 2678 2449 2803; baseline 0.001 -44"><span class='ocrx_word' id='word_1_96' title='bbox 655 2751 741 2803; x_wconf 81' lang='lat'>78.</span> <span class='ocrx_word' id='word_1_97' title='bbox 972 2678 1212 2761; x_wconf 77' lang='lat' dir='ltr'>Probat</span> <span class='ocrx_word' id='word_1_98' title='bbox 1241 2714 1401 2779; x_wconf 91' lang='lat' dir='ltr'>ergo</span> <span class='ocrx_word' id='word_1_99' title='bbox 1434 2700 1677 2761; x_wconf 91' lang='lat' dir='ltr'>Doctor</span> <span class='ocrx_word' id='word_1_100' title='bbox 1715 2715 1798 2760; x_wconf 87' lang='lat' dir='ltr'>ex</span> <span class='ocrx_word' id='word_1_101' title='bbox 1845 2698 2174 2761; x_wconf 89' lang='lat' dir='ltr'>sententia</span> <span class='ocrx_word' id='word_1_102' title='bbox 2218 2701 2449 2780; x_wconf 90' lang='lat' dir='ltr'>Augu-</span> 
     </span>
     <span class='ocr_line' id='line_1_21' title="bbox 574 2814 2447 2889; baseline 0.001 -13"><span class='ocrx_word' id='word_1_103' title='bbox 574 2815 829 2864; x_wconf 80' lang='lat' dir='ltr'>Probatur</span> <span class='ocrx_word' id='word_1_104' title='bbox 892 2816 1043 2878; x_wconf 87' lang='lat' dir='ltr'>slini</span> <span class='ocrx_word' id='word_1_105' title='bbox 1119 2814 1411 2877; x_wconf 90' lang='lat' dir='ltr'>Petrum·</span> <span class='ocrx_word' id='word_1_106' title='bbox 1449 2831 1633 2889; x_wconf 91' lang='lat' dir='ltr'>vere,</span> <span class='ocrx_word' id='word_1_107' title='bbox 1707 2821 1773 2878; x_wconf 92' lang='lat' dir='ltr'>et</span> <span class='ocrx_word' id='word_1_108' title='bbox 1838 2831 1973 2877; x_wconf 91' lang='lat' dir='ltr'>non</span> <span class='ocrx_word' id='word_1_109' title='bbox 2042 2816 2447 2878; x_wconf 86' lang='lat' dir='ltr'>simulatorie</span> 
     </span>
    </p>
   </div>
   <div class='ocr_carea' id='block_1_4' title="bbox 562 2875 2445 3050">
    <p class='ocr_par' dir='ltr' id='par_1_4' title="bbox 562 2875 2445 3050">
     <span class='ocr_line' id='line_1_22' title="bbox 562 2875 2445 3050; baseline 0 -57"><span class='ocrx_word' id='word_1_110' title='bbox 562 2875 839 3050; x_wconf 50' lang='grc' dir='ltr'>Ϊιῗξυὲἓιῖἰ</span> <span class='ocrx_word' id='word_1_111' title='bbox 892 2931 1091 2996; x_wconf 86' lang='lat' dir='ltr'>fuisse</span> <span class='ocrx_word' id='word_1_112' title='bbox 1135 2932 1751 3012; x_wconf 86' lang='lat' dir='ltr'>reprehensibilem,</span> <span class='ocrx_word' id='word_1_113' title='bbox 1811 2934 1964 3011; x_wconf 89' lang='lat' dir='ltr'>quia</span> <span class='ocrx_word' id='word_1_114' title='bbox 2025 2931 2108 2995; x_wconf 96' lang='lat' dir='ltr'>ad</span> <span class='ocrx_word' id='word_1_115' title='bbox 2156 2933 2445 3010; x_wconf 91' lang='lat' dir='ltr'>Scriptu-</span> 
     </span>
    </p>
   </div>
   <div class='ocr_carea' id='block_1_5' title="bbox 561 3047 2448 5570">
    <p class='ocr_par' dir='ltr' id='par_1_5' title="bbox 561 3047 2448 3361">
     <span class='ocr_line' id='line_1_23' title="bbox 591 3047 2441 3120; baseline -0.003 -6.911"><span class='ocrx_word' id='word_1_116' title='bbox 591 3062 806 3113; x_wconf 77' lang='lat' dir='ltr'>veritate</span> <span class='ocrx_word' id='word_1_117' title='bbox 894 3065 1032 3110; x_wconf 89' lang='lat' dir='ltr'>ram</span> <span class='ocrx_word' id='word_1_118' title='bbox 1090 3050 1224 3110; x_wconf 87' lang='lat' dir='ltr'>no&#39;n</span> <span class='ocrx_word' id='word_1_119' title='bbox 1280 3052 1382 3109; x_wconf 92' lang='lat' dir='ltr'>est</span> <span class='ocrx_word' id='word_1_120' title='bbox 1437 3047 1924 3110; x_wconf 91' lang='lat' dir='ltr'>admittendum</span> <span class='ocrx_word' id='word_1_121' title='bbox 1997 3047 2441 3120; x_wconf 82' lang='lat' dir='ltr'>mendacium,</span> 
     </span>
     <span class='ocr_line' id='line_1_24' title="bbox 561 3125 2448 3243; baseline -0.002 -13"><span class='ocrx_word' id='word_1_122' title='bbox 561 3125 676 3240; x_wconf 53' lang='grc' dir='ltr'>ῗξῗ</span> <span class='ocrx_word' id='word_1_123' title='bbox 712 3130 844 3240; x_wconf 57' lang='grc' dir='ltr'>Ῐζῖιῗ</span> <span class='ocrx_word' id='word_1_124' title='bbox 893 3164 1014 3229; x_wconf 92' lang='lat' dir='ltr'>sed</span> <span class='ocrx_word' id='word_1_125' title='bbox 1061 3163 1216 3229; x_wconf 90' lang='lat' dir='ltr'>dicit</span> <span class='ocrx_word' id='word_1_126' title='bbox 1267 3164 1504 3227; x_wconf 90' lang='lat' dir='ltr'>Paulus</span> <span class='ocrx_word' id='word_1_127' title='bbox 1548 3165 1613 3226; x_wconf 90' lang='lat' dir='ltr'>in</span> <span class='ocrx_word' id='word_1_128' title='bbox 1669 3180 1747 3227; x_wconf 91' lang='lat' dir='ltr'>ea</span> <span class='ocrx_word' id='word_1_129' title='bbox 1792 3164 2126 3243; x_wconf 87' lang='lat' dir='ltr'>Scriptura</span> <span class='ocrx_word' id='word_1_130' title='bbox 2186 3165 2448 3228; x_wconf 90' lang='lat' dir='ltr'>Petrum</span> 
     </span>
     <span class='ocr_line' id='line_1_25' title="bbox 888 3277 2446 3361; baseline 0 -19"><span class='ocrx_word' id='word_1_131' title='bbox 888 3279 1093 3344; x_wconf 82' lang='lat' dir='ltr'>fuisse</span> <span class='ocrx_word' id='word_1_132' title='bbox 1125 3280 1752 3361; x_wconf 82' lang='lat' dir='ltr'>reprehensibilem3</span> <span class='ocrx_word' id='word_1_133' title='bbox 1802 3297 1960 3360; x_wconf 89' lang='lat' dir='ltr'>ergo</span> <span class='ocrx_word' id='word_1_134' title='bbox 1995 3282 2084 3341; x_wconf 90' lang='lat' dir='ltr'>ita</span> <span class='ocrx_word' id='word_1_135' title='bbox 2111 3277 2236 3342; x_wconf 85' lang='lat' dir='ltr'>fuit</span> <span class='ocrx_word' id='word_1_136' title='bbox 2264 3297 2446 3353; x_wconf 90' lang='lat' dir='ltr'>vere,</span> 
     </span>
    </p>

    <p class='ocr_par' dir='ltr' id='par_1_6' title="bbox 889 3398 2447 3472">
     <span class='ocr_line' id='line_1_26' title="bbox 889 3398 2447 3472; baseline -0.001 -10"><span class='ocrx_word' id='word_1_137' title='bbox 889 3404 957 3462; x_wconf 90' lang='lat' dir='ltr'>et</span> <span class='ocrx_word' id='word_1_138' title='bbox 1003 3415 1137 3463; x_wconf 89' lang='lat' dir='ltr'>non</span> <span class='ocrx_word' id='word_1_139' title='bbox 1181 3399 1608 3472; x_wconf 90' lang='lat' dir='ltr'>simulatorie,</span> <span class='ocrx_word' id='word_1_140' title='bbox 1663 3404 1730 3462; x_wconf 89' lang='lat' dir='ltr'>et</span> <span class='ocrx_word' id='word_1_141' title='bbox 1776 3398 2002 3462; x_wconf 92' lang='lat' dir='ltr'>subdit</span> <span class='ocrx_word' id='word_1_142' title='bbox 2051 3414 2313 3461; x_wconf 89' lang='lat' dir='ltr'>causam</span> <span class='ocrx_word' id='word_1_143' title='bbox 2359 3398 2447 3460; x_wconf 89' lang='lat' dir='ltr'>di·</span> 
     </span>
    </p>

    <p class='ocr_par' dir='ltr' id='par_1_7' title="bbox 886 3520 2448 3815">
     <span class='ocr_line' id='line_1_27' title="bbox 886 3520 2447 3601; baseline -0.001 -19"><span class='ocrx_word' id='word_1_144' title='bbox 886 3534 1091 3601; x_wconf 90' lang='lat' dir='ltr'>gnam</span> <span class='ocrx_word' id='word_1_145' title='bbox 1133 3520 1682 3598; x_wconf 85' lang='lat' dir='ltr'>reprehensione,</span> <span class='ocrx_word' id='word_1_146' title='bbox 1732 3520 2046 3581; x_wconf 81' lang='lat' dir='ltr'>effectum</span> <span class='ocrx_word' id='word_1_147' title='bbox 2089 3535 2172 3579; x_wconf 87' lang='lat' dir='ltr'>ex</span> <span class='ocrx_word' id='word_1_148' title='bbox 2217 3533 2295 3581; x_wconf 89' lang='lat' dir='ltr'>ea</span> <span class='ocrx_word' id='word_1_149' title='bbox 2348 3534 2447 3580; x_wconf 91' lang='lat' dir='ltr'>re·</span> 
     </span>
     <span class='ocr_line' id='line_1_28' title="bbox 888 3635 2448 3714; baseline -0.003 -15"><span class='ocrx_word' id='word_1_150' title='bbox 888 3635 1325 3711; x_wconf 87' lang='lat' dir='ltr'>dundantem,</span> <span class='ocrx_word' id='word_1_151' title='bbox 1382 3635 1577 3700; x_wconf 91' lang='lat' dir='ltr'>docet</span> <span class='ocrx_word' id='word_1_152' title='bbox 1625 3635 2026 3697; x_wconf 89' lang='lat' dir='ltr'>simulationi</span> <span class='ocrx_word' id='word_1_153' title='bbox 2087 3635 2235 3714; x_wconf 84' lang='lat' dir='ltr'>ejus</span> <span class='ocrx_word' id='word_1_154' title='bbox 2290 3649 2448 3695; x_wconf 92' lang='lat' dir='ltr'>con-</span> 
     </span>
     <span class='ocr_line' id='line_1_29' title="bbox 888 3747 2443 3815; baseline -0.001 -2"><span class='ocrx_word' id='word_1_155' title='bbox 888 3753 1177 3814; x_wconf 90' lang='lat' dir='ltr'>sensisse</span> <span class='ocrx_word' id='word_1_156' title='bbox 1210 3753 1373 3815; x_wconf 90' lang='lat' dir='ltr'>alios</span> <span class='ocrx_word' id='word_1_157' title='bbox 1405 3757 1473 3814; x_wconf 93' lang='lat' dir='ltr'>et</span> <span class='ocrx_word' id='word_1_158' title='bbox 1501 3750 1893 3813; x_wconf 89' lang='lat' dir='ltr'>Barnabam.</span> <span class='ocrx_word' id='word_1_159' title='bbox 1937 3748 2210 3812; x_wconf 87' lang='lat' dir='ltr'>Accedit</span> <span class='ocrx_word' id='word_1_160' title='bbox 2256 3747 2443 3812; x_wconf 89' lang='lat' dir='ltr'>deni·-</span> 
     </span>
    </p>

    <p class='ocr_par' dir='ltr' id='par_1_8' title="bbox 612 3862 2447 4179">
     <span class='ocr_line' id='line_1_30' title="bbox 612 3862 2447 3982; baseline -0.003 -53"><span class='ocrx_word' id='word_1_161' title='bbox 612 3918 802 3982; x_wconf 74' lang='lat' dir='ltr'>scopus</span> <span class='ocrx_word' id='word_1_162' title='bbox 892 3883 1022 3946; x_wconf 87' lang='lat' dir='ltr'>que</span> <span class='ocrx_word' id='word_1_163' title='bbox 1046 3884 1290 3946; x_wconf 90' lang='lat' dir='ltr'>scopus</span> <span class='ocrx_word' id='word_1_164' title='bbox 1330 3866 1512 3929; x_wconf 89' lang='lat' dir='ltr'>Pauli</span> <span class='ocrx_word' id='word_1_165' title='bbox 1542 3869 1609 3930; x_wconf 89' lang='lat' dir='ltr'>in</span> <span class='ocrx_word' id='word_1_166' title='bbox 1640 3867 1762 3928; x_wconf 89' lang='lat' dir='ltr'>hac</span> <span class='ocrx_word' id='word_1_167' title='bbox 1794 3864 2097 3943; x_wconf 87' lang='lat' dir='ltr'>epistola,</span> <span class='ocrx_word' id='word_1_168' title='bbox 2150 3863 2265 3927; x_wconf 91' lang='lat' dir='ltr'>ubi</span> <span class='ocrx_word' id='word_1_169' title='bbox 2311 3862 2447 3925; x_wconf 91' lang='lat' dir='ltr'>dis-</span> 
     </span>
     <span class='ocr_line' id='line_1_31' title="bbox 633 3934 2445 4062; baseline -0.001 -19"><span class='ocrx_word' id='word_1_170' title='bbox 633 3934 797 4032; x_wconf 72' lang='lat' dir='ltr'>Pauli</span> <span class='ocrx_word' id='word_1_171' title='bbox 890 3983 1048 4044; x_wconf 91' lang='lat' dir='ltr'>serit</span> <span class='ocrx_word' id='word_1_172' title='bbox 1076 3987 1300 4045; x_wconf 90' lang='lat' dir='ltr'>contra</span> <span class='ocrx_word' id='word_1_173' title='bbox 1340 3999 1480 4056; x_wconf 92' lang='lat' dir='ltr'>eos,</span> <span class='ocrx_word' id='word_1_174' title='bbox 1530 3983 1645 4062; x_wconf 89' lang='lat' dir='ltr'>qui</span> <span class='ocrx_word' id='word_1_175' title='bbox 1692 3982 2020 4062; x_wconf 84' lang='lat' dir='ltr'>cogebant</span> <span class='ocrx_word' id='word_1_176' title='bbox 2065 3981 2327 4042; x_wconf 87' lang='lat' dir='ltr'>Galatas</span> <span class='ocrx_word' id='word_1_177' title='bbox 2360 3978 2445 4042; x_wconf 90' lang='lat' dir='ltr'>ad</span> 
     </span>
     <span class='ocr_line' id='line_1_32' title="bbox 887 4098 2447 4179; baseline -0.001 -20"><span class='ocrx_word' id='word_1_178' title='bbox 887 4098 1109 4179; x_wconf 90' lang='lat' dir='ltr'>legem</span> <span class='ocrx_word' id='word_1_179' title='bbox 1141 4099 1624 4162; x_wconf 88' lang='lat' dir='ltr'>observandam</span> <span class='ocrx_word' id='word_1_180' title='bbox 1655 4106 1720 4163; x_wconf 91' lang='lat' dir='ltr'>et</span> <span class='ocrx_word' id='word_1_181' title='bbox 1742 4098 2342 4168; x_wconf 81' lang='lat' dir='ltr'>circumcisionem,</span> <span class='ocrx_word' id='word_1_182' title='bbox 2381 4103 2447 4157; x_wconf 89' lang='lat' dir='ltr'>et</span> 
     </span>
    </p>

    <p class='ocr_par' dir='ltr' id='par_1_9' title="bbox 887 4212 2444 4294">
     <span class='ocr_line' id='line_1_33' title="bbox 887 4212 2444 4294; baseline -0.003 -15"><span class='ocrx_word' id='word_1_183' title='bbox 887 4218 1069 4279; x_wconf 86' lang='lat' dir='ltr'>initio</span> <span class='ocrx_word' id='word_1_184' title='bbox 1122 4217 1353 4294; x_wconf 86' lang='lat' dir='ltr'>capitis</span> <span class='ocrx_word' id='word_1_185' title='bbox 1404 4215 1561 4279; x_wconf 91' lang='lat' dir='ltr'>dicit</span> <span class='ocrx_word' id='word_1_186' title='bbox 1603 4215 1861 4278; x_wconf 86' lang='lat' dir='ltr'>Judaeos</span> <span class='ocrx_word' id='word_1_187' title='bbox 1906 4212 2252 4293; x_wconf 89' lang='lat' dir='ltr'>quosdam,</span> <span class='ocrx_word' id='word_1_188' title='bbox 2289 4213 2444 4275; x_wconf 90' lang='lat' dir='ltr'>dum</span> 
     </span>
    </p>

    <p class='ocr_par' dir='ltr' id='par_1_10' title="bbox 885 4331 2441 4413">
     <span class='ocr_line' id='line_1_34' title="bbox 885 4331 2441 4413; baseline -0.002 -19"><span class='ocrx_word' id='word_1_189' title='bbox 885 4337 1066 4395; x_wconf 90' lang='lat' dir='ltr'>esset</span> <span class='ocrx_word' id='word_1_190' title='bbox 1101 4331 1549 4413; x_wconf 86' lang='lat' dir='ltr'>Jerosolymis,</span> <span class='ocrx_word' id='word_1_191' title='bbox 1600 4332 2030 4404; x_wconf 86' lang='lat' dir='ltr'>subintrasse,</span> <span class='ocrx_word' id='word_1_192' title='bbox 2077 4335 2154 4393; x_wconf 91' lang='lat' dir='ltr'>ut</span> <span class='ocrx_word' id='word_1_193' title='bbox 2204 4331 2441 4408; x_wconf 92' lang='lat' dir='ltr'>proba-</span> 
     </span>
    </p>

    <p class='ocr_par' dir='ltr' id='par_1_11' title="bbox 880 4445 2442 4523">
     <span class='ocr_line' id='line_1_35' title="bbox 880 4445 2442 4523; baseline -0.002 -15"><span class='ocrx_word' id='word_1_194' title='bbox 880 4450 1031 4509; x_wconf 90' lang='lat' dir='ltr'>rent</span> <span class='ocrx_word' id='word_1_195' title='bbox 1102 4447 1475 4509; x_wconf 88' lang='lat' dir='ltr'>libertatem</span> <span class='ocrx_word' id='word_1_196' title='bbox 1535 4451 1849 4519; x_wconf 88' lang='lat' dir='ltr'>nostram,</span> <span class='ocrx_word' id='word_1_197' title='bbox 1911 4445 2146 4523; x_wconf 84' lang='lat' dir='ltr'>inquit,</span> <span class='ocrx_word' id='word_1_198' title='bbox 2202 4460 2442 4522; x_wconf 89' lang='lat' dir='ltr'>nempe</span> 
     </span>
    </p>

    <p class='ocr_par' dir='ltr' id='par_1_12' title="bbox 879 4558 2445 4640">
     <span class='ocr_line' id='line_1_36' title="bbox 879 4558 2445 4640; baseline -0.001 -17"><span class='ocrx_word' id='word_1_199' title='bbox 879 4578 998 4640; x_wconf 91' lang='lat' dir='ltr'>pro</span> <span class='ocrx_word' id='word_1_200' title='bbox 1042 4562 1317 4624; x_wconf 88' lang='lat' dir='ltr'>veritate</span> <span class='ocrx_word' id='word_1_201' title='bbox 1363 4570 1428 4624; x_wconf 91' lang='lat' dir='ltr'>et</span> <span class='ocrx_word' id='word_1_202' title='bbox 1468 4560 1773 4623; x_wconf 91' lang='lat' dir='ltr'>libertate</span> <span class='ocrx_word' id='word_1_203' title='bbox 1803 4560 2141 4639; x_wconf 84' lang='lat' dir='ltr'>Evangelii</span> <span class='ocrx_word' id='word_1_204' title='bbox 2169 4560 2237 4622; x_wconf 88' lang='lat' dir='ltr'>in</span> <span class='ocrx_word' id='word_1_205' title='bbox 2268 4558 2445 4621; x_wconf 87' lang='lat' dir='ltr'>Chri-</span> 
     </span>
    </p>

    <p class='ocr_par' dir='ltr' id='par_1_13' title="bbox 881 4674 2443 4757">
     <span class='ocr_line' id='line_1_37' title="bbox 881 4674 2443 4757; baseline -0.001 -18"><span class='ocrx_word' id='word_1_206' title='bbox 881 4683 983 4740; x_wconf 91' lang='lat' dir='ltr'>sto</span> <span class='ocrx_word' id='word_1_207' title='bbox 1040 4680 1221 4753; x_wconf 92' lang='lat' dir='ltr'>Jesu,</span> <span class='ocrx_word' id='word_1_208' title='bbox 1268 4695 1308 4740; x_wconf 90' lang='lat' dir='ltr'>a</span> <span class='ocrx_word' id='word_1_209' title='bbox 1359 4679 1678 4741; x_wconf 90' lang='lat' dir='ltr'>servitute</span> <span class='ocrx_word' id='word_1_210' title='bbox 1739 4676 1931 4757; x_wconf 90' lang='lat' dir='ltr'>legis,</span> <span class='ocrx_word' id='word_1_211' title='bbox 1991 4677 2082 4738; x_wconf 92' lang='lat' dir='ltr'>illi</span> <span class='ocrx_word' id='word_1_212' title='bbox 2129 4674 2443 4740; x_wconf 88' lang='lat' dir='ltr'>videlicet</span> 
     </span>
    </p>

    <p class='ocr_par' dir='ltr' id='par_1_14' title="bbox 881 4793 2442 4876">
     <span class='ocr_line' id='line_1_38' title="bbox 881 4793 2442 4876; baseline -0.001 -20"><span class='ocrx_word' id='word_1_213' title='bbox 881 4811 999 4873; x_wconf 90' lang='lat' dir='ltr'>pro</span> <span class='ocrx_word' id='word_1_214' title='bbox 1030 4795 1183 4876; x_wconf 91' lang='lat' dir='ltr'>lege</span> <span class='ocrx_word' id='word_1_215' title='bbox 1216 4795 1581 4869; x_wconf 89' lang='lat' dir='ltr'>certabant,</span> <span class='ocrx_word' id='word_1_216' title='bbox 1615 4795 1855 4856; x_wconf 87' lang='lat' dir='ltr'>Paulus</span> <span class='ocrx_word' id='word_1_217' title='bbox 1885 4810 2042 4856; x_wconf 88' lang='lat' dir='ltr'>vero</span> <span class='ocrx_word' id='word_1_218' title='bbox 2073 4811 2192 4872; x_wconf 90' lang='lat' dir='ltr'>pro</span> <span class='ocrx_word' id='word_1_219' title='bbox 2237 4793 2442 4856; x_wconf 89' lang='lat' dir='ltr'>Evan-</span> 
     </span>
    </p>

    <p class='ocr_par' dir='ltr' id='par_1_15' title="bbox 865 4909 2447 5570">
     <span class='ocr_line' id='line_1_39' title="bbox 883 4909 2438 4991; baseline -0.002 -18"><span class='ocrx_word' id='word_1_220' title='bbox 883 4911 1058 4991; x_wconf 91' lang='lat' dir='ltr'>gelio</span> <span class='ocrx_word' id='word_1_221' title='bbox 1120 4930 1136 4972; x_wconf 89' lang='lat'><strong>:</strong></span> <span class='ocrx_word' id='word_1_222' title='bbox 1197 4912 1423 4988; x_wconf 79' lang='lat' dir='ltr'>quibus</span> <span class='ocrx_word' id='word_1_223' title='bbox 1473 4927 1680 4987; x_wconf 78' lang='lat' dir='ltr'>neque</span> <span class='ocrx_word' id='word_1_224' title='bbox 1735 4911 1825 4971; x_wconf 86' lang='lat' dir='ltr'>ad</span> <span class='ocrx_word' id='word_1_225' title='bbox 1889 4910 2147 4982; x_wconf 73' lang='lat' dir='ltr'>horam,</span> <span class='ocrx_word' id='word_1_226' title='bbox 2204 4909 2438 4987; x_wconf 91' lang='lat' dir='ltr'>inquit,</span> 
     </span>
     <span class='ocr_line' id='line_1_40' title="bbox 879 5028 2447 5106; baseline -0.003 -15"><span class='ocrx_word' id='word_1_227' title='bbox 879 5029 1185 5091; x_wconf 79' lang='lat' dir='ltr'>cessimus</span> <span class='ocrx_word' id='word_1_228' title='bbox 1228 5029 1640 5106; x_wconf 77' lang='lat' dir='ltr'>subjectione,</span> <span class='ocrx_word' id='word_1_229' title='bbox 1702 5034 1770 5089; x_wconf 76' lang='lat' dir='ltr'>ut</span> <span class='ocrx_word' id='word_1_230' title='bbox 1824 5029 2065 5088; x_wconf 77' lang='lat' dir='ltr'>veritas</span> <span class='ocrx_word' id='word_1_231' title='bbox 2106 5028 2447 5104; x_wconf 73' lang='lat' dir='ltr'>Evanqelii</span> 
     </span>
     <span class='ocr_line' id='line_1_41' title="bbox 865 5142 2435 5222; baseline 0 -16"><span class='ocrx_word' id='word_1_232' title='bbox 865 5152 1252 5222; x_wconf 76' lang='lat' dir='ltr'>permaneat</span> <span class='ocrx_word' id='word_1_233' title='bbox 1282 5146 1463 5222; x_wconf 78' lang='lat' dir='ltr'>apud</span> <span class='ocrx_word' id='word_1_234' title='bbox 1499 5162 1654 5220; x_wconf 85' lang='lat' dir='ltr'>vos,·</span> <span class='ocrx_word' id='word_1_235' title='bbox 1696 5142 1995 5207; x_wconf 91' lang='lat' dir='ltr'>subdens</span> <span class='ocrx_word' id='word_1_236' title='bbox 2026 5158 2181 5204; x_wconf 87' lang='lat' dir='ltr'>mox</span> <span class='ocrx_word' id='word_1_237' title='bbox 2212 5148 2435 5206; x_wconf 84' lang='lat' dir='ltr'>aucto-</span> 
     </span>
     <span class='ocr_line' id='line_1_42' title="bbox 872 5255 2433 5344; baseline -0.006 -22"><span class='ocrx_word' id='word_1_238' title='bbox 872 5261 1128 5322; x_wconf 87' lang='lat' dir='ltr'>ritatem</span> <span class='ocrx_word' id='word_1_239' title='bbox 1158 5259 1496 5339; x_wconf 82' lang='lat' dir='ltr'>Evangelii</span> <span class='ocrx_word' id='word_1_240' title='bbox 1569 5263 1635 5319; x_wconf 88' lang='lat' dir='ltr'>et</span> <span class='ocrx_word' id='word_1_241' title='bbox 1683 5273 1815 5320; x_wconf 81' lang='lat' dir='ltr'>suae</span> <span class='ocrx_word' id='word_1_242' title='bbox 1861 5255 2195 5327; x_wconf 74' lang='lat' dir='ltr'>doctrinae,</span> <span class='ocrx_word' id='word_1_243' title='bbox 2234 5270 2433 5344; x_wconf 86' lang='lat' dir='ltr'>quam</span> 
     </span>
     <span class='ocr_line' id='line_1_43' title="bbox 872 5369 2435 5454; baseline -0.003 -18"><span class='ocrx_word' id='word_1_244' title='bbox 872 5374 1280 5454; x_wconf 87' lang='lat' dir='ltr'>praedicavit,</span> <span class='ocrx_word' id='word_1_245' title='bbox 1314 5374 1659 5437; x_wconf 88' lang='lat' dir='ltr'>collatione</span> <span class='ocrx_word' id='word_1_246' title='bbox 1708 5371 1880 5435; x_wconf 83' lang='lat' dir='ltr'>facta</span> <span class='ocrx_word' id='word_1_247' title='bbox 1913 5390 2064 5434; x_wconf 92' lang='lat' dir='ltr'>cum</span> <span class='ocrx_word' id='word_1_248' title='bbox 2114 5369 2435 5450; x_wconf 90' lang='lat' dir='ltr'>primariis</span> 
     </span>
     <span class='ocr_line' id='line_1_44' title="bbox 869 5488 2438 5570; baseline -0.003 -17"><span class='ocrx_word' id='word_1_249' title='bbox 869 5490 1219 5570; x_wconf 92' lang='lat' dir='ltr'>Apostolis,</span> <span class='ocrx_word' id='word_1_250' title='bbox 1295 5491 1508 5563; x_wconf 88' lang='lat' dir='ltr'>Petro,</span> <span class='ocrx_word' id='word_1_251' title='bbox 1580 5489 1825 5552; x_wconf 86' lang='lat' dir='ltr'>Jacobo</span> <span class='ocrx_word' id='word_1_252' title='bbox 1874 5492 1940 5552; x_wconf 92' lang='lat' dir='ltr'>et</span> <span class='ocrx_word' id='word_1_253' title='bbox 1980 5491 2261 5561; x_wconf 88' lang='lat' dir='ltr'>Joanne,</span> <span class='ocrx_word' id='word_1_254' title='bbox 2325 5488 2438 5566; x_wconf 89' lang='lat' dir='ltr'>qui</span> 
     </span>
    </p>
   </div>
   <div class='ocr_carea' id='block_1_6' title="bbox 840 5603 2436 5686">
    <p class='ocr_par' dir='ltr' id='par_1_16' title="bbox 840 5603 2436 5686">
     <span class='ocr_line' id='line_1_45' title="bbox 840 5603 2436 5686; baseline -0.004 -16"><span class='ocrx_word' id='word_1_255' title='bbox 840 5607 1000 5671; x_wconf 89' lang='lat' dir='ltr'>nihil</span> <span class='ocrx_word' id='word_1_256' title='bbox 1051 5608 1111 5670; x_wconf 91' lang='lat' dir='ltr'>ei</span> <span class='ocrx_word' id='word_1_257' title='bbox 1156 5609 1612 5681; x_wconf 87' lang='lat' dir='ltr'>contulerunt,</span> <span class='ocrx_word' id='word_1_258' title='bbox 1661 5610 1988 5686; x_wconf 86' lang='lat' dir='ltr'>quantum</span> <span class='ocrx_word' id='word_1_259' title='bbox 2045 5603 2134 5667; x_wconf 89' lang='lat' dir='ltr'>ad</span> <span class='ocrx_word' id='word_1_260' title='bbox 2189 5603 2436 5667; x_wconf 88' lang='lat' dir='ltr'>doctri-</span> 
     </span>
    </p>
   </div>
   <div class='ocr_carea' id='block_1_7' title="bbox 2048 403 2981 481">
    <p class='ocr_par' dir='ltr' id='par_1_17' title="bbox 2048 403 2981 481">
     <span class='ocr_line' id='line_1_46' title="bbox 2048 403 2981 481; baseline 0.003 -10"><span class='ocrx_word' id='word_1_261' title='bbox 2048 403 2194 473; x_wconf 86' lang='lat' dir='ltr'><strong>LIB.</strong></span> <span class='ocrx_word' id='word_1_262' title='bbox 2241 406 2343 473; x_wconf 86' lang='lat' dir='ltr'>IV.</span> <span class='ocrx_word' id='word_1_263' title='bbox 2385 405 2981 481; x_wconf 74' lang='lat' dir='ltr'>SENTENTIARUM</span> 
     </span>
    </p>
   </div>
   <div class='ocr_carea' id='block_1_8' title="bbox 2548 559 4035 5691">
    <p class='ocr_par' dir='ltr' id='par_1_18' title="bbox 2548 559 3995 1218">
     <span class='ocr_line' id='line_1_47' title="bbox 2549 559 3984 656; baseline 0.003 -22"><span class='ocrx_word' id='word_1_264' title='bbox 2549 589 2706 635; x_wconf 89' lang='lat' dir='ltr'>nam</span> <span class='ocrx_word' id='word_1_265' title='bbox 2754 578 2822 637; x_wconf 91' lang='lat' dir='ltr'>et</span> <span class='ocrx_word' id='word_1_266' title='bbox 2863 574 3204 638; x_wconf 89' lang='lat' dir='ltr'>veritatem</span> <span class='ocrx_word' id='word_1_267' title='bbox 3228 559 3588 656; x_wconf 80' lang='lat' dir='ltr'>Evangelii,</span> <span class='ocrx_word' id='word_1_268' title='bbox 3614 575 3880 639; x_wconf 84' lang='lat' dir='ltr'>dexteras</span> <span class='ocrx_word' id='word_1_269' title='bbox 3892 576 3984 655; x_wconf 82' lang='lat' dir='ltr'>jun·</span> 
     </span>
     <span class='ocr_line' id='line_1_48' title="bbox 2549 693 3989 770; baseline 0.002 -18"><span class='ocrx_word' id='word_1_270' title='bbox 2549 699 2810 765; x_wconf 88' lang='lat' dir='ltr'>xerunt,</span> <span class='ocrx_word' id='word_1_271' title='bbox 2854 698 2928 755; x_wconf 92' lang='lat' dir='ltr'>ut</span> <span class='ocrx_word' id='word_1_272' title='bbox 2978 693 3217 755; x_wconf 90' lang='lat' dir='ltr'>Paulus</span> <span class='ocrx_word' id='word_1_273' title='bbox 3273 693 3359 756; x_wconf 90' lang='lat' dir='ltr'>ad</span> <span class='ocrx_word' id='word_1_274' title='bbox 3414 693 3699 756; x_wconf 90' lang='lat' dir='ltr'>Gentiles</span> <span class='ocrx_word' id='word_1_275' title='bbox 3748 701 3989 770; x_wconf 82' lang='lat' dir='ltr'>pergeret,</span> 
     </span>
     <span class='ocr_line' id='line_1_49' title="bbox 2548 808 3990 885; baseline 0.002 -16"><span class='ocrx_word' id='word_1_276' title='bbox 2548 808 2672 885; x_wconf 90' lang='lat' dir='ltr'>ipsi</span> <span class='ocrx_word' id='word_1_277' title='bbox 2742 824 2899 871; x_wconf 89' lang='lat' dir='ltr'>vero</span> <span class='ocrx_word' id='word_1_278' title='bbox 2977 808 3063 872; x_wconf 89' lang='lat' dir='ltr'>ad</span> <span class='ocrx_word' id='word_1_279' title='bbox 3144 808 3759 882; x_wconf 80' lang='lat' dir='ltr'>Circumcisi0n0m;</span> <span class='ocrx_word' id='word_1_280' title='bbox 3828 809 3990 873; x_wconf 81' lang='lat' dir='ltr'>deinde</span> 
     </span>
     <span class='ocr_line' id='line_1_50' title="bbox 2552 920 3995 999; baseline 0.003 -15"><span class='ocrx_word' id='word_1_281' title='bbox 2552 920 2776 986; x_wconf 92' lang='lat' dir='ltr'>subdit</span> <span class='ocrx_word' id='word_1_282' title='bbox 2806 922 2967 985; x_wconf 90' lang='lat' dir='ltr'>illud</span> <span class='ocrx_word' id='word_1_283' title='bbox 2997 920 3241 986; x_wconf 87' lang='lat' dir='ltr'>factum</span> <span class='ocrx_word' id='word_1_284' title='bbox 3269 924 3440 986; x_wconf 90' lang='lat' dir='ltr'>Petri</span> <span class='ocrx_word' id='word_1_285' title='bbox 3484 924 3829 999; x_wconf 81' lang='lat' dir='ltr'>Antiochiae,</span> <span class='ocrx_word' id='word_1_286' title='bbox 3862 930 3911 987; x_wconf 87' lang='lat' dir='ltr'>et</span> <span class='ocrx_word' id='word_1_287' title='bbox 3937 943 3995 988; x_wconf 78' lang='lat' dir='ltr'>re-</span> 
     </span>
     <span class='ocr_line' id='line_1_51' title="bbox 2553 1039 3995 1119; baseline 0.001 -20"><span class='ocrx_word' id='word_1_288' title='bbox 2553 1039 3068 1116; x_wconf 89' lang='lat' dir='ltr'>prehensionem</span> <span class='ocrx_word' id='word_1_289' title='bbox 3110 1058 3147 1103; x_wconf 94' lang='lat' dir='ltr'>a</span> <span class='ocrx_word' id='word_1_290' title='bbox 3210 1058 3283 1103; x_wconf 87' lang='lat' dir='ltr'>se</span> <span class='ocrx_word' id='word_1_291' title='bbox 3339 1039 3589 1117; x_wconf 90' lang='lat' dir='ltr'>datam,</span> <span class='ocrx_word' id='word_1_292' title='bbox 3655 1044 3798 1119; x_wconf 78' lang='lat' dir='ltr'>quia</span> <span class='ocrx_word' id='word_1_293' title='bbox 3846 1057 3995 1118; x_wconf 78' lang='lat' dir='ltr'>repre·</span> 
     </span>
     <span class='ocr_line' id='line_1_52' title="bbox 2551 1155 3079 1218; baseline -0.002 -2"><span class='ocrx_word' id='word_1_294' title='bbox 2551 1155 2884 1218; x_wconf 79' lang='lat' dir='ltr'>hensibilis</span> <span class='ocrx_word' id='word_1_295' title='bbox 2915 1161 3079 1216; x_wconf 76' lang='lat' dir='ltr'>erat.</span> 
     </span>
    </p>

    <p class='ocr_par' dir='ltr' id='par_1_19' title="bbox 2552 1267 4035 4611">
     <span class='ocr_line' id='line_1_53' title="bbox 2633 1267 3993 1349; baseline 0 -18"><span class='ocrx_word' id='word_1_296' title='bbox 2633 1270 2725 1331; x_wconf 87' lang='lat' dir='ltr'>Ex</span> <span class='ocrx_word' id='word_1_297' title='bbox 2796 1270 3035 1349; x_wconf 87' lang='lat' dir='ltr'>quibus</span> <span class='ocrx_word' id='word_1_298' title='bbox 3092 1267 3352 1333; x_wconf 86' lang='lat' dir='ltr'>videtur</span> <span class='ocrx_word' id='word_1_299' title='bbox 3420 1270 3687 1343; x_wconf 88' lang='lat' dir='ltr'>clarum,</span> <span class='ocrx_word' id='word_1_300' title='bbox 3751 1269 3885 1331; x_wconf 86' lang='lat' dir='ltr'>nihil</span> <span class='ocrx_word' id='word_1_301' title='bbox 3933 1270 3993 1332; x_wconf 80' lang='lat' dir='ltr'>hic</span> 
     </span>
     <span class='ocr_line' id='line_1_54' title="bbox 2552 1380 3996 1464; baseline 0.001 -20"><span class='ocrx_word' id='word_1_302' title='bbox 2552 1380 2802 1448; x_wconf 85' lang='lat' dir='ltr'>factum</span> <span class='ocrx_word' id='word_1_303' title='bbox 2848 1385 2972 1447; x_wconf 93' lang='lat' dir='ltr'>sub</span> <span class='ocrx_word' id='word_1_304' title='bbox 3019 1386 3481 1459; x_wconf 88' lang='lat' dir='ltr'>simulatione;</span> <span class='ocrx_word' id='word_1_305' title='bbox 3525 1386 3582 1447; x_wconf 90' lang='lat' dir='ltr'>si</span> <span class='ocrx_word' id='word_1_306' title='bbox 3609 1386 3996 1464; x_wconf 75' lang='lat' dir='ltr'>reprehensibi-</span> 
     </span>
     <span class='ocr_line' id='line_1_55' title="bbox 2555 1476 4035 1587; baseline 0.001 -20"><span class='ocrx_word' id='word_1_307' title='bbox 2555 1506 2689 1568; x_wconf 92' lang='lat' dir='ltr'>lem</span> <span class='ocrx_word' id='word_1_308' title='bbox 2757 1476 2987 1570; x_wconf 83' lang='lat' dir='ltr'>asserit</span> <span class='ocrx_word' id='word_1_309' title='bbox 3054 1507 3538 1570; x_wconf 90' lang='lat' dir='ltr'>simulationem</span> <span class='ocrx_word' id='word_1_310' title='bbox 3622 1507 3801 1579; x_wconf 86' lang='lat' dir='ltr'>Petri,</span> <span class='ocrx_word' id='word_1_311' title='bbox 3866 1508 4035 1587; x_wconf 78' lang='lat' dir='ltr'>longe·</span> 
     </span>
     <span class='ocr_line' id='line_1_56' title="bbox 2557 1620 4001 1703; baseline 0 -21"><span class='ocrx_word' id='word_1_312' title='bbox 2557 1621 2760 1685; x_wconf 93' lang='lat' dir='ltr'>debet</span> <span class='ocrx_word' id='word_1_313' title='bbox 2828 1624 2971 1703; x_wconf 90' lang='lat' dir='ltr'>ipse</span> <span class='ocrx_word' id='word_1_314' title='bbox 3029 1639 3179 1685; x_wconf 86' lang='lat' dir='ltr'>esse</span> <span class='ocrx_word' id='word_1_315' title='bbox 3233 1638 3274 1683; x_wconf 87' lang='lat' dir='ltr'>a</span> <span class='ocrx_word' id='word_1_316' title='bbox 3326 1620 3758 1686; x_wconf 85' lang='lat' dir='ltr'>simulatione.</span> <span class='ocrx_word' id='word_1_317' title='bbox 3817 1622 4001 1684; x_wconf 79' lang='lat' dir='ltr'>Accedit</span> 
     </span>
     <span class='ocr_line' id='line_1_57' title="bbox 2553 1739 4001 1817; baseline -0.002 -15"><span class='ocrx_word' id='word_1_318' title='bbox 2553 1739 2831 1804; x_wconf 84' lang='lat' dir='ltr'>ulterius</span> <span class='ocrx_word' id='word_1_319' title='bbox 2875 1739 3365 1802; x_wconf 88' lang='lat' dir='ltr'>circumstantia</span> <span class='ocrx_word' id='word_1_320' title='bbox 3420 1739 3752 1817; x_wconf 82' lang='lat' dir='ltr'>temporis,</span> <span class='ocrx_word' id='word_1_321' title='bbox 3797 1739 4001 1817; x_wconf 74' lang='lat' dir='ltr'>quohat</span> 
     </span>
     <span class='ocr_line' id='line_1_58' title="bbox 2556 1854 4006 1935; baseline -0.002 -19"><span class='ocrx_word' id='word_1_322' title='bbox 2556 1855 2986 1933; x_wconf 84' lang='lat' dir='ltr'>reprehensio</span> <span class='ocrx_word' id='word_1_323' title='bbox 3021 1862 3087 1916; x_wconf 89' lang='lat' dir='ltr'>et</span> <span class='ocrx_word' id='word_1_324' title='bbox 3127 1871 3326 1917; x_wconf 90' lang='lat' dir='ltr'>causa</span> <span class='ocrx_word' id='word_1_325' title='bbox 3375 1855 3520 1935; x_wconf 89' lang='lat' dir='ltr'>ejus</span> <span class='ocrx_word' id='word_1_326' title='bbox 3570 1854 3891 1933; x_wconf 88' lang='lat' dir='ltr'>contigerit</span> <span class='ocrx_word' id='word_1_327' title='bbox 3922 1858 4006 1929; x_wconf 64' lang='lat' dir='ltr'>pos</span> 
     </span>
     <span class='ocr_line' id='line_1_59' title="bbox 2556 1972 4006 2056; baseline -0.001 -21"><span class='ocrx_word' id='word_1_328' title='bbox 2556 1972 2917 2037; x_wconf 83' lang='lat' dir='ltr'>Concilium</span> <span class='ocrx_word' id='word_1_329' title='bbox 2944 1974 3594 2056; x_wconf 83' lang='lat' dir='ltr'>Jerosolymitanum,</span> <span class='ocrx_word' id='word_1_330' title='bbox 3623 1974 3689 2036; x_wconf 91' lang='lat' dir='ltr'>in</span> <span class='ocrx_word' id='word_1_331' title='bbox 3720 1990 3837 2052; x_wconf 88' lang='lat' dir='ltr'>quo</span> <span class='ocrx_word' id='word_1_332' title='bbox 3864 1972 4006 2035; x_wconf 79' lang='lat' dir='ltr'>decre-</span> 
     </span>
     <span class='ocr_line' id='line_1_60' title="bbox 2560 2090 4008 2173; baseline -0.001 -22"><span class='ocrx_word' id='word_1_333' title='bbox 2560 2094 2697 2153; x_wconf 91' lang='lat' dir='ltr'>tum</span> <span class='ocrx_word' id='word_1_334' title='bbox 2731 2099 2854 2167; x_wconf 90' lang='lat' dir='ltr'>est,</span> <span class='ocrx_word' id='word_1_335' title='bbox 2888 2107 2972 2153; x_wconf 92' lang='lat' dir='ltr'>ne</span> <span class='ocrx_word' id='word_1_336' title='bbox 2992 2091 3238 2173; x_wconf 89' lang='lat' dir='ltr'>jugum</span> <span class='ocrx_word' id='word_1_337' title='bbox 3266 2090 3435 2171; x_wconf 89' lang='lat' dir='ltr'>legis</span> <span class='ocrx_word' id='word_1_338' title='bbox 3465 2090 3779 2153; x_wconf 88' lang='lat' dir='ltr'>Gentibus</span> <span class='ocrx_word' id='word_1_339' title='bbox 3821 2105 4008 2150; x_wconf 65' lang='lat' dir='ltr'>conve·</span> 
     </span>
     <span class='ocr_line' id='line_1_61' title="bbox 2557 2205 4007 2286; baseline -0.002 -16"><span class='ocrx_word' id='word_1_340' title='bbox 2557 2209 2646 2270; x_wconf 88' lang='lat' dir='ltr'>sis</span> <span class='ocrx_word' id='word_1_341' title='bbox 2702 2206 3181 2285; x_wconf 82' lang='lat' dir='ltr'>imponeretur,</span> <span class='ocrx_word' id='word_1_342' title='bbox 3249 2223 3324 2270; x_wconf 91' lang='lat' dir='ltr'>ac</span> <span class='ocrx_word' id='word_1_343' title='bbox 3398 2205 3682 2286; x_wconf 87' lang='lat' dir='ltr'>proinde</span> <span class='ocrx_word' id='word_1_344' title='bbox 3734 2208 4007 2286; x_wconf 62' lang='lat' dir='ltr'>segregatio</span> 
     </span>
     <span class='ocr_line' id='line_1_62' title="bbox 2560 2323 4003 2387; baseline -0.002 -2"><span class='ocrx_word' id='word_1_345' title='bbox 2560 2325 2669 2386; x_wconf 91' lang='lat' dir='ltr'>illa</span> <span class='ocrx_word' id='word_1_346' title='bbox 2715 2324 2888 2386; x_wconf 91' lang='lat' dir='ltr'>Petri</span> <span class='ocrx_word' id='word_1_347' title='bbox 2937 2342 2974 2386; x_wconf 89' lang='lat' dir='ltr'>a</span> <span class='ocrx_word' id='word_1_348' title='bbox 3026 2325 3347 2387; x_wconf 90' lang='lat' dir='ltr'>Gentibus</span> <span class='ocrx_word' id='word_1_349' title='bbox 3393 2329 3466 2385; x_wconf 90' lang='lat' dir='ltr'>ut</span> <span class='ocrx_word' id='word_1_350' title='bbox 3511 2324 3840 2387; x_wconf 82' lang='lat' dir='ltr'>simularet</span> <span class='ocrx_word' id='word_1_351' title='bbox 3869 2323 4003 2383; x_wconf 69' lang='lat' dir='ltr'>obse·</span> 
     </span>
     <span class='ocr_line' id='line_1_63' title="bbox 2559 2436 4009 2521; baseline -0.006 -16"><span class='ocrx_word' id='word_1_352' title='bbox 2559 2443 2844 2505; x_wconf 88' lang='lat' dir='ltr'>vantiam</span> <span class='ocrx_word' id='word_1_353' title='bbox 2913 2442 3106 2521; x_wconf 78' lang='lat' dir='ltr'>legiS,</span> <span class='ocrx_word' id='word_1_354' title='bbox 3164 2440 3426 2505; x_wconf 89' lang='lat' dir='ltr'>videtur</span> <span class='ocrx_word' id='word_1_355' title='bbox 3491 2443 3847 2521; x_wconf 80' lang='lat' dir='ltr'>incongrue</span> <span class='ocrx_word' id='word_1_356' title='bbox 3890 2436 4009 2499; x_wconf 61' lang='lat' dir='ltr'>facta</span> 
     </span>
     <span class='ocr_line' id='line_1_64' title="bbox 2558 2555 4011 2639; baseline -0.004 -17"><span class='ocrx_word' id='word_1_357' title='bbox 2558 2558 2835 2623; x_wconf 86' lang='lat' dir='ltr'>Accedit</span> <span class='ocrx_word' id='word_1_358' title='bbox 2903 2557 3084 2638; x_wconf 86' lang='lat' dir='ltr'>quod</span> <span class='ocrx_word' id='word_1_359' title='bbox 3160 2564 3229 2621; x_wconf 91' lang='lat' dir='ltr'>et</span> <span class='ocrx_word' id='word_1_360' title='bbox 3297 2564 3490 2621; x_wconf 85' lang='lat' dir='ltr'>antea</span> <span class='ocrx_word' id='word_1_361' title='bbox 3551 2559 3678 2639; x_wconf 89' lang='lat' dir='ltr'>ipsi</span> <span class='ocrx_word' id='word_1_362' title='bbox 3743 2555 4011 2619; x_wconf 70' lang='lat' dir='ltr'>fundaverit</span> 
     </span>
     <span class='ocr_line' id='line_1_65' title="bbox 2559 2673 4012 2755; baseline -0.004 -17"><span class='ocrx_word' id='word_1_363' title='bbox 2559 2675 2912 2738; x_wconf 85' lang='lat' dir='ltr'>Ecclesiam</span> <span class='ocrx_word' id='word_1_364' title='bbox 2981 2674 3480 2749; x_wconf 85' lang='lat' dir='ltr'>Antiochenam,</span> <span class='ocrx_word' id='word_1_365' title='bbox 3535 2673 3604 2736; x_wconf 89' lang='lat' dir='ltr'>in</span> <span class='ocrx_word' id='word_1_366' title='bbox 3656 2692 3783 2755; x_wconf 88' lang='lat' dir='ltr'>qua</span> <span class='ocrx_word' id='word_1_367' title='bbox 3843 2676 4012 2749; x_wconf 75' lang='lat' dir='ltr'>septem</span> 
     </span>
     <span class='ocr_line' id='line_1_66' title="bbox 2559 2788 4014 2869; baseline -0.004 -17"><span class='ocrx_word' id='word_1_368' title='bbox 2559 2791 2751 2852; x_wconf 90' lang='lat' dir='ltr'>annis</span> <span class='ocrx_word' id='word_1_369' title='bbox 2820 2788 3147 2869; x_wconf 83' lang='lat' dir='ltr'>praesedit.</span> <span class='ocrx_word' id='word_1_370' title='bbox 3222 2791 3380 2853; x_wconf 84' lang='lat' dir='ltr'>Hinc</span> <span class='ocrx_word' id='word_1_371' title='bbox 3440 2804 3605 2869; x_wconf 88' lang='lat' dir='ltr'>ergo</span> <span class='ocrx_word' id='word_1_372' title='bbox 3665 2792 3839 2868; x_wconf 88' lang='lat' dir='ltr'>patet</span> <span class='ocrx_word' id='word_1_373' title='bbox 3884 2789 4014 2865; x_wconf 71' lang='lat' dir='ltr'>prim</span> 
     </span>
     <span class='ocr_line' id='line_1_67' title="bbox 2557 2903 4017 2985; baseline -0.005 -17"><span class='ocrx_word' id='word_1_374' title='bbox 2557 2906 2749 2981; x_wconf 89' lang='lat' dir='ltr'>rati0,</span> <span class='ocrx_word' id='word_1_375' title='bbox 2819 2908 2886 2968; x_wconf 89' lang='lat' dir='ltr'>in</span> <span class='ocrx_word' id='word_1_376' title='bbox 2961 2923 3089 2985; x_wconf 85' lang='lat' dir='ltr'>qua</span> <span class='ocrx_word' id='word_1_377' title='bbox 3160 2903 3701 2984; x_wconf 88' lang='lat' dir='ltr'>reprehensibilis</span> <span class='ocrx_word' id='word_1_378' title='bbox 3764 2903 4017 2966; x_wconf 79' lang='lat' dir='ltr'>videbatur</span> 
     </span>
     <span class='ocr_line' id='line_1_68' title="bbox 2558 3020 4019 3102; baseline -0.005 -17"><span class='ocrx_word' id='word_1_379' title='bbox 2558 3023 2811 3096; x_wconf 90' lang='lat' dir='ltr'>Petrus,</span> <span class='ocrx_word' id='word_1_380' title='bbox 2846 3024 2999 3102; x_wconf 86' lang='lat' dir='ltr'>quia</span> <span class='ocrx_word' id='word_1_381' title='bbox 3025 3021 3316 3086; x_wconf 88' lang='lat' dir='ltr'>debebat</span> <span class='ocrx_word' id='word_1_382' title='bbox 3343 3023 3571 3085; x_wconf 86' lang='lat' dir='ltr'>Petrus</span> <span class='ocrx_word' id='word_1_383' title='bbox 3599 3037 3676 3084; x_wconf 90' lang='lat' dir='ltr'>se</span> <span class='ocrx_word' id='word_1_384' title='bbox 3706 3020 4019 3083; x_wconf 75' lang='lat' dir='ltr'>conformare</span> 
     </span>
     <span class='ocr_line' id='line_1_69' title="bbox 2557 3136 4022 3214; baseline 0 -11"><span class='ocrx_word' id='word_1_385' title='bbox 2557 3140 2885 3214; x_wconf 85' lang='lat' dir='ltr'>Ecclesiae,</span> <span class='ocrx_word' id='word_1_386' title='bbox 2917 3145 2983 3203; x_wconf 89' lang='lat' dir='ltr'>et</span> <span class='ocrx_word' id='word_1_387' title='bbox 3010 3140 3303 3207; x_wconf 89' lang='lat' dir='ltr'>moribus</span> <span class='ocrx_word' id='word_1_388' title='bbox 3331 3139 3634 3202; x_wconf 80' lang='lat' dir='ltr'>Ecclesiae</span> <span class='ocrx_word' id='word_1_389' title='bbox 3671 3136 4022 3203; x_wconf 60' lang='lat' dir='ltr'>Antiocheam,</span> 
     </span>
     <span class='ocr_line' id='line_1_70' title="bbox 2561 3256 4022 3339; baseline -0.004 -19"><span class='ocrx_word' id='word_1_390' title='bbox 2561 3263 2702 3321; x_wconf 90' lang='lat' dir='ltr'>tum</span> <span class='ocrx_word' id='word_1_391' title='bbox 2758 3262 3042 3322; x_wconf 87' lang='lat' dir='ltr'>maxime</span> <span class='ocrx_word' id='word_1_392' title='bbox 3092 3258 3272 3339; x_wconf 86' lang='lat' dir='ltr'>quod</span> <span class='ocrx_word' id='word_1_393' title='bbox 3330 3275 3478 3322; x_wconf 90' lang='lat' dir='ltr'>eam</span> <span class='ocrx_word' id='word_1_394' title='bbox 3525 3256 3912 3328; x_wconf 75' lang='lat' dir='ltr'>fundaverit:</span> <span class='ocrx_word' id='word_1_395' title='bbox 3948 3269 4022 3314; x_wconf 85' lang='lat' dir='ltr'>suo</span> 
     </span>
     <span class='ocr_line' id='line_1_71' title="bbox 2559 3369 4025 3449; baseline -0.002 -13"><span class='ocrx_word' id='word_1_396' title='bbox 2559 3381 2784 3438; x_wconf 90' lang='lat' dir='ltr'>autem</span> <span class='ocrx_word' id='word_1_397' title='bbox 2814 3373 2984 3440; x_wconf 88' lang='lat' dir='ltr'>facto</span> <span class='ocrx_word' id='word_1_398' title='bbox 3017 3374 3418 3439; x_wconf 89' lang='lat' dir='ltr'>ostendebat</span> <span class='ocrx_word' id='word_1_399' title='bbox 3451 3376 3893 3438; x_wconf 86' lang='lat' dir='ltr'>necessitatem</span> <span class='ocrx_word' id='word_1_400' title='bbox 3912 3369 4025 3449; x_wconf 79' lang='lat' dir='ltr'>legis</span> 
     </span>
     <span class='ocr_line' id='line_1_72' title="bbox 2560 3491 4023 3569; baseline -0.005 -16"><span class='ocrx_word' id='word_1_401' title='bbox 2560 3492 3011 3567; x_wconf 71' lang='lat' dir='ltr'>observandae,</span> <span class='ocrx_word' id='word_1_402' title='bbox 3070 3492 3179 3555; x_wconf 90' lang='lat' dir='ltr'>vel</span> <span class='ocrx_word' id='word_1_403' title='bbox 3233 3492 3641 3569; x_wconf 86' lang='lat' dir='ltr'>simpliciter,</span> <span class='ocrx_word' id='word_1_404' title='bbox 3700 3491 3798 3556; x_wconf 90' lang='lat' dir='ltr'>vel</span> <span class='ocrx_word' id='word_1_405' title='bbox 3856 3491 4023 3552; x_wconf 80' lang='lat' dir='ltr'>saltem</span> 
     </span>
     <span class='ocr_line' id='line_1_73' title="bbox 2558 3607 4026 3683; baseline -0.003 -13"><span class='ocrx_word' id='word_1_406' title='bbox 2558 3611 3005 3672; x_wconf 90' lang='lat' dir='ltr'>necessariam</span> <span class='ocrx_word' id='word_1_407' title='bbox 3034 3626 3209 3683; x_wconf 90' lang='lat' dir='ltr'>esse,</span> <span class='ocrx_word' id='word_1_408' title='bbox 3234 3616 3306 3672; x_wconf 88' lang='lat' dir='ltr'>ut</span> <span class='ocrx_word' id='word_1_409' title='bbox 3327 3612 3703 3672; x_wconf 90' lang='lat' dir='ltr'>communio</span> <span class='ocrx_word' id='word_1_410' title='bbox 3730 3607 4026 3671; x_wconf 81' lang='lat' dir='ltr'>Judaeomm</span> 
     </span>
     <span class='ocr_line' id='line_1_74' title="bbox 2562 3720 4022 3800; baseline -0.005 -11"><span class='ocrx_word' id='word_1_411' title='bbox 2562 3744 3025 3792; x_wconf 88' lang='lat' dir='ltr'>conversorum</span> <span class='ocrx_word' id='word_1_412' title='bbox 3070 3728 3157 3791; x_wconf 90' lang='lat' dir='ltr'>ad</span> <span class='ocrx_word' id='word_1_413' title='bbox 3203 3726 3401 3790; x_wconf 90' lang='lat' dir='ltr'>fidem</span> <span class='ocrx_word' id='word_1_414' title='bbox 3441 3728 3814 3800; x_wconf 90' lang='lat' dir='ltr'>haberetur,</span> <span class='ocrx_word' id='word_1_415' title='bbox 3841 3720 4022 3786; x_wconf 81' lang='lat' dir='ltr'>velde-</span> 
     </span>
     <span class='ocr_line' id='line_1_75' title="bbox 2558 3841 4026 3923; baseline -0.005 -17"><span class='ocrx_word' id='word_1_416' title='bbox 2558 3845 2760 3923; x_wconf 89' lang='lat' dir='ltr'>nique</span> <span class='ocrx_word' id='word_1_417' title='bbox 2791 3843 3036 3906; x_wconf 85' lang='lat' dir='ltr'>factum</span> <span class='ocrx_word' id='word_1_418' title='bbox 3064 3841 3224 3905; x_wconf 92' lang='lat' dir='ltr'>illud</span> <span class='ocrx_word' id='word_1_419' title='bbox 3254 3843 3673 3920; x_wconf 87' lang='lat' dir='ltr'>interpretari</span> <span class='ocrx_word' id='word_1_420' title='bbox 3719 3857 3892 3922; x_wconf 84' lang='lat' dir='ltr'>posse</span> <span class='ocrx_word' id='word_1_421' title='bbox 3929 3845 4026 3898; x_wconf 86' lang='lat' dir='ltr'>tan·</span> 
     </span>
     <span class='ocr_line' id='line_1_76' title="bbox 2558 3952 4026 4043; baseline -0.009 -19"><span class='ocrx_word' id='word_1_422' title='bbox 2558 3979 2756 4043; x_wconf 87' lang='lat' dir='ltr'>quam</span> <span class='ocrx_word' id='word_1_423' title='bbox 2814 3961 3050 4024; x_wconf 89' lang='lat' dir='ltr'>melius</span> <span class='ocrx_word' id='word_1_424' title='bbox 3107 3967 3172 4022; x_wconf 89' lang='lat' dir='ltr'>et</span> <span class='ocrx_word' id='word_1_425' title='bbox 3219 3957 3577 4039; x_wconf 87' lang='lat' dir='ltr'>perfectius</span> <span class='ocrx_word' id='word_1_426' title='bbox 3630 3958 3795 4021; x_wconf 86' lang='lat' dir='ltr'>foret</span> <span class='ocrx_word' id='word_1_427' title='bbox 3843 3952 4026 4019; x_wconf 78' lang='lat' dir='ltr'>confor-</span> 
     </span>
     <span class='ocr_line' id='line_1_77' title="bbox 2556 4071 4022 4157; baseline -0.008 -16"><span class='ocrx_word' id='word_1_428' title='bbox 2556 4095 2736 4143; x_wconf 91' lang='lat' dir='ltr'>mare</span> <span class='ocrx_word' id='word_1_429' title='bbox 2786 4096 2859 4142; x_wconf 91' lang='lat' dir='ltr'>se</span> <span class='ocrx_word' id='word_1_430' title='bbox 2908 4079 3214 4156; x_wconf 83' lang='lat' dir='ltr'>exemplo</span> <span class='ocrx_word' id='word_1_431' title='bbox 3262 4081 3612 4157; x_wconf 82' lang='lat' dir='ltr'>majorum,</span> <span class='ocrx_word' id='word_1_432' title='bbox 3664 4084 3728 4140; x_wconf 89' lang='lat' dir='ltr'>et</span> <span class='ocrx_word' id='word_1_433' title='bbox 3757 4071 4022 4154; x_wconf 83' lang='lat' dir='ltr'>speciatim</span> 
     </span>
     <span class='ocr_line' id='line_1_78' title="bbox 2555 4181 4027 4276; baseline -0.007 -18"><span class='ocrx_word' id='word_1_434' title='bbox 2555 4196 2749 4270; x_wconf 89' lang='lat' dir='ltr'>Petri,</span> <span class='ocrx_word' id='word_1_435' title='bbox 2804 4199 2869 4258; x_wconf 91' lang='lat' dir='ltr'>in</span> <span class='ocrx_word' id='word_1_436' title='bbox 2908 4196 3369 4259; x_wconf 87' lang='lat' dir='ltr'>observatione</span> <span class='ocrx_word' id='word_1_437' title='bbox 3412 4195 3607 4276; x_wconf 89' lang='lat' dir='ltr'>legis,</span> <span class='ocrx_word' id='word_1_438' title='bbox 3657 4209 3838 4273; x_wconf 84' lang='lat' dir='ltr'>quam</span> <span class='ocrx_word' id='word_1_439' title='bbox 3872 4181 4027 4252; x_wconf 77' lang='lat' dir='ltr'>Judaei</span> 
     </span>
     <span class='ocr_line' id='line_1_79' title="bbox 2558 4311 4026 4385; baseline -0.008 -10"><span class='ocrx_word' id='word_1_440' title='bbox 2558 4314 2855 4376; x_wconf 87' lang='lat' dir='ltr'>conversi</span> <span class='ocrx_word' id='word_1_441' title='bbox 2913 4313 3329 4376; x_wconf 90' lang='lat' dir='ltr'>intentabant</span> <span class='ocrx_word' id='word_1_442' title='bbox 3379 4311 3698 4374; x_wconf 88' lang='lat' dir='ltr'>Gentibus</span> <span class='ocrx_word' id='word_1_443' title='bbox 3736 4313 4026 4385; x_wconf 78' lang='lat' dir='ltr'>imponere.</span> 
     </span>
     <span class='ocr_line' id='line_1_80' title="bbox 2554 4424 4028 4510; baseline -0.007 -18"><span class='ocrx_word' id='word_1_444' title='bbox 2554 4435 2628 4492; x_wconf 94' lang='lat' dir='ltr'>ut</span> <span class='ocrx_word' id='word_1_445' title='bbox 2658 4436 2835 4510; x_wconf 88' lang='lat' dir='ltr'>patet</span> <span class='ocrx_word' id='word_1_446' title='bbox 2866 4447 2948 4493; x_wconf 85' lang='lat' dir='ltr'>ex</span> <span class='ocrx_word' id='word_1_447' title='bbox 2981 4435 3172 4496; x_wconf 87' lang='lat' dir='ltr'>variis</span> <span class='ocrx_word' id='word_1_448' title='bbox 3198 4431 3359 4494; x_wconf 87' lang='lat' dir='ltr'>locis</span> <span class='ocrx_word' id='word_1_449' title='bbox 3398 4433 3732 4504; x_wconf 85' lang='lat' dir='ltr'>Actorum,</span> <span class='ocrx_word' id='word_1_450' title='bbox 3761 4436 3821 4492; x_wconf 89' lang='lat' dir='ltr'>et</span> <span class='ocrx_word' id='word_1_451' title='bbox 3853 4442 3920 4488; x_wconf 79' lang='lat' dir='ltr'>ex</span> <span class='ocrx_word' id='word_1_452' title='bbox 3942 4424 4028 4484; x_wconf 70' lang='lat' dir='ltr'>hoc</span> 
     </span>
     <span class='ocr_line' id='line_1_81' title="bbox 2553 4547 2937 4611; baseline 0.005 -3"><span class='ocrx_word' id='word_1_453' title='bbox 2553 4548 2700 4611; x_wconf 91' lang='lat' dir='ltr'>loco</span> <span class='ocrx_word' id='word_1_454' title='bbox 2731 4547 2937 4610; x_wconf 88' lang='lat' dir='ltr'>Pauli.</span> 
     </span>
    </p>

    <p class='ocr_par' dir='ltr' id='par_1_20' title="bbox 2549 4659 4027 5691">
     <span class='ocr_line' id='line_1_82' title="bbox 2636 4659 4026 4745; baseline -0.001 -21"><span class='ocrx_word' id='word_1_455' title='bbox 2636 4664 2755 4726; x_wconf 90' lang='lat' dir='ltr'>Vel</span> <span class='ocrx_word' id='word_1_456' title='bbox 2778 4664 3103 4740; x_wconf 84' lang='lat' dir='ltr'>secundo,</span> <span class='ocrx_word' id='word_1_457' title='bbox 3134 4666 3561 4745; x_wconf 90' lang='lat' dir='ltr'>reprehensio</span> <span class='ocrx_word' id='word_1_458' title='bbox 3603 4662 3822 4727; x_wconf 82' lang='lat' dir='ltr'>referri</span> <span class='ocrx_word' id='word_1_459' title='bbox 3859 4659 4026 4740; x_wconf 58' lang='lat' dir='ltr'>pcssel</span> 
     </span>
     <span class='ocr_line' id='line_1_83' title="bbox 2554 4781 4023 4870; baseline -0.003 -19"><span class='ocrx_word' id='word_1_460' title='bbox 2554 4789 2638 4852; x_wconf 87' lang='lat' dir='ltr'>ad</span> <span class='ocrx_word' id='word_1_461' title='bbox 2687 4789 3197 4864; x_wconf 88' lang='lat' dir='ltr'>simulationem,</span> <span class='ocrx_word' id='word_1_462' title='bbox 3248 4793 3402 4870; x_wconf 86' lang='lat' dir='ltr'>quia</span> <span class='ocrx_word' id='word_1_463' title='bbox 3449 4793 3653 4855; x_wconf 88' lang='lat' dir='ltr'>corde</span> <span class='ocrx_word' id='word_1_464' title='bbox 3688 4807 3812 4854; x_wconf 92' lang='lat' dir='ltr'>non</span> <span class='ocrx_word' id='word_1_465' title='bbox 3850 4781 4023 4850; x_wconf 72' lang='lat' dir='ltr'>sensit.</span> 
     </span>
     <span class='ocr_line' id='line_1_84' title="bbox 2553 4903 4027 4984; baseline -0.007 -17"><span class='ocrx_word' id='word_1_466' title='bbox 2553 4904 2732 4984; x_wconf 86' lang='lat' dir='ltr'>quod</span> <span class='ocrx_word' id='word_1_467' title='bbox 2772 4903 2934 4968; x_wconf 85' lang='lat' dir='ltr'>fecit</span> <span class='ocrx_word' id='word_1_468' title='bbox 2982 4921 3132 4970; x_wconf 86' lang='lat' dir='ltr'>esse</span> <span class='ocrx_word' id='word_1_469' title='bbox 3161 4906 3656 4980; x_wconf 89' lang='lat' dir='ltr'>necessarium;</span> <span class='ocrx_word' id='word_1_470' title='bbox 3688 4905 3842 4968; x_wconf 80' lang='lat' dir='ltr'>facto</span> <span class='ocrx_word' id='word_1_471' title='bbox 3865 4903 4027 4964; x_wconf 78' lang='lat' dir='ltr'>autem</span> 
     </span>
     <span class='ocr_line' id='line_1_85' title="bbox 2553 5009 4025 5104; baseline -0.005 -21"><span class='ocrx_word' id='word_1_472' title='bbox 2553 5024 2954 5085; x_wconf 87' lang='lat' dir='ltr'>contrarium</span> <span class='ocrx_word' id='word_1_473' title='bbox 3010 5024 3416 5098; x_wconf 87' lang='lat' dir='ltr'>monstravit,</span> <span class='ocrx_word' id='word_1_474' title='bbox 3490 5023 3577 5085; x_wconf 88' lang='lat' dir='ltr'>ad</span> <span class='ocrx_word' id='word_1_475' title='bbox 3636 5021 3804 5104; x_wconf 86' lang='lat' dir='ltr'>quod</span> <span class='ocrx_word' id='word_1_476' title='bbox 3856 5009 4025 5081; x_wconf 76' lang='lat' dir='ltr'>referri</span> 
     </span>
     <span class='ocr_line' id='line_1_86' title="bbox 2551 5128 4025 5216; baseline -0.003 -16"><span class='ocrx_word' id='word_1_477' title='bbox 2551 5144 2770 5214; x_wconf 89' lang='lat' dir='ltr'>potest</span> <span class='ocrx_word' id='word_1_478' title='bbox 2804 5138 2964 5201; x_wconf 89' lang='lat' dir='ltr'>illud</span> <span class='ocrx_word' id='word_1_479' title='bbox 2997 5158 3012 5200; x_wconf 77' lang='grc' dir='ltr'><strong>ε</strong></span> <span class='ocrx_word' id='word_1_480' title='bbox 3044 5138 3458 5201; x_wconf 78' lang='lat' dir='ltr'>simulationi</span> <span class='ocrx_word' id='word_1_481' title='bbox 3480 5140 3627 5216; x_wconf 75' lang='lat' dir='ltr'>ejus</span> <span class='ocrx_word' id='word_1_482' title='bbox 3662 5128 4025 5201; x_wconf 48' lang='lat' dir='ltr'>conseramus</span> 
     </span>
     <span class='ocr_line' id='line_1_87' title="bbox 2552 5251 4020 5338; baseline -0.004 -23"><span class='ocrx_word' id='word_1_483' title='bbox 2552 5256 2785 5315; x_wconf 77' lang='lat' dir='ltr'>caeteri.</span> <span class='ocrx_word' id='word_1_484' title='bbox 2833 5255 2951 5316; x_wconf 90' lang='lat' dir='ltr'>Vel</span> <span class='ocrx_word' id='word_1_485' title='bbox 2997 5257 3185 5316; x_wconf 90' lang='lat' dir='ltr'>tertio</span> <span class='ocrx_word' id='word_1_486' title='bbox 3233 5251 4020 5338; x_wconf 64' lang='lat' dir='ltr'>denique,‚inquitDoclor.</span> 
     </span>
     <span class='ocr_line' id='line_1_88' title="bbox 2552 5349 4017 5452; baseline -0.004 -21"><span class='ocrx_word' id='word_1_487' title='bbox 2552 5376 2779 5448; x_wconf 91' lang='lat' dir='ltr'>posset</span> <span class='ocrx_word' id='word_1_488' title='bbox 2809 5370 2935 5433; x_wconf 92' lang='lat' dir='ltr'>dici</span> <span class='ocrx_word' id='word_1_489' title='bbox 2963 5372 3526 5450; x_wconf 77' lang='lat' dir='ltr'>reprehensibiliS,</span> <span class='ocrx_word' id='word_1_490' title='bbox 3571 5374 3722 5452; x_wconf 86' lang='lat' dir='ltr'>quia</span> <span class='ocrx_word' id='word_1_491' title='bbox 3749 5349 4017 5432; x_wconf 68' lang='lat' dir='ltr'>succubuit</span> 
     </span>
     <span class='ocr_line' id='line_1_89' title="bbox 2549 5463 4018 5569; baseline -0.006 -17"><span class='ocrx_word' id='word_1_492' title='bbox 2549 5463 2788 5561; x_wconf 72' lang='lat' dir='ltr'>timori,</span> <span class='ocrx_word' id='word_1_493' title='bbox 2841 5494 2908 5552; x_wconf 92' lang='lat' dir='ltr'>et</span> <span class='ocrx_word' id='word_1_494' title='bbox 2956 5493 3167 5569; x_wconf 89' lang='lat' dir='ltr'>magis</span> <span class='ocrx_word' id='word_1_495' title='bbox 3208 5489 3438 5553; x_wconf 90' lang='lat' dir='ltr'>debuit</span> <span class='ocrx_word' id='word_1_496' title='bbox 3481 5491 3819 5569; x_wconf 76' lang='lat' dir='ltr'>praedicare</span> <span class='ocrx_word' id='word_1_497' title='bbox 3842 5479 4018 5546; x_wconf 67' lang='lat' dir='ltr'>veriti·</span> 
     </span>
     <span class='ocr_line' id='line_1_90' title="bbox 2556 5601 4019 5691; baseline -0.001 -23"><span class='ocrx_word' id='word_1_498' title='bbox 2556 5611 2690 5669; x_wconf 91' lang='lat' dir='ltr'>tem</span> <span class='ocrx_word' id='word_1_499' title='bbox 2731 5607 2859 5670; x_wconf 91' lang='lat' dir='ltr'>illis</span> <span class='ocrx_word' id='word_1_500' title='bbox 2887 5609 3136 5673; x_wconf 88' lang='lat' dir='ltr'>nuntiis</span> <span class='ocrx_word' id='word_1_501' title='bbox 3178 5609 3433 5685; x_wconf 86' lang='lat' dir='ltr'>Jacobi,</span> <span class='ocrx_word' id='word_1_502' title='bbox 3469 5626 3673 5691; x_wconf 87' lang='lat' dir='ltr'>quam</span> <span class='ocrx_word' id='word_1_503' title='bbox 3700 5601 4019 5671; x_wconf 76' lang='lat' dir='ltr'>conformare</span> 
     </span>
    </p>
   </div>
   <div class='ocr_carea' id='block_1_9' title="bbox 4018 119 4096 6110">
    <p class='ocr_par' dir='ltr' id='par_1_21' title="bbox 4018 119 4096 6110">
     <span class='ocr_line' id='line_1_91' title="bbox 4018 119 4096 6110; baseline 0 0"><span class='ocrx_word' id='word_1_504' title='bbox 4018 119 4096 6110; x_wconf 95' lang='lat' dir='ltr'> </span> 
     </span>
    </p>
   </div>
  </div>
 </body>
</html>
