4255 6375
1365 417 1563 480 DlST.
1623 418 1699 480 vl
1770 416 2131 493 QUAESTlo
2162 419 2238 479 X.

85 597 197 693 *est
330 578 785 652 Secundum
846 598 1045 649 vero
1088 597 1245 649 non
1309 576 1554 666 cogit,
1607 575 1793 667 quia

86 707 170 755 itio
228 693 440 765 bene
479 696 747 786 potest
807 713 986 764 esse
1029 711 1238 764 unus
1281 691 1604 764 habitus
1644 691 1793 764 dis-

85 785 166 820 'm
231 808 550 900 positio
617 809 711 880 ad
759 808 1038 891 alium,
1085 807 1297 881 sicut
1361 808 1791 882 secundum

220 923 827 1014 distinguentes
934 923 1303 998 habitum
1398 921 1786 1015 principii

221 1042 326 1114 ab
408 1041 690 1115 habitu
791 1042 1370 1124 conclusionis,
1466 1040 1792 1114 habitus

223 1164 621 1257 principii
741 1163 1097 1257 disponit
1215 1165 1310 1237 ad
1416 1162 1781 1236 habitum

222 1280 832 1362 conclusionis;
917 1301 1062 1353 nec
1173 1300 1319 1373 per
1423 1279 1575 1352 hoc
1669 1282 1792 1351 est

220 1396 694 1490 dispositio,
765 1401 852 1470 ut
878 1381 881 1384 ¹
911 1396 1452 1489 distinguitur
1499 1398 1794 1468 contra

225 1513 604 1587 habitum
649 1514 729 1585 in
779 1514 1047 1607 prima
1100 1512 1393 1606 specie,
1428 1532 1617 1584 nam
1652 1511 1793 1585 illa

228 1635 364 1703 est
414 1630 773 1722 qualitas
834 1632 924 1703 de
1008 1628 1228 1703 sacili
1286 1629 1610 1702 mobilis
1650 1649 1795 1720 per

225 1746 709 1838 oppositum
751 1746 844 1817 ad
905 1744 1296 1818 habitum.

85 1877 112 1925 ·i
317 1861 693 1934 Tertium
735 1861 827 1934 de
877 1861 1073 1934 bene
1105 1861 1206 1951 (b)
1254 1863 1333 1932 et
1387 1859 1599 1932 male
1630 1879 1791 1930 non

86 1954 204 2049 33„
225 1979 357 2050 est
418 1976 1005 2057 necessarium,
1072 1976 1257 2068 quia
1309 1975 1608 2067 aliquis
1661 1996 1790 2067 po-

85 2079 193 2176 ξε
230 2096 404 2168 test
483 2114 662 2166 esse
724 2096 957 2166 actus
1031 2092 1537 2174 indifferens;
1578 2091 1790 2164 sicut

85 2193 199 2301 ‚2³3
230 2208 460 2281 enim
538 2230 637 2283 ex
721 2208 1194 2301 frequenter
1276 2208 1474 2280 bene
1545 2229 1790 2300 agere

101 2316 142 2363 ¹·
228 2327 706 2418 acquiritur
752 2325 1077 2400 habitus
1121 2325 1519 2398 inclinans
1553 2326 1647 2397 ad
1668 2325 1790 2397 be-

230 2463 334 2515 ne
384 2443 811 2535 agendum
847 2445 926 2515 et
970 2463 1069 2515 ex
1114 2442 1586 2535 frequente1
1632 2463 1789 2515 ma-

234 2561 308 2634 le
360 2580 638 2652 agere,
703 2560 1104 2634 inclinans
1149 2561 1244 2631 ad
1289 2560 1497 2632 male
1556 2579 1790 2651 agen-

228 2680 455 2762 dum,
538 2677 653 2749 sic
766 2698 863 2750 ex
966 2678 1439 2769 frequenter
1542 2695 1789 2768 agere

229 2797 636 2879 absolute,
698 2795 1158 2890 acquiritur
1224 2795 1607 2869 habilitas
1697 2795 1788 2866 ad

229 2915 638 3005 agendum
693 2913 842 2987 tali
894 2913 1236 2995 actione,
1303 2932 1562 3003 neque
1604 2932 1787 2984 cum

228 3028 629 3112 bonitate,
675 3051 930 3123 neque
963 3050 1145 3103 cum
1193 3027 1535 3109 malitia,
1574 3031 1790 3102 sicut

227 3168 379 3221 nec
454 3150 687 3222 actus
765 3146 1288 3239 generativus
1341 3145 1498 3220 fuit
1566 3145 1784 3227 talis,

229 3266 551 3338 scilicet
612 3263 871 3336 bonus
948 3264 1078 3335 vel
1131 3263 1417 3344 malus,
1465 3262 1614 3336 hoc
1658 3283 1787 3355 pa-

229 3383 391 3463 tet;
457 3382 727 3473 potest
804 3379 1022 3453 enim
1078 3379 1375 3473 aliquis
1421 3380 1788 3473 frequen-

227 3502 363 3571 ter
433 3498 955 3572 considerans
1026 3500 1577 3574 Geometriam
1656 3499 1786 3572 ha-

227 3614 426 3687 bere
494 3614 977 3689 facilitatem
1051 3635 1430 3707 magnam
1464 3616 1558 3687 ad
1605 3636 1787 3688 con-

228 3730 751 3804 siderandum
813 3730 1423 3802 conclusionem
1497 3730 1572 3801 in
1646 3730 1787 3801 illa

228 3846 603 3928 scientia,
644 3866 787 3920 nec
837 3849 959 3920 est
1014 3846 1123 3918 ibi
1165 3845 1489 3920 habitus
1530 3846 1784 3918 bonus

226 3964 356 4035 vel
415 3963 702 4044 malus,
749 3963 959 4036 sicut
1008 3984 1151 4035 nec
1196 3968 1427 4036 actus
1486 3984 1585 4035 ex
1630 3983 1784 4054 quo

229 4081 809 4169 generabatur,
867 4080 983 4152 sic
1034 4084 1114 4153 et
1185 4080 1270 4153 in
1312 4080 1585 4155 habitu
1654 4104 1785 4153 su-

236 4197 749 4287 pernaturali
796 4201 1065 4289 potest
1108 4217 1310 4269 esse.

85 4338 211 4397 legat
326 4317 432 4388 Et
517 4315 585 4386 si
675 4313 896 4387 dicas
969 4316 1092 4403 (c),
1180 4315 1384 4407 quod
1461 4313 1784 4386 habitus

85 4399 154 4513 ἐξ
243 4432 901 4526 supernaturalis
960 4451 1122 4504 non
1181 4435 1304 4504 est
1346 4431 1566 4514 talis,
1606 4434 1786 4524 quia

86 4534 184 4631 {Em
234 4551 481 4625 datur
520 4551 613 4623 ad
651 4549 1230 4643 perfectionem
1284 4548 1780 4642 recipientis,

85 4648 207 4758 {²12
237 4668 708 4760 respondeo,
776 4660 1097 4739 habitus
1208 4669 1785 4759 supernatura-

92 4769 205 4883 ·g‘}7
232 4780 337 4853 lis
375 4786 646 4874 potest
684 4803 863 4855 esse
901 4783 1334 4875 disponens
1395 4784 1490 4855 ad
1523 4788 1784 4856 actum

85 4865 207 4955 ἐπὶ·
228 4898 554 4983 bonum,
617 4899 807 4974 licet
873 4922 1033 4973 non
1103 4897 1208 4974 sit
1267 4900 1442 4995 ejus
1492 4900 1785 4997 princi-

85 5016 186 5134 &7
238 5015 461 5107 pium
546 5015 995 5092 elicitivum
1089 5018 1561 5110 proximum
1657 5020 1787 5092 vel

102 5143 179 5194 20.
243 5129 696 5216 sufficiens3
751 5137 829 5209 et
894 5133 1047 5208 hoc
1118 5137 1353 5209 modo
1414 5136 1604 5209 fides
1667 5137 1781 5209 in-

85 5209 191 5263 'uod

85 5278 217 5374 {non
244 5246 423 5321 fusa
477 5270 641 5322 non
681 5253 806 5324 est
842 5252 1329 5345 principium
1374 5252 1780 5325 sufficiens

85 5389 200 5449 num
245 5363 606 5439 eliciendi
665 5370 940 5440 actum
973 5369 1366 5451 credendi,
1404 5389 1549 5442 nec
1602 5369 1783 5442 cha-

85 5465 223 5572 ὲῗζξε
248 5482 451 5556 ritas
521 5482 787 5557 infusa
827 5483 1194 5558 eliciendi
1265 5491 1536 5559 actum
1603 5486 1781 5559 dili-

251 5599 503 5688 gendi,
552 5601 681 5673 sed
719 5599 1134 5682 inclinant,
1174 5603 1262 5673 ut
1295 5621 1780 5675 concurren-

3325 411 3444 474 635

1907 575 2121 648 tibus
2156 577 2340 649 aliis
2373 577 2864 651 necessariis
2927 549 3452 649 actus⁸bonus

1907 691 2312 766 eliciatur.
2379 697 2479 766 Et
2569 695 2686 769 ita
2770 695 2971 774 dico,
3057 693 3259 786 quod
3320 690 3455 764 ali-

1909 809 2086 900 quis
2177 809 2498 881 habitus
2588 808 3247 902 supernaturalis
3322 826 3455 901 po-

1908 926 2069 998 test
2114 925 2513 999 remotius
2555 928 2636 999 et
2700 922 3261 1018 imperfectius
3329 924 3450 995 in-

1906 1041 2219 1113 clinare
2261 1041 2356 1113 ad
2401 1047 2672 1115 actum
2742 1042 3069 1120 bonum,
3113 1045 3194 1114 et
3262 1039 3455 1114 talis

1906 1158 2235 1250 ponitur
2325 1156 2762 1231 character
2821 1162 3209 1249 tanquam
3279 1156 3440 1250 pri-

1910 1295 2038 1345 mo
2101 1279 2180 1349 et
2251 1275 2805 1347 remotissime
2879 1274 3300 1363 disponens
3360 1275 3454 1347 ad

1905 1390 2159 1463 bonos
2214 1395 2471 1464 actus.
2521 1391 2722 1463 Illud
2766 1395 3039 1464 autem
3072 1392 3453 1483 quartum

1906 1508 1997 1577 de
2038 1505 2437 1581 facilitate
2496 1507 2694 1579 nihil
2737 1508 2980 1589 valet,
3044 1506 3233 1598 quia
3291 1526 3452 1578 non

1905 1627 2029 1696 est
2066 1644 2377 1706 verum,
2442 1623 2599 1695 nisi
2638 1624 2729 1695 de
2789 1622 3066 1696 habitu
3110 1622 3452 1715 acquisi-

1916 1745 2035 1820 to;
2080 1737 2404 1812 habitus
2474 1738 2688 1811 enim
2753 1739 3065 1829 infusus
3116 1758 3274 1811 non
3317 1739 3448 1810 dat

1906 1855 2390 1929 facilitatem
2445 1857 2537 1927 ad
2590 1860 2886 1936 actum,
2928 1857 3018 1929 ut
3078 1857 3301 1947 patet
3358 1853 3450 1925 de

1905 1974 2232 2046 noviter
2290 1993 2715 2053 converso,
2755 1971 2881 2045 cui
2942 1992 3100 2044 non
3164 1974 3289 2044 est
3340 1967 3449 2041 fa-

1904 2088 2055 2162 cile
2124 2092 2308 2181 post
2371 2090 2989 2161 conversionem
3035 2090 3266 2160 actus
3320 2086 3450 2158 bo-

1901 2226 2048 2277 nos
2090 2206 2415 2286 elicere,
2481 2206 2613 2278 sed
2643 2205 2971 2278 difficile
3025 2224 3447 2298 quousque

1900 2341 1998 2393 ex
2076 2316 2538 2413 frequentia
2631 2323 2960 2394 actuum
3043 2320 3443 2392 bonorum

1903 2439 2277 2531 acquirat
2373 2437 2730 2530 aliquam
2824 2439 3219 2512 virtutem
3323 2459 3445 2512 ac·

1905 2558 2316 2651 quisitam.

1990 2675 2091 2747 Ad
2195 2682 2707 2768 argumenta,
2801 2679 2893 2750 ad
3011 2680 3443 2770 utramque
3596 2705 3673 2757 17

1905 2795 2247 2883 partem.
2314 2794 2427 2866 Ad
2487 2795 2867 2887 primum,
2935 2793 3003 2865 si
3093 2769 3785 2944 ponaturssdffiffiffij

1902 2908 2168 2980 forma
2230 2909 2624 2993 absoluta,
2713 2915 2983 3003 potest
3045 2909 3233 3002 poni
3321 2898 3658 2981 vel‘luae‘·

1900 3024 2292 3115 potentia,
2328 3026 2458 3097 vel
2526 3025 2874 3108 habitus,
2985 3025 3443 3106 secundum,

1900 3143 2097 3215 duas
2159 3144 2337 3216 vias
2394 3142 2567 3236 jam
2627 3144 2911 3219 dictas.
2987 3145 3101 3218 Ad
3173 3163 3452 3219 secun-

1900 3262 2083 3333 dum
2154 3265 2405 3355 patet,
2471 3262 2549 3335 in
2618 3283 2772 3356 qua
2845 3262 3111 3351 specie
3180 3261 3453 3344 Quali-

1899 3380 2098 3454 tatis
2186 3383 2656 3472 poneretur,
2734 3382 2813 3454 et
2875 3381 3252 3471 qualiter.
3335 3379 3450 3451 Ad

1899 3496 2139 3578 aliud,
2196 3498 2611 3589 quantitas
2661 3500 2785 3570 est
2825 3495 3094 3567 forma
3134 3496 3448 3568 absolu·

1898 3616 2007 3693 ta,
2070 3618 2151 3685 et
2195 3619 2465 3684 tamen
2523 3632 2686 3683 non
2747 3611 3083 3704 ponitur
3150 3610 3442 3685 activa.

1898 3731 2242 3821 Oportet
2299 3748 2498 3820 ergo
2568 3748 3000 3821 exponere,
3057 3729 3259 3820 quod
3310 3728 3442 3798 ha·

1896 3845 2081 3920 beat
2161 3845 2725 3937 operationem
2796 3848 3168 3936 respectu
3238 3843 3440 3935 ejus,

1898 3960 2131 4055 cujus
2202 3961 2308 4034 sit
2409 3959 2818 4033 sufficiens
2916 3963 3436 4055 principium,

1892 4078 2021 4149 vel
2082 4076 2290 4170 quod
2368 4076 2641 4169 aliquo
2714 4077 2946 4151 modo
3009 4098 3093 4149 se
3152 4077 3442 4152 habeat

1899 4195 1991 4267 ad
2063 4196 2654 4288 operationem.
2727 4197 2827 4268 Et
2906 4195 3023 4268 sic
3091 4196 3439 4267 concedo

1900 4313 1979 4384 in
2040 4312 2494 4406 propositO,
2542 4312 2750 4403 quod
2793 4311 2935 4384 illa
3003 4311 3273 4385 forma
3314 4316 3440 4385 est

1895 4428 2326 4520 dispositio
2425 4432 2744 4504 remota
2874 4429 2968 4501 ad
3088 4429 3437 4522 operati·

1900 4565 2159 4617 onem.
2233 4547 2348 4619 Ad
2410 4548 2791 4638 quartum
2855 4550 3078 4638 patet
3136 4567 3235 4621 ex
3288 4546 3443 4618 fine

1899 4661 2375 4754 quaestionis
2439 4662 2990 4756 praecedentis.

1986 4781 2099 4853 Ad
2144 4780 2499 4873 piimum
2565 4778 2645 4851 in
2717 4779 3208 4873 oppositum,
3279 4799 3438 4851 non
3468 4804 3783 4876 Adai-gum.

1896 4900 2020 4972 est
2083 4896 2653 4970 inconveniens
2695 4896 3052 4988 aliquam
3117 4896 3441 4971 relatio·
3468 4883 3523 4918 ¹¹²
3567 4864 3788 4933 ‘'mm‘'

1896 5037 2078 5089 nem
2137 5014 2562 5108 disponere
2604 5015 2698 5087 ad
2747 5014 3099 5087 formam
3133 5015 3445 5088 absolu-

1898 5140 2093 5217 tam,
2141 5132 2531 5226 loquendo
2573 5132 2664 5204 de
2704 5132 3237 5225 dispositione
3279 5138 3441 5204 non

1899 5252 2273 5344 respectu
2352 5249 2672 5340 agentis
2768 5249 3202 5330 naturalis,
3300 5271 3443 5321 nec

1899 5388 2073 5459 quae
2144 5366 2251 5441 sit
2321 5365 2536 5438 ratio
2644 5365 3066 5459 receptivi‚
3151 5367 3283 5439 sed
3359 5367 3443 5438 dc

1894 5482 2428 5577 dispositione
2495 5480 3024 5557 conveniente
3109 5503 3439 5577 respec-

1895 5606 1977 5675 tu
2080 5600 2398 5692 agentis
2505 5600 3188 5693 supernaturalis,
3279 5601 3434 5673 hoc
