4255 6375
1485 407 1687 472 DIST.
1735 410 1780 469 Ι.
1831 406 2193 482 QUAES'HO
2239 407 2310 468 V.
3417 398 3527 458 155

58 561 243 688 {²33⁵sp
424 575 858 661 Respondent
896 598 1059 666 ergo
1100 577 1234 659 alii,
1273 575 1444 665 quod
1482 594 1596 664 per
1627 571 1880 638 instans

58 704 215 741 mum.
314 688 721 772 prolationis
761 690 1193 758 intrinsecum
1218 690 1596 778 producitur
1636 687 1873 776 gratia,

315 816 398 869 ut
453 805 714 873 salvent
767 808 987 896 aliquo
1046 808 1237 874 modo
1296 807 1581 874 existere
1655 806 1875 870 Sacra-

58 914 222 1026 ‘32005
314 934 658 1003 mentum,
721 924 982 1012 quando
1033 924 1335 1011 producit
1390 921 1720 988 effectum.
1783 918 1878 985 Ad

58 1040 207 1151 [0ῑέἷὲ
309 1040 745 1124 propositum
790 1040 987 1128 hujus
1027 1040 1362 1107 adducunt
1423 1037 1584 1105 illud
1635 1035 1874 1124 princi-

59 1181 156 1236 sse
207 1230 219 1238 ⁶
313 1153 515 1239 pium
602 1156 1154 1243 philosophicum,
1213 1176 1470 1243 nempe,
1558 1153 1729 1242 quod
1810 1153 1876 1219 in

58 1234 276 1280 anoms.
311 1274 514 1337 omni
566 1285 745 1340 motu
820 1294 1054 1341 versus
1107 1272 1304 1339 finem
1383 1271 1571 1338 detur
1613 1270 1875 1358 aliquod

313 1398 659 1455 mutatum
697 1411 851 1470 6336,
904 1390 1265 1458 terminans
1306 1400 1582 1467 motum,
1647 1388 1712 1453 in
1746 1408 1876 1474 quo

313 1504 562 1571 ultima
597 1526 746 1592 pars
779 1507 1009 1575 formae
1049 1508 1433 1593 producitur
1466 1506 1529 1571 in
1575 1504 1868 1582 instanti·,

311 1619 424 1685 sic
475 1641 638 1707 ergo
692 1622 1015 1709 contingit
1055 1622 1120 1688 in
1175 1622 1536 1709 prolatione
1576 1619 1713 1686 dari
1759 1619 1874 1685 ali-

311 1734 506 1821 quod
556 1747 879 1804 mutatum
917 1759 1050 1805 6336
1079 1741 1224 1827 ejus
1274 1739 1339 1805 in
1374 1757 1512 1827 quo
1570 1747 1876 1804 causatur

309 1851 567 1937 gratia.

61 2008 251 2057 pugn..
413 1969 600 2035 Hanc
684 1971 1178 2055 responsionem
1294 1971 1438 2037 fuse
1533 1970 1877 2055 impugnat

58 2066 162 2106 ‘ur‘
310 2086 626 2171 vasquez
675 2105 927 2170 supra;
973 2106 1093 2151 nos
1143 2086 1411 2152 brevius
1468 2084 1870 2164 incedemuS,

306 2220 475 2265 nam
534 2200 674 2287 ipsa
747 2221 819 2267 se
882 2202 1129 2287 prodit.
1207 2204 1417 2278 Quare
1492 2201 1665 2266 enim
1745 2220 1872 2265 non

313 2316 594 2383 instans
679 2316 1125 2384 extrinsecum
1197 2317 1369 2384 sicut
1461 2317 1665 2404 prior,
1746 2315 1875 2382 nisi

299 2431 494 2518 quod
536 2443 767 2518 putent
799 2432 1244 2500 necessarium
1292 2453 1463 2512 esse,
1515 2446 1584 2497 ut
1643 2434 1872 2497 Sacra-

309 2558 621 2614 mentum
678 2547 944 2628 existat,
988 2547 1249 2635 quando
1289 2552 1575 2614 causat?
1622 2567 1781 2634 ergo
1821 2546 1876 2612 si

305 2660 484 2727 illud
526 2672 853 2728 mutatum
896 2684 1051 2740 6336,
1102 2662 1378 2749 prolatio
1418 2661 1868 2740 consonantiS,

302 2788 427 2843 aut
460 2777 713 2844 ultimae
757 2777 1021 2857 litterae,
1080 2777 1266 2845 modo
1307 2779 1449 2844 baec
1482 2778 1621 2864 ipsa
1653 2776 1764 2842 fiat
1807 2777 1873 2842 in

306 2893 628 2973 instanti3
660 2916 819 2983 ergo
858 2906 990 2962 tota
1031 2894 1242 2960 virtus
1281 2893 1590 2960 causandi
1615 2893 1869 2974 formae,

309 3009 422 3075 vel
477 3011 904 3091 Sacramenti,
950 3024 1050 3078 est
1081 3012 1147 3077 in
1178 3011 1286 3078 illa
1317 3010 1454 3077 sola
1486 3011 1731 3087 littera3
1768 3032 1874 3077 er-

310 3148 402 3214 go
447 3128 504 3195 si
546 3127 684 3195 sola
722 3140 920 3208 esset,
959 3128 1151 3195 etiam
1201 3138 1524 3209 causaret,
1570 3127 1744 3216 quod
1776 3140 1876 3195 est

314 3243 755 3329 paradoxum.
795 3245 1114 3310 Probatur
1160 3256 1434 3331 utraque
1465 3264 1874 3330 consequen·

313 3360 434 3438 tia,
472 3361 627 3447 quia
657 3362 800 3427 haec
847 3360 1173 3428 sententia
1206 3361 1348 3426 ideo
1402 3360 1755 3439 inducitur,
1803 3372 1875 3426 ut

308 3474 615 3541 salvetur
680 3497 946 3542 causam
1023 3476 1333 3557 existere,
1389 3476 1648 3562 quando
1719 3476 1874 3542 effe·

317 3603 472 3658 ctus
512 3604 861 3672 causatur;
908 3614 1067 3680 ergo
1100 3591 1418 3680 quidquid
1478 3612 1606 3658 non
1649 3592 1874 3659 existit

318 3708 761 3788 Sacramenti,
809 3728 938 3774 non
989 3708 1139 3774 facit
1196 3707 1275 3773 ad
1343 3707 1661 3774 actionem
1725 3729 1876 3794 pro-

313 3823 657 3890 ductivam
709 3824 1004 3902 effectuS,
1059 3824 1210 3911 quia
1243 3844 1455 3909 neque
1506 3823 1571 3888 in
1624 3843 1718 3902 se,
1765 3843 1874 3888 ne-

316 3961 446 4027 que
498 3940 563 4004 in
614 3937 832 4026 aliquo
864 3938 1037 4027 quod
1084 3948 1232 4024 post
1263 3959 1335 4005 se
1377 3937 1688 4024 relinquit
1729 3950 1877 4004 tan-

318 4077 517 4142 quam
549 4067 817 4123 causato
878 4055 1179 4142 physice,
1243 4076 1393 4142 quae
1448 4067 1624 4121 esset
1665 4054 1875 4120 virtus

325 4173 508 4260 ejus.

121 4307 189 4356 23.
414 4289 644 4355 Dicere
691 4302 909 4355 autem
956 4288 1129 4375 quod
1179 4288 1393 4355 littera
1443 4288 1547 4355 vel
1598 4288 1871 4375 syllaba,

323 4426 474 4494 quae
518 4426 646 4470 non
680 4417 836 4471 sunt
873 4404 1341 4492 significativa,
1386 4405 1471 4470 sit
1508 4405 1717 4470 forma
1759 4407 1877 4470 Sa-

322 4522 668 4600 cramenti,
722 4521 1011 4587 alienum
1061 4535 1162 4587 est
1204 4542 1240 4587 a
1290 4542 1488 4588 sensu
1528 4520 1872 4600 Ecclesioe;

326 4637 492 4703 redit
576 4657 737 4722 ergo
811 4649 1276 4724 argumentum
1358 4637 1540 4724 prius
1607 4636 1873 4703 factum.

83 4796 237 4846 Evasio
326 4750 660 4837 Completa
692 4752 1089 4838 significatio
1120 4755 1352 4820 formae
1384 4773 1513 4819 non
1545 4752 1882 4837 consurgit

59 4875 274 4974 eog‘gfcst·
327 4897 408 4942 ex
467 4876 576 4943 illa
635 4876 871 4952 littera,
930 4893 1143 4958 neque
1182 4893 1263 4937 ex
1316 4871 1503 4938 unica
1562 4871 1873 4953 dictione,

329 5015 541 5082 neque
578 4991 659 5059 ad
689 4993 834 5079 ejus
874 4988 1312 5058 substantiam
1348 4989 1559 5075 magis
1601 4990 1751 5056 facit
1783 4991 1872 5056 ul·

67 5119 270 5177 Quaelibet
330 5111 483 5175 tima
534 5129 728 5196 quam
775 5107 1007 5193 prima,
1044 5104 1148 5171 vel
1192 5104 1401 5170 media
1441 5103 1671 5181 dictio:
1711 5107 1882 5173 unde

93 5199 236 5296 1322}
331 5224 385 5288 si
442 5223 633 5289 fieret
684 5222 961 5289 mutatio
1010 5220 1463 5287 substantialis
1520 5221 1690 5288 circa
1745 5223 1880 5309 pri-

59 5305 293 5418 nmssssua‘
333 5363 499 5406 mam
560 5340 914 5408 dictionem
994 5339 1518 5418 substantialem,
1592 5340 1692 5404 vel
1755 5363 1878 5409 non

58 5436 282 5495 '⁸³⁰²si²¹¹¹'·
331 5456 733 5540 proferretur
790 5453 1217 5533 sensibiliter,
1277 5466 1880 5541 quantumcumque

325 5573 577 5664 reliqua
615 5587 980 5649 manerent,
1020 5570 1240 5640 nullus
1270 5569 1536 5640 effectus
1568 5590 1880 5662 sequere-

1989 579 2131 649 tur;
2174 589 2333 655 ergo
2366 567 2419 635 si
2464 568 2669 635 forma
2708 576 2957 646 causat,
2992 576 3063 630 ut
3101 560 3536 651 significativa

1989 695 2109 762 est,
2156 696 2479 771 repugnat
2514 683 2826 748 virtutem
2860 679 3262 746 causativam
3310 676 3536 742 formae

1988 800 2285 866 contrabi
2325 798 2405 864 ad
2449 799 2746 865 ultimum
2782 808 3101 864 mutatum
3136 816 3283 863 esse
3324 792 3537 882 prola-

1987 917 2211 984 tioniS.

2078 1038 2155 1101 Et
2196 1035 2250 1102 si
2311 1033 2512 1117 dicas,
2567 1033 2740 1122 quod
2790 1032 3235 1101 successivum
3294 1028 3535 1097 existat
3593 1022 3844 1075 Ultimum

3597 1090 3845 1136 mutatum

1989 1170 2103 1236 per
2134 1162 2349 1237 partes
2383 1161 2663 1232 tantum,
2710 1148 2871 1215 nihil
2906 1150 3122 1236 juvat,
3160 1143 3312 1233 quia
3362 1163 3535 1209 nun-
3686 1154 3762 1197 eet

1987 1285 2183 1353 quam
2231 1265 2469 1354 aliquis
2518 1265 2683 1331 dixit
2724 1276 2968 1329 motum
3012 1283 3157 1328 6336
3207 1282 3322 1349 per
3380 1258 3533 1326 ulti·
3600 1214 3853 1323 tetffiff⁸

1989 1403 2169 1449 mum
2202 1394 2526 1448 mutatum
2556 1403 2710 1460 6336,
2749 1381 2813 1447 in
2849 1401 2979 1466 quo
3009 1399 3244 1447 verum
3285 1389 3386 1444 est
3425 1375 3531 1443 di·
3580 1350 3684 1386 ¹³⁰⁰
3712 1350 3853 1400 pm.

1985 1521 2155 1581 cere,
2185 1500 2324 1586 jam
2366 1519 2493 1563 non
2526 1508 2626 1563 est
2669 1509 2907 1576 motus,
2954 1507 3102 1563 ante
3151 1495 3274 1560 hoc
3305 1494 3532 1560 imme-

1982 1614 2156 1681 diate
2188 1614 2338 1681 fuit.
2383 1613 2565 1690 Quod
2599 1613 2655 1679 si
2704 1614 2899 1679 etiam
2935 1623 3149 1678 motus
3200 1610 3362 1677 nihil
3398 1621 3542 1697 post

1986 1752 2058 1798 se
2106 1730 2528 1816 relinqueret,
2574 1730 2687 1795 sed
2720 1728 3041 1795 terminus
3092 1728 3235 1815 ejus
3295 1726 3537 1792 transi-

1987 1860 2084 1915 ret
2113 1869 2261 1914 cum
2297 1847 2440 1934 ipso
2473 1858 2649 1913 motu
2686 1867 2799 1933 per
2844 1844 3000 1910 illud
3053 1844 3357 1911 ultimum
3401 1865 3542 1909 mu-

1986 1974 2196 2029 tatum
2236 1984 2388 2043 6336,
2447 1982 2575 2028 non
2615 1973 2790 2028 esset
2843 1981 3073 2027 verum
3130 1960 3372 2042 dicere,
3425 1972 3537 2026 aut

1987 2090 2233 2145 motum
2266 2092 2375 2146 aut
2404 2077 2756 2144 terminum
2789 2088 3003 2142 motus
3034 2076 3339 2153 existere,
3391 2095 3533 2139 ver·
3567 2113 3885 2177 Exemplum.

1987 2195 2047 2261 bi
2080 2195 2312 2282 gratia,
2368 2195 2424 2261 si
2476 2206 2690 2259 motus
2734 2192 3202 2269 calefactioniS,
3240 2204 3303 2257 et
3362 2190 3538 2256 calor

1985 2310 2345 2396 productus
2394 2310 2727 2387 transiret,
2785 2319 3089 2374 manente
3119 2318 3376 2373 tantum
3430 2306 3541 2372 illo

1983 2429 2190 2515 gradu
2232 2427 2647 2508 indivisibili,
2701 2426 2811 2513 qui
2865 2446 2979 2512 per
3028 2436 3353 2490 mutatum
3410 2444 3546 2489 esse

1983 2547 2346 2635 acquiritur
2386 2546 2451 2612 in
2500 2545 2794 2624 instanti,
2842 2565 3031 2631 aeque
3081 2544 3315 2609 falsum
3368 2553 3543 2609 esset

1985 2662 2226 2743 dicere,
2281 2660 2454 2750 quod
2505 2661 2680 2728 calor
2729 2672 2800 2726 ut
2848 2672 2992 2727 octo
3053 2660 3368 2727 existeret
3421 2679 3539 2745 pro

1985 2778 2096 2844 illo
2129 2778 2423 2857 instanti,
2471 2777 2643 2843 sicut
2690 2785 2754 2842 et
2792 2787 3041 2841 motum
3072 2795 3191 2861 pro
3239 2774 3350 2840 illo
3398 2773 3536 2839 ins-

1985 2894 2152 2961 tanti
2185 2916 2364 2961 esse.

2076 3014 2201 3079 Sed
2238 3014 2321 3078 ita
2362 3012 2687 3098 contingit
2726 3012 2793 3076 in
2839 3021 3017 3076 motu
3067 3009 3281 3091 locali,
3323 3009 3534 3097 qualis
3562 3049 3879 3116 Applicatur.

1983 3128 2500 3206 est‚verberatio
2559 3127 2753 3207 aeriS,
2811 3139 2873 3194 et
2926 3126 2991 3193 in
3038 3146 3199 3194 sono
3240 3140 3527 3212 causam,

1984 3268 2132 3336 quae
2192 3258 2291 3313 est
2341 3244 2615 3332 prolatio
2672 3244 2923 3324 formae,
2979 3255 3050 3309 ut
3108 3243 3304 3309 simul
3357 3255 3536 3311 tran—

1984 3377 2156 3441 seat:
2205 3384 2363 3450 ergo
2402 3362 2637 3429 salsum
2690 3371 2790 3428 est
2829 3362 3047 3428 dicere
3078 3363 3382 3444 sormam,
3427 3373 3540 3429 ant

1986 3484 2475 3550 Sacramentum
2511 3499 2658 3545 esse
2700 3497 2815 3564 pro
2844 3477 2957 3543 illo
2989 3477 3259 3544 instanti
3300 3480 3543 3543 mutati

1982 3619 2137 3677 6336,
2207 3595 2380 3684 quod
2441 3594 2749 3660 terminat
2828 3604 3075 3659 motum
3153 3593 3538 3679 prolationis

1985 3713 2355 3781 extrinsece
2395 3736 2410 3792 3
2485 3710 2657 3798 quod
2725 3709 3099 3777 confirmari
3168 3723 3385 3797 potest
3457 3732 3539 3777 ex

1986 3828 2384 3915 philosopho
2428 3827 2511 3893 de
2537 3848 2731 3893 36η3ιι
2772 3836 2831 3892 et
2877 3838 3159 3907 36η3αιο,
3222 3827 3542 3894 dubitati·
3568 3864 3876 3932 philosoph.

1984 3969 2107 4012 one
2134 3946 2527 4033 penultima,
2587 3942 3040 4030 multiplicatio
3089 3943 3230 4009 soni
3281 3955 3344 4010 et
3395 3966 3541 4011 sen·
3581 3977 3884 4042 multiplica-

1986 4062 2152 4128 satio
2185 4080 2311 4125 non
2343 4058 2415 4125 fit
2462 4058 2587 4125 nisi
2620 4059 2685 4123 in
2717 4070 3033 4145 tempore.
3070 4059 3334 4127 Accedit
3362 4061 3537 4149 quod
3627 4039 3816 4154 ωξίοὶη

1987 4182 2479 4246 Sacramentum
2530 4176 2760 4243 existat
2800 4176 3245 4263 principaliter
3275 4191 3425 4246 ante
3464 4180 3538 4246 il·
3565 4170 3789 4232 “mm‘'
3809 4168 3883 4216 ω·

1988 4295 2096 4361 lud
2147 4306 2469 4361 mutatum
2503 4315 2656 4373 6336,
2705 4292 2859 4380 quia
2897 4293 3199 4360 consistit
3239 4293 3306 4362 in
3360 4308 3537 4364 motu

1988 4409 2148 4476 etin
2182 4411 2341 4493 sieri
2379 4430 2492 4476 seu
2540 4429 2687 4489 usu,
2724 4420 2789 4475 et
2819 4420 2976 4476 tunc
3015 4411 3303 4478 maxime
3342 4414 3539 4480 habet

1989 4546 2180 4592 suum
2242 4524 2549 4590 effectum
2626 4524 2987 4590 naturalem
3027 4548 3041 4602 ;
3088 4525 3323 4593 deinde
3399 4528 3540 4597 fieri

1993 4651 2204 4728 potest
2262 4654 2332 4707 ut
2380 4641 2613 4720 forma,
2689 4640 2872 4705 verbi
2914 4640 3147 4726 gratia,
3195 4645 3536 4732 Baptismi,

1992 4758 2259 4824 finiatur
2316 4768 2466 4822 ante
2516 4755 2765 4821 finitam
2804 4756 3142 4838 lotionem,
3195 4761 3352 4847 quid
3399 4773 3537 4829 tan-

1990 4873 2137 4939 dem
2174 4871 2332 4940 fiet?
2369 4873 2490 4939 Sed
2526 4871 2695 4939 dicta
2728 4870 3094 4952 sufficiant3
3134 4892 3351 4944 manet
3383 4898 3542 4966 ergo

1992 4989 2458 5076 consequentia
2528 4988 2702 5075 quod
2751 4992 3168 5058 Sacramenta
3216 5009 3541 5082 nequeant

1995 5104 2267 5193 physice
2297 5125 2568 5172 causare
2597 5126 2791 5171 suum
2825 5106 3152 5183 effectum,
3188 5109 3275 5175 sit
3302 5112 3538 5197 gratia,

1993 5221 2078 5287 sit
2107 5220 2315 5287 aliud.
2354 5220 2665 5307 Sequitur
2700 5243 2713 5285 :

2079 5337 2240 5402 Item
2270 5338 2343 5402 in
2374 5338 2605 5423 aliquo
2638 5339 3094 5420 Sacramenm,
3131 5343 3382 5410 scilicet
3412 5344 3547 5410 Eu-
3691 5362 3769 5411 24.

1992 5454 2353 5532 charistice,
2394 5475 2531 5521 non
2564 5455 2828 5522 videtur
2858 5459 2986 5524 ista
3019 5461 3380 5527 cau-salitas
3409 5482 3543 5527 6336
3650 5478 3823 5529 Tertia

1984 5570 2351 5662 possibili&
2399 5583 2529 5639 etc.
2586 5577 2737 5642 llaec
2766 5587 2863 5644 est
2893 5577 3080 5652 tertia
3118 5578 3284 5650 ratio
3314 5583 3539 5652 Docto·
3567 5546 3884 5673 prisstsssslis.
