4255 6375
1428 414 1627 476 ots'r.
1660 414 1760 475 ιιι.
1794 397 2155 489 QuAEs'rto‘
2184 410 2230 473 1.

236 570 613 652 specificam
687 576 1133 653 institutionis
1193 579 1346 657 quia
1400 576 1616 639 solum
1673 573 1785 638 de-

3339 401 3460 463 279

1895 574 2199 636 mentalis
2251 577 2471 634 autem
2542 571 2623 633 sit
2675 570 2991 644 minister,
3065 568 3183 645 qui
3247 566 3451 629 tradit

234 695 456 752 notant
538 693 762 771 ipsam
817 698 1142 758 actionem
1195 696 1262 757 in
1321 692 1460 756 fieri
1493 712 1508 755 ε
1539 694 1674 769 qu
1728 698 1788 754 te
1895 693 2185 753 exterius
2241 694 2763 758 Sacramentum,
2808 687 2869 747 si
2909 686 3308 765 exprimitur
3350 699 3456 744 ac-

232 804 498 881 baptizo,
558 812 693 872 etc.
741 810 901 886 Quae
951 810 1192 873 ablutio
1237 812 1455 888 seipsa
1505 807 1785 886 perinde

229 921 628 985 sensibiliter
676 923 1132 987 manifestatur
1176 942 1258 988 ex
1306 930 1538 988 natura
1578 928 1646 986 et
1673 941 1784 1003 ap·

229 1037 519 1115 parentia
579 1040 792 1117 ipsius
836 1044 1049 1116 actuS,
1109 1041 1222 1119 qui
1283 1044 1461 1102 tactu
1519 1046 1586 1103 et
1640 1041 1785 1102 visu

234 1154 712 1231 comprehendi
803 1162 1042 1235 potest.
1145 1157 1462 1219 invocatio
1562 1162 1778 1219 autem

233 1271 671 1333 Sanctissimae
742 1273 1067 1336 Trinitatis
1123 1289 1256 1335 non
1316 1275 1606 1335 continet
1660 1272 1772 1334 de·

237 1387 793 1463 terminationem,
885 1406 1030 1469 quae
1106 1390 1384 1452 accedat
1470 1390 1786 1454 ablutioni

236 1520 337 1582 per
402 1504 694 1566 modum
753 1503 1216 1583 specificantis,
1301 1505 1424 1569 sed
1509 1507 1784 1570 denotat

234 1622 693 1682 auctoritatem
763 1628 829 1683 et
880 1626 1276 1700 potestatem
1320 1623 1487 1703 ejus,
1537 1623 1604 1685 in
1652 1640 1781 1703 quo

236 1729 297 1794 fit
359 1734 629 1807 interna
723 1736 994 1811 abluti0,
1073 1753 1150 1798 ac
1226 1736 1503 1814 proinde
1572 1739 1784 1819 magis

237 1852 715 1916 insututionem
786 1852 1065 1916 divinam
1125 1860 1191 1916 et
1247 1852 1605 1917 efficaciam
1663 1857 1778 1918 ab·

239 1968 490 2032 tutionis
575 1976 868 2034 externae
924 1987 1006 2032 ex
1061 1972 1203 2048 ipsa
1269 1971 1780 2045 redundantem,

238 2098 359 2146 non
429 2086 731 2164 aliquam
796 2084 1352 2164 specificationem
1430 2086 1784 2151 ablutionis

239 2203 298 2264 in
350 2218 466 2275 se;
534 2220 703 2284 ergo
750 2205 1048 2283 sequitur
1086 2206 1259 2267 hanc
1312 2202 1589 2268 formam
1650 2224 1784 2270 non

240 2332 376 2380 esse
465 2318 920 2382 conditionem
991 2320 1476 2399 specificantem
1547 2323 1783 2399 solum,

237 2434 347 2495 sed
393 2442 661 2512 partem
709 2436 1135 2499 essentialem
1168 2445 1233 2501 et
1277 2436 1784 2501 fundamentum

240 2548 732 2629 significationis
785 2553 1104 2631 practicae.

312 2665 494 2728 Patet
552 2671 1054 2747 consequentia,
1117 2669 1263 2747 quia
1325 2669 1600 2732 intentio
1659 2673 1782 2734 mi-

144 2784 220 2865 aa
247 2784 416 2846 nistri
447 2791 514 2847 et
545 2799 911 2847 consensus
952 2784 1349 2863 baptizandi,
1383 2784 1787 2850 sufficienter

145 2901 218 2952 sci-
255 2896 755 2960 determinarent
798 2899 980 2960 illum
1021 2906 1239 2962 actum
1284 2901 1654 2976 ablutionis,
1701 2902 1787 2964 ad

147 2980 184 3015 Γ.

255 3008 791 3089 significationem
871 3016 1435 3089 sacramentalem,
1529 3018 1787 3080 seclusa

251 3124 461 3204 forma,
506 3130 565 3194 si
622 3130 1057 3196 essentialiter
1109 3132 1498 3196 consisteret
1556 3134 1784 3196 Sacra·

249 3253 531 3313 mentum
605 3253 671 3313 in
728 3253 868 3315 sola
929 3253 1289 3327 ablutione,
1359 3253 1511 3333 quia
1563 3257 1782 3317 inten-

251 3361 325 3424 tio
363 3365 645 3430 ministri
673 3374 775 3431 est
806 3367 1094 3432 conditio
1123 3367 1352 3432 ultimo
1394 3370 1786 3449 specificans

252 3484 368 3544 tam
399 3482 684 3547 formam
727 3501 924 3566 quam
967 3485 1311 3548 materiam
1355 3487 1781 3562 Sacramenti,

253 3597 324 3658 ad
375 3599 548 3662 hunc
622 3616 895 3663 sensum
971 3604 1355 3678 practicum,
1431 3602 1573 3665 sine
1653 3620 1783 3682 qua

155 3781 164 3794 Ι
255 3713 394 3776 nihil
447 3717 715 3780 omnino
772 3714 986 3792 fieret,
1048 3717 1568 3797 quibuscumque
1627 3721 1785 3782 alias

139 4223 238 4280 dunt

139 4300 213 4341 tec
273 4295 707 4362 invocationem
760 4299 1048 4377 Spiritus
1111 4300 1266 4362 dari
1317 4302 1447 4361 vim
1500 4302 1784 4377 sanctifi-

256 3833 503 3908 positis;
542 3849 705 3913 ergo
756 3834 892 3896 haec
942 3831 1349 3896 sufficienter
1393 3834 1788 3898 determina-

259 3952 345 4008 ret
382 3949 816 4024 ablutionem,
873 3953 926 4013 si
968 3952 1034 4013 in
1092 3967 1170 4013 ea
1207 3951 1346 4014 sola
1402 3953 1790 4015 consisteret

265 4058 743 4130 fundamentum
790 4067 1304 4149 significationis

331 4180 564 4247 Favent
618 4185 816 4247 etiam
870 4183 1115 4259 PatreS,
1193 4184 1304 4262 qui
1374 4183 1601 4246 dicunt
1663 4202 1786 4262 per

271 4416 438 4476 candi
479 4418 692 4496 aquis,
751 4433 949 4498 quam
1003 4414 1483 4479 invocationem
1538 4416 1777 4477 intelli·

270 4535 410 4603 gunt
453 4549 574 4612 per
615 4530 892 4594 formam
949 4532 1350 4593 Sacramenti
1412 4530 1779 4594 invocando

271 4641 642 4725 Trinitatem,
712 4654 787 4711 ut
839 4648 1206 4728 intelligere
1276 4644 1535 4709 videtur
1589 4648 1782 4709 Nice-

138 4785 204 4884 Ξῖ.
274 4772 405 4824 num
455 4768 812 4830 Concilium
875 4766 988 4828 lib.
1064 4766 1123 4828 3.
1170 4768 1248 4828 de
1291 4769 1516 4827 sancto
1571 4767 1781 4842 Bapti-

273 4889 432 4956 tmo,·
483 4888 551 4945 et
624 4882 797 4945 favet
880 4882 1322 4945 Florentinum
1390 4884 1461 4942 in
1529 4882 1780 4943 decreto

279 4994 518 5074 Unionis,
564 5016 741 5073 nam,
800 5015 950 5061 cum
1014 4997 1410 5060 ostendisset
1449 4997 1516 5058 in
1573 4997 1778 5061 forma

276 5108 573 5195 alterutra,
640 5116 742 5179 vel
796 5116 1191 5186 Latinorum,
1241 5115 1348 5176 vel
1411 5114 1778 5176 Graecorum

276 5224 375 5289 rite
435 5238 499 5295 et
575 5224 789 5296 valide
865 5231 1182 5295 celebrari
1237 5234 1777 5306 Sacramentum,

280 5345 465 5412 subdit
523 5352 694 5414 hanc
769 5349 1092 5412 rationem
1153 5369 1168 5410 ε
1229 5352 1549 5422 Quoniam
1636 5366 1783 5410 cum

276 5470 616 5552 principalis
657 5491 874 5549 causa,
922 5489 1007 5534 ea:
1058 5490 1188 5550 qua
1232 5473 1594 5549 Baptismus
1645 5473 1777 5534 vir-

283 5586 448 5654 tutem
495 5594 753 5666 habeat,
801 5593 880 5654 sit
925 5594 1166 5652 Sancta
1226 5591 1522 5666 Trinitas,
1581 5590 1784 5652 intru-

139 6109 364 6268 ἰ...

1894 812 2018 881 tus,
2079 790 2193 885 qui
2230 823 2353 884 per
2405 807 2619 884 ipsum
2666 810 3005 867 exercetur
3043 804 3441 873 ministrum,

1898 940 2037 986 cum
2087 929 2341 986 Sanctae
2394 922 2725 983 Trinitatis
2776 919 3199 991 invocatione,
3234 917 3441 995 perfl-

1890 1041 2070 1101 citur
2100 1043 2622 1112 Sacramentum,
2674 1041 2802 1099 etc.

1974 1156 2306 1218 Caeterum
2363 1154 2476 1232 qui
2524 1154 2825 1232 sequitur
2875 1152 3274 1214 sententiam
3318 1150 3445 1229 pri·
3502 1168 3778 1219 Solvuntur

1892 1290 2095 1346 orem,
2159 1269 2602 1349 responderet
2632 1269 2913 1348 intelligi
2961 1282 3229 1330 causam
3272 1268 3445 1345 prin·
3474 1237 3797 1366 expugnatur

1894 1390 2173 1469 cipalem
2216 1387 2461 1469 gratiae,
2524 1402 2604 1449 eo
2659 1384 2857 1450 modo
2928 1401 3058 1465 quo
3127 1383 3449 1447 Tridenti·
3500 1356 3771 1423 ‘'When''

1893 1520 2053 1566 num
2095 1520 2245 1566 sess.
2304 1503 2363 1564 6.
2439 1519 2582 1580 cap.
2648 1504 2707 1563 7.
2784 1499 2943 1563 dicit
2999 1516 3148 1562 esse
3203 1500 3442 1573 Deum,

1893 1606 2007 1700 qui
2081 1624 2395 1697 operatur
2462 1619 2743 1680 interius
2798 1618 3077 1696 gratiam
3143 1614 3440 1695 physice,

1891 1750 2116 1814 neque
2163 1733 2339 1796 atiud
2395 1732 2747 1797 intendere
2802 1730 3263 1796 Florentinum.
3324 1728 3442 1791 Pa-

1892 1858 2023 1913 tres
2080 1867 2238 1913 vero
2296 1855 2370 1912 ut
2438 1850 2815 1928 plurimum,
2878 1845 3143 1927 quando
3221 1845 3447 1908 dicunt

1893 1983 2136 2047 aquam
2192 1964 2582 2029 sanctificari
2644 1981 2766 2042 per
2819 1963 3141 2041 spiritum,
3197 1962 3434 2024 intelli·

1892 2092 2062 2168 gunt
2150 2082 2587 2159 invisibiliter,
2663 2089 2734 2145 ut
2816 2086 3095 2145 lrenaeus
3173 2082 3287 2144 tib.
3370 2083 3430 2143 3.

1892 2221 2032 2281 cap.
2106 2205 2203 2269 19.
2284 2202 2562 2282 cyrillus
2616 2199 3241 2280 Hierosolymitanus
3304 2202 3432 2260 Ca·
3484 2191 3731 2244 Trident.

3522 2256 3744 2307 Irenaeus
3754 2292 3768 2306 .

1888 2321 2124 2383 teche-si
2169 2322 2227 2383 3.
2282 2320 2553 2381 Basilius
2601 2317 2711 2378 tib.
2769 2317 2847 2377 de
2890 2316 3147 2392 Spiritu
3186 2320 3427 2377 sancto.
3459 2319 3775 2446 Higrzfflssm

1891 2452 2035 2511 cap.
2084 2436 2180 2496 15.
2226 2436 2670 2497 Nazianzenus
2714 2433 3006 2495 oratione
3053 2432 3150 2494 40.
3197 2433 3433 2512 Nysse-
3494 2443 3744 2497 Basilius.

2229 2553 2239 2563 .
2427 2553 2439 2565 .
3086 2549 3098 2563 .
3464 2506 3767 2561 Nazianzen

1894 2568 2019 2614 nus
2060 2557 2357 2614 oratione
2410 2567 2473 2613 in
2542 2555 2833 2612 sanctum
2903 2553 3259 2624 Baptisma,
3318 2547 3438 2628 Cy·
3468 2572 3731 2634 nyssenus

1892 2668 2074 2747 rillus
2127 2664 2607 2729 Alexandrinus
2665 2665 2776 2727 tib.
2847 2666 2909 2726 2.
2969 2667 3037 2726 in
3104 2666 3439 2740 loannem,
3482 2630 3798 2747 Alffgsslslsrj-

1896 2800 2041 2859 cap.
2086 2784 2187 2844 42.
2221 2782 2749 2860 Theophylactus
2781 2783 2869 2842 ad
2913 2797 3055 2857 cap.
3110 2781 3202 2842 13.
3250 2783 3442 2841 Joan·
3473 2772 3798 2886 Theggssffla-

1895 2906 2014 2962 nis.
2073 2898 2514 2961 Tertullianus
2545 2897 2658 2959 lib.
2693 2899 2769 2959 de
2798 2899 3148 2974 BaptismO,
3204 2913 3346 2973 cap.
3382 2898 3439 2960 4.
3474 2888 3786 2997 Tel-ffifian.

1977 3020 2394 3085 Confirmatio
2424 3019 2616 3081 etiam
2654 3018 2785 3096 peti
2825 3021 3042 3094 potest
3076 3034 3159 3079 ex
3205 3017 3440 3080 iisdem
3495 3009 3803 3125 9οἳξῐιζω8Ἶ

1894 3137 2193 3201 Patribus
2245 3134 2435 3214 hujus
2482 3134 2849 3206 sententiae,
2898 3135 3048 3212 quia
3091 3130 3443 3214 loquentes
3493 3134 3740 3248 seffiffia

1897 3256 1979 3318 de
2029 3257 2156 3317 hoc
2200 3255 2625 3316 sacramento
2677 3251 2969 3313 tribuunt
3013 3251 3140 3313 vim
3199 3252 3442 3314 sancti-

1892 3371 2133 3435 sscandi
2196 3373 2384 3450 aquis
2443 3374 2510 3432 et
2567 3367 2907 3439 abluttoni,
2987 3384 3063 3429 ac
3134 3369 3187 3430 si
3242 3371 3309 3429 in
3365 3368 3443 3432 iis

1896 3489 2286 3550 consisteret
2353 3487 2422 3548 in
2502 3490 2681 3546 recto
2768 3485 3291 3558 Sacramentum,
3369 3488 3442 3545 ut

1893 3603 2121 3667 videre
2174 3604 2330 3664 li'cet
2371 3602 2436 3662 in
2484 3601 2626 3681 jam
2685 3600 2916 3673 citatiS,
2985 3600 3223 3680 quibus
3284 3598 3440 3662 addi

1898 3724 2118 3798 potest
2159 3721 2563 3798 Augustinus
2612 3721 2794 3780 tract.
2826 3717 2926 3780 80.
2960 3718 3024 3776 in
3072 3719 3440 3779 Joannem:

1895 3839 2064 3899 unde
2121 3839 2245 3899 ista
2301 3842 2484 3898 tanta
2537 3838 2742 3897 virtus
2799 3852 3007 3911 aquae,
3065 3841 3135 3896 ut
3208 3850 3443 3912 corpus

1892 3960 2142 4034 tanqat,
2194 3958 2251 4015 et
2281 3945 2530 4026 abluat,
2561 3953 2690 4013 nisi
2719 3954 2999 4029 faciente
3039 3952 3254 4029 verbo,
3307 3956 3438 4014 etc.

1892 4075 2006 4137 ubi
2057 4072 2417 4136 efficaciam
2466 4071 2778 4135 abluendi
2830 4088 2941 4133 cor
2989 4072 3212 4134 tribuit
3257 4087 3443 4150 aquae

1896 4193 1960 4249 in
2016 4195 2229 4261 recto,
2299 4191 2598 4268 quamvis
2668 4204 2801 4250 non
2870 4191 3013 4250 sine
3068 4189 3295 4251 verbo.
3368 4188 3444 4250 Et

1894 4306 2175 4385 epistola
2217 4307 2317 4367 23.
2368 4304 2451 4366 ad
2496 4302 2903 4366 Bonifacium
2951 4325 2965 4366 ε
3025 4310 3208 4382 Aqua
3263 4303 3442 4366 exhi-

1894 4424 2044 4484 bens
2097 4423 2464 4499 forinsecus
2521 4425 3024 4483 Sacramentum
3075 4422 3330 4498 qratiae,
3385 4425 3441 4482 et

1889 4540 2152 4617 spiritus
2239 4552 2518 4614 operans
2600 4537 2977 4598 intrinsecus
3072 4536 3439 4611 beneficium

1889 4658 2144 4736 qratiae.

1969 4772 2069 4835 Ad
2125 4772 2451 4834 rationem
2509 4772 2708 4835 etiam
2775 4772 3077 4850 superius
3137 4773 3434 4849 praemis·
3528 4781 3722 4857 Sotu'tio

1891 4904 2031 4950 sam
2101 4886 2493 4966 responderi
2551 4892 2791 4965 potest,
2858 4890 3012 4966 quia
3064 4887 3435 4966 Baptismus
3488 4869 3764 4996 &21ngssoe

1892 5012 1992 5067 est
2060 5005 2330 5067 initiatio
2402 5005 2681 5066 hominis
2776 5003 3140 5079 Christiani,
3231 5010 3431 5085 atque
3607 4993 3659 5042 5¹¹

3518 5057 3543 5105 s
3572 5070 3662 5104 vor

1890 5123 2058 5186 adeo
2110 5123 2605 5184 Sacramentum
2647 5121 2825 5196 fidei,
2868 5129 2944 5184 ut.
2980 5121 3428 5185 Tridentinum
3505 5072 3746 5185 ⁸30⁰&ss

1889 5255 2088 5317 supra
2159 5238 2472 5316 appellat,
2554 5242 2621 5299 et
2689 5237 2933 5314 saepius
3004 5239 3430 5317 AugustinuS,
3501 5187 3786 5236 sementim.

1890 5355 2138 5435 requiri
2225 5351 2714 5417 invocationem
2797 5354 3229 5416 Sanctissimae
3297 5354 3437 5416 Tri-

1893 5473 2134 5545 nitatis,
2195 5472 2383 5553 cujus
2443 5469 2641 5533 fidem
2701 5470 2766 5531 in
2836 5470 3258 5534 Sacramento
3313 5473 3437 5535 ba-

1894 5590 2171 5669 ptizatus
2216 5585 2574 5669 profitetur.
2622 5588 2695 5648 Et
2723 5593 2797 5648 ut
2827 5586 3191 5667 explicetur
3235 5604 3433 5652 causa

3495 3716 3747 3782 Augustin
3758 3758 3772 3771 .

3603 4743 3633 4794 7
