4255 6375
565 538 813 602 Supponit

631 615 733 648 non

562 664 804 713 admissa.

551 2887 848 2937 Sacramen-

639 2958 748 3000 tum

559 3014 708 3063 aliter
773 3018 822 3061 et

621 3075 768 3125 aliter

558 3137 819 3204 apphcarh

868 376 985 438 484

873 537 1026 600 dum
1100 542 1537 608 excedentem
1581 564 1715 609 non
1776 547 1910 610 dari
1959 549 2060 611 hic
2109 555 2175 611 et
2243 567 2417 612 nunc

875 654 1109 718 virtute
1155 660 1574 724 sacramenti.
1623 665 1753 725 Hoc
1786 680 1919 725 non
1949 668 2263 742 supponit
2298 668 2419 727 Do-

878 784 1040 855 ctor,
1088 785 1383 862 quamvis
1430 787 1602 847 enim
1645 785 1835 860 dicat,
1900 787 2078 865 quod
2135 787 2244 850 ille
2315 789 2415 849 ul-

876 901 1073 962 terior
1113 903 1361 982 gradus
1434 921 1566 967 non
1626 904 1819 967 detur
1889 908 2130 969 virtute
2193 909 2420 969 Sacra-

873 1022 1098 1094 menti,
1123 1021 1242 1082 sed
1275 1038 1355 1083 ex
1388 1023 1655 1100 speciali
1685 1024 2141 1086 benevolentia
2176 1024 2417 1101 divina,

872 1136 937 1198 id
981 1137 1484 1219 intelligendum
1552 1147 1652 1203 est
1684 1143 1878 1221 juxta
1927 1143 2415 1218 antecedentia,

868 1255 979 1317 ubi
1038 1256 1192 1319 dicit
1249 1274 1330 1320 ex
1387 1261 1721 1323 voluntate
1781 1262 2134 1325 universali
2211 1266 2419 1326 Deum

871 1370 1277 1450 disposuisse
1310 1375 1467 1438 dare
1513 1379 1792 1457 gratiam
1823 1381 2236 1459 regulariter,
2274 1396 2415 1440 me-

873 1486 1091 1550 diante
1150 1491 1276 1553 hoc
1361 1494 1552 1572 signo
1614 1502 1790 1558 certo
1858 1499 1917 1558 in
1983 1496 2421 1558 determinato

873 1603 1107 1682 gradu,
1169 1607 1256 1666 ita
1313 1612 1386 1668 ut
1431 1610 1595 1671 nulli
1653 1613 1974 1673 minorem
2052 1630 2066 1671 :
2143 1616 2216 1672 Et
2278 1611 2422 1683 illa,

875 1723 1104 1802 inquit,
1133 1732 1335 1802 potest
1394 1729 1527 1789 dici
1552 1729 1843 1804 conferri
1880 1732 2115 1790 virtute
2173 1737 2419 1791 Sacra-

879 1842 1080 1899 menti
1099 1863 1119 1912 ,·
1176 1849 1240 1902 et
1300 1843 1421 1901 hoc
1471 1842 1669 1904 modo
1718 1858 1865 1904 esse
1924 1844 2246 1922 aequalem
2292 1846 2423 1905 vir-

879 1960 1083 2018 tutem
1115 1959 1515 2019 sacramenti
1574 1961 1639 2022 in
1696 1958 2034 2029 omnibus:
2085 1965 2153 2021 et
2192 1962 2254 2021 ln
2300 1961 2424 2020 hoc

874 2091 1076 2135 sensu
1151 2074 1303 2136 dicit
1363 2076 1545 2136 illum
1603 2075 1886 2155 gradum
1982 2076 2424 2139 excedentem

873 2206 1007 2252 non
1069 2189 1348 2252 conferri
1380 2191 1616 2253 virtute
1664 2193 2086 2266 Sacramenti‚
2161 2193 2282 2255 sed
2343 2210 2426 2255 ex

873 2309 1334 2371 benevolentia
1365 2311 1762 2387 particulari,
1811 2313 1960 2390 quia
2028 2328 2271 2389 nempe
2307 2313 2420 2373 Sa·

877 2428 1278 2484 oramentum
1328 2427 1400 2483 ut
1449 2423 1649 2485 habet
1707 2422 2059 2486 efficaciam
2124 2429 2192 2486 et
2260 2426 2424 2487 assi-

873 2539 1182 2601 stentiam
1227 2541 1365 2611 Dei,
1415 2545 1485 2600 ut
1555 2541 1821 2619 signum
1865 2548 2114 2603 certum
2170 2558 2251 2602 ex
2308 2559 2421 2602 vo-

874 2656 1125 2718 luntate
1184 2656 1535 2718 universali
1608 2661 1884 2729 tantum,
1932 2672 2063 2718 non
2123 2655 2421 2718 extendi-

879 2779 980 2835 tur
1010 2775 1153 2854 ejus
1184 2777 1406 2848 virtuS,
1445 2779 1557 2834 aut
1592 2773 1977 2853 significatio
2020 2775 2189 2836 ultra
2245 2776 2425 2835 illum

879 2888 1185 2967 gradum,
1243 2895 1315 2950 ut
1344 2890 1576 2951 subest
1650 2894 1870 2951 tamen
1925 2891 2237 2952 voluntati
2269 2906 2427 2966 spe-

880 3004 1025 3064 ciali
1056 3005 1197 3076 Dei,
1233 3011 1457 3065 causat
1509 3004 1692 3064 illum
1743 3002 2025 3083 gradum
2089 3004 2421 3065 exceden-

883 3125 1035 3193 tem,
1101 3122 1293 3183 etiam
1361 3139 1444 3183 ex
1503 3138 1707 3199 opere
1779 3128 2096 3199 operato;
2153 3138 2303 3184 nam
2362 3126 2429 3183 et

882 3242 1004 3304 hoc
1065 3242 1286 3304 titulus
1342 3242 1485 3319 ipse
1546 3241 1916 3320 quaestionis
1961 3242 2297 3319 supponit,
2362 3245 2428 3301 et

880 3362 1288 3438 impugnatio
1321 3359 1518 3438 hujus
1548 3358 1911 3429 sententiae,
1949 3374 2098 3419 nam
2132 3356 2426 3434 alioquin

877 3476 986 3537 ille
1029 3473 1299 3554 graduS,
1344 3476 1391 3535 si
1463 3491 1501 3534 a
1557 3474 1697 3536 solo
1746 3475 1880 3533 Deo
1915 3472 2424 3551 produceretur,

879 3610 1010 3657 non
1041 3593 1375 3654 mediante
1422 3592 1872 3663 SacramentO,
1908 3591 2431 3652 concomitanter

877 3727 950 3771 se
1008 3710 1285 3771 haberet
1329 3708 1413 3770 ad
1458 3708 1769 3770 effectum
1813 3708 2242 3773 sacramenti.
2302 3722 2426 3767 nec

879 3827 969 3887 sic
1024 3832 1202 3889 esset
1270 3826 1455 3888 locus
1515 3824 1854 3904 quaestioni
1906 3844 1918 3884 ε
1979 3828 2092 3896 An,
2151 3821 2423 3896 scilicet,

879 3961 1096 4007 omnes
1156 3944 1474 4020 baptizali
1525 3943 1865 4018 aequaliter
1918 3942 2238 4017 recipiant
2275 3940 2425 4015 effe·

877 4069 1046 4123 ctum
1078 4059 1397 4135 Baptz’smi
1419 4061 1447 4117 ξ)
1474 4071 1699 4135 neque
1761 4055 1957 4118 etiam
1991 4055 2428 4135 impugnatio-

876 4181 963 4254 ni,
1038 4185 1109 4240 ut
1159 4176 1309 4246 dixi,
1347 4191 1495 4253 quae
1544 4172 1839 4251 procedit
1871 4189 1952 4234 ex
1997 4172 2430 4233 determinata

874 4295 1375 4376 significatione,
1436 4296 1503 4353 et
1557 4288 1924 4368 significato
1999 4290 2429 4362 sacramenti,

876 4417 980 4478 cui
1046 4429 1180 4476 non
1273 4408 1824 4487 corresponderet
1911 4407 2159 4488 gradus
2243 4424 2428 4468 exce·

875 4534 1041 4595 dens
1097 4550 1132 4593 a
1182 4531 1319 4593 solo
1373 4531 1509 4590 Deo
1561 4532 1889 4599 causatuS‚
1949 4526 2184 4604 magis,
2233 4540 2431 4603 quam

874 4651 928 4712 si
981 4651 1366 4711 causaretur
1409 4661 1530 4724 per
1586 4643 1916 4704 meritum.
1964 4641 2070 4703 vel
2127 4640 2251 4702 alio
2297 4658 2424 4701 mo·

877 4770 1002 4842 do;
1038 4767 1326 4844 ideoque
1359 4764 1600 4824 Doctor
1643 4760 1814 4821 hunc
1872 4774 2141 4819 sensum
2190 4774 2430 4835 suppo-

876 4902 1042 4947 nens
1084 4882 1239 4944 dicit
1282 4901 1297 4942 :
1350 4883 1672 4951 Quantum
1743 4875 1832 4936 ad
1879 4877 2079 4935 Deum
2127 4875 2426 4936 deformi-

874 5008 1132 5067 nantem
1196 5017 1262 5061 se
1309 4997 1655 5073 cooperare·
1707 4994 1817 5054 isti
1867 4996 2050 5069 sz'9no
2100 5007 2228 5068 per
2274 4991 2432 5066 effe-

873 5127 1044 5184 ctum
1088 5115 1548 5193 siqnz'llcatum,
1612 5115 1739 5171 etc.
1802 5107 2024 5184 aliquo
2085 5106 2273 5168 modo
2311 5122 2425 5182 po·

873 5244 983 5301 test
1065 5251 1193 5295 esse
1263 5229 1653 5305 differentia,
1722 5225 1947 5303 aliquo
2014 5226 2206 5286 modo
2281 5241 2427 5301 non,

874 5360 997 5415 etc.
1035 5348 1301 5430 quando
1355 5346 1634 5408 effectus
1681 5347 1784 5404 est
1819 5338 2109 5420 aequalis,
2163 5338 2427 5420 quando

873 5477 1216 5556 inaequalis
1278 5478 1347 5537 stt
1417 5491 1451 5535 a
1511 5475 1675 5542 Deo,
1739 5471 2139 5547 cooperante
2195 5468 2424 5529 Sacra-

869 5610 1119 5666 mentO.

2030 385 2173 449 LIB.
2209 388 2308 449 lV.
2345 390 2944 458 SENTENTtARUM

2612 555 2700 617 Ex
2747 555 2846 618 his
2893 561 3132 622 corruit
3174 561 3463 623 secunda
3522 564 3680 624 ratio
3734 563 3865 634 Soti,
3884 583 3976 642 qna

2536 674 2636 730 est
2689 679 2914 735 contra
2963 678 3487 753 suppositionem
3536 678 3887 757 quaestionis
3925 657 4035 768 ηεξ-,-

2537 787 2712 847 enim
2768 792 3090 867 procedit,
3170 810 3246 855 ac
3302 795 3359 857 si
3398 795 3505 857 ille
3566 813 3847 857 excessus
3896 797 4023 858 non?

2536 913 2919 970 causaretur
2960 926 3081 988 per
3111 911 3625 977 Sacramentum.
3654 918 3849 977 Tertia
3876 923 3975 979 ratio

2534 1023 2832 1100 procedit
2892 1027 2959 1086 in
3013 1043 3218 1090 sensu
3257 1034 3599 1104 contrario,
3660 1033 3973 1096 admittendo

2534 1143 3082 1221 suppositionem,
3143 1148 3328 1225 quasi
3374 1146 3655 1211 liberum
3681 1152 3760 1212 sit
3794 1159 3975 1212 senten·

2538 1253 2689 1316 tiam
2763 1256 2978 1320 studio
3042 1263 3555 1341 impugnationis
3623 1265 3696 1324 ad
3774 1271 3979 1325 extrema

2537 1371 2796 1433 trahere
2830 1379 2896 1435 et
2951 1378 3322 1454 propellere
3354 1378 3439 1440 ad
3470 1380 3979 1448 contradicentiam.

2538 1504 2668 1565 quo
2721 1486 2975 1554 facilius
3021 1493 3431 1572 explodatur.
3478 1497 3732 1559 Summa
3796 1499 3981 1560 rationis

2538 1608 2638 1664 est
2672 1623 2687 1664 :
2737 1606 2916 1685 quod
2938 1609 3214 1687 perinde
3247 1613 3441 1674 etiam
3475 1613 3603 1675 dici
3630 1616 3819 1693 possit
3844 1615 3979 1675 Deum

2536 1736 2658 1797 per
2685 1725 2988 1787 meritum
3031 1730 3281 1807 aequale
3327 1729 3628 1792 conferre
3683 1730 3982 1809 inaequalem

2536 1841 2838 1917 gratiam.
2872 1843 3331 1922 Respondetur
3361 1847 3666 1926 negando
3697 1847 3978 1925 sequelam.

2538 1954 2688 2032 quia
2730 1956 2903 2019 inter
2932 1960 3233 2022 meritum
3290 1967 3355 2024 et
3403 1965 3676 2042 gratiam
3705 1968 3766 2024 et
3789 1963 3983 2043 gloriam

2539 2072 2730 2137 datur
2774 2081 3108 2156 proportio
3158 2082 3524 2145 secundum
3575 2081 3983 2160 mediumjusti-

2539 2191 2657 2264 tiae,
2696 2207 2828 2255 non
2859 2199 2945 2256 ita
2976 2198 3043 2258 in
3074 2197 3519 2273 Sacramento,
3552 2199 3724 2279 quod
3761 2205 3984 2279 operatur

2539 2324 2617 2370 ex
2664 2327 2844 2372 mera
2882 2312 3264 2378 liberalitate
3312 2317 3720 2389 instituentis,
3768 2322 3826 2378 et
3859 2314 3981 2377 inde·

2537 2428 2911 2505 pendenter
2949 2447 2984 2492 a
3029 2434 3282 2506 merim,
3316 2440 3384 2496 et
3415 2434 3816 2512 dispositione
3841 2432 3983 2494 infan-

2538 2545 2653 2616 tis;
2691 2548 2757 2606 in
2787 2546 3010 2608 adulto
3042 2565 3197 2612 vero
3228 2565 3309 2611 ex
3340 2553 3753 2628 proportione
3792 2549 3981 2628 disposi-

2540 2662 2730 2759 tionis
2772 2672 3068 2726 servatur
3110 2666 3401 2729 medium
3437 2668 3697 2747 justitiae
3756 2668 3831 2728 de
3887 2682 3979 2725 oon·

2538 2794 2726 2857 gruo,
2788 2781 3054 2858 quando
3115 2786 3217 2845 est
3265 2783 3327 2844 in
3386 2790 3653 2862 peccato
3704 2782 3979 2861 personali.

2617 2897 2822 2958 Minus
2851 2905 3044 2976 urget
3099 2901 3303 2962 altera
3362 2902 3835 2980 consequentia,
3862 2915 4014 2985 nem·-

2538 3028 2623 3088 pe
2656 3019 2837 3074 extra
2868 3015 3357 3077 Sacramentum
3399 3020 3467 3078 et
3507 3016 3813 3087 meritum,
3843 2991 4001 3074 Deum'

2539 3145 2735 3207 posse
2783 3146 3054 3195 causare
3102 3131 3279 3196 illam
3346 3137 3619 3214 gratiam
3685 3148 3759 3195 ex
3810 3133 3977 3192 motivo

2543 3245 3145 3322 praedestinationis,
3200 3257 3266 3310 et
3333 3250 3425 3311 sic
3494 3254 3623 3312 tota
3688 3248 4031 3310 meritorum--

2540 3363 2700 3426 ratio
2751 3367 3293 3441 proscriberetur.
3341 3368 3781 3445 Respondetur
3851 3366 3978 3426 abso-

2536 3482 2673 3544 lute
2703 3485 2995 3560 potuisse
3027 3487 3240 3548 Deum
3268 3487 3362 3548 sic
3405 3485 3644 3559 facere,
3689 3503 3808 3547 non
3836 3491 3980 3545 tamen

2540 3603 2950 3681 regulariter,
3021 3605 3391 3683 perducere
3442 3603 3980 3685 praedestinationem

2542 3718 2627 3780 ad
2698 3722 3031 3796 effectum,
3090 3727 3201 3787 nisi
3273 3742 3394 3803 per
3453 3723 3666 3787 media
3742 3719 3977 3784 ordinaria

2543 3835 2610 3892 et
2666 3834 2930 3904 statuta,
2975 3850 3218 3912 nempe
3275 3835 3687 3898 Sacramenta
3728 3842 3786 3896 et
3824 3844 3973 3910 open,

2545 3949 2841 4024 quamv1s
2898 3950 3152 4028 aliquos
3209 3958 3434 4029 praeter
3502 3953 3712 4032 legem
3763 3948 3973 4033 justitiu-

2543 4067 2707 4127 verit
2758 4067 2823 4128 in
2881 4071 3095 4141 uter0,
3168 4072 3241 4129 ut
3307 4069 3696 4132 sortirentur
3755 4068 3969 4131 effectum

2543 4181 3166 4260 praedestinationis,
3217 4185 3427 4264 qualis
3476 4192 3613 4248 erat
3659 4185 3756 4250 illa
3804 4182 3970 4263 grafia:

2546 4299 2699 4362 nihil
2730 4300 2792 4360 in
2821 4300 2947 4361 hoc
2976 4303 3422 4380 praescriptum
3481 4308 3593 4366 aut
3643 4303 3974 4382 proscriptum

2546 4419 2647 4476 est
2676 4421 2897 4477 contra
2942 4417 3164 4495 legem
3220 4418 3638 4493 ordinariam,
3693 4417 3800 4481 sed
3846 4425 3973 4489 supra

2543 4533 2725 4595 illum
2769 4538 2988 4596 actum
3047 4540 3168 4609 est,
3233 4536 3413 4614 quod
3458 4554 3579 4614 per
3642 4532 3829 4599 media
3878 4529 3972 4607 ejus

2542 4649 2767 4712 haberi
2813 4656 3035 4728 potest
3061 4654 3126 4713 in
3173 4651 3428 4715 diverso
3488 4658 3657 4715 statu
3708 4646 3926 4715 infantis.

2625 4766 2975 4843 Oporteret
3031 4769 3225 4829 etiam
3269 4769 3553 4846 probare
3629 4769 3705 4831 de
3742 4768 3863 4846 lege
3912 4775 3974 4819 or·

2545 4881 2833 4959 dinaria‚
2905 4883 2996 4945 ita
3080 4889 3370 4948 arctasse
3459 4887 3663 4948 Deum
3719 4877 3972 4945 efficaciam

2542 4997 2971 5072 Sacramenti,
3016 5004 3090 5061 ut
3142 5001 3308 5062 ultra
3346 5001 3629 5081 gradum
3683 4994 3971 5062 determina·

2548 5122 2705 5188 tum,
2742 5133 2821 5179 ex
2861 5117 3127 5195 speciali
3171 5118 3507 5181 voluntate
3566 5117 3648 5180 ad
3697 5113 3968 5178 ulteriorem

2541 5236 2818 5314 gradum
2907 5235 3308 5314 quandoque
3399 5252 3533 5298 non
3616 5229 3966 5298 extendantur.

2540 5355 2617 5415 Et
2661 5353 2954 5432 quamvis
2999 5353 3083 5415 de
3115 5351 3263 5432 lege
3321 5352 3639 5416 ordinaria
3682 5344 3852 5412 media
3894 5342 4017 5447 83·Ῡί

2540 5471 2689 5533 lutis
2755 5470 3402 5549 comprehendantur
3451 5472 3572 5533 sub
3638 5454 4025 5579 sacramentis&

2541 5593 2609 5651 et
2650 5588 2981 5666 operibus,
3036 5603 3168 5651 non
3257 5586 3497 5651 eodem
3569 5584 3739 5650 modo
3800 5583 3961 5639 omn&
