4255 6375
1399 433 1602 497 Dts'r.
1633 435 1707 501 11.
1753 431 2119 510 QUAESTIO
2168 435 2214 496 1.

279 596 574 660 sententia
639 597 737 656 est
791 608 970 656 vera.
1028 592 1171 655 Dixi
1240 594 1400 672 puri
1486 593 1779 662 viatoris,

280 714 406 791 quia
430 713 720 774 meritum
759 711 988 774 Christi
1060 707 1408 791 (quantum
1465 710 1549 771 ad
1599 715 1780 770 actus

278 830 555 903 internOS,
605 831 670 890 in
716 829 953 909 quibus
1001 828 1305 907 primario
1359 826 1782 899 consistebat,

280 948 333 1004 et
392 942 743 1004 secundum
805 946 1166 1021 portionem
1233 944 1666 1020 superiorem,
1720 946 1790 1001 ut

278 1060 642 1137 probabilius
675 1060 929 1141 judico,
994 1063 1184 1123 etiam
1259 1076 1339 1121 ex
1387 1063 1612 1120 mente
1656 1058 1786 1117 Do-

287 1177 464 1249 ctoris,
524 1178 677 1257 quia
759 1195 839 1241 ex
897 1176 1367 1257 perfectissima
1448 1175 1787 1243 charitate,

118 1315 247 1385 {cipitur
281 1297 337 1353 ut
359 1293 761 1357 commendat
786 1294 1133 1374 Scriptura,
1171 1288 1527 1371 praecessit)
1560 1305 1792 1352 exces-

116 1386 240 1489 3¹1me
284 1409 346 1470 sit
402 1410 728 1486 praemium
828 1410 1309 1491 cujuscumque
1383 1406 1648 1470 alterius
1727 1406 1791 1464 in

285 1526 479 1606 gloria.

135 1663 192 1730 s..
350 1641 622 1721 Objicies
713 1642 898 1704 tertio
971 1642 1278 1703 meritum
1338 1639 1420 1701 de
1496 1653 1790 1717 congruo

116 1726 230 1848 {2¹52
290 1774 395 1818 non
425 1757 730 1834 distingui
760 1776 798 1819 a
839 1758 1071 1818 merito
1121 1757 1204 1818 de
1255 1754 1613 1833 condignO,
1668 1753 1792 1815 nisi

120 1858 224 1898 ⁷¹¹⁰*
285 1875 504 1939 ratione
560 1876 735 1937 illius
787 1876 1216 1953 aequalitatis3
1269 1890 1450 1952 ergo.
1493 1874 1787 1948 Respon-

282 1988 464 2064 detur,
537 1991 849 2073 negando
906 1989 1335 2059 antecedens,
1398 1990 1546 2066 quia
1613 1985 1793 2047 idem

276 2122 427 2177 actus
458 2115 873 2176 continuatus
921 2112 1315 2188 potestesse
1362 2105 1665 2165 meritum
1709 2100 1791 2161 de

279 2231 600 2310 condigno,
652 2234 716 2290 et
745 2228 1047 2291 meritum
1084 2225 1165 2287 de
1209 2236 1510 2303 'congruo
1572 2223 1654 2283 ob
1704 2220 1793 2282 di·

277 2364 508 2409 versum
548 2352 791 2409 statum
865 2344 1209 2415 elicientis‚
1265 2347 1339 2402 ut
1371 2338 1635 2419 quando
1698 2342 1795 2398 at-

277 2467 418 2527 tritio
460 2480 577 2527 seu
615 2463 941 2531 contritio,
972 2457 1187 2522 infusa
1218 2458 1428 2536 gratia
1463 2455 1796 2516 continua·

209 2659 215 2666 ι
279 2586 379 2642 tur.
409 2578 788 2642 Differentia
833 2585 1052 2638 autem
1083 2573 1362 2636 sumitur
1393 2588 1474 2632 ex
1505 2588 1584 2631 eo
1618 2566 1798 2648 quod

125 2665 240 2769 ἵζω
277 2698 553 2759 meritum
630 2695 713 2757 de
777 2707 1069 2771 congruo
1157 2689 1237 2751 sit
1309 2687 1640 2766 dispositio
1716 2681 1798 2743 ad

125 2785 230 2893 ’ἔξω
277 2819 548 2895 gratiam,
576 2819 654 2875 ut
681 2811 846 2874 fides
878 2817 945 2873 et
973 2825 1173 2887 opera
1209 2824 1350 2886 quae
1397 2803 1799 2877 antecedunt

129 2904 239 3019 ξω
275 2932 602 3009 iustitiam;
653 2946 874 3008 neque
905 2932 1289 3004 acceptetur
1345 2923 1427 2985 ad
1466 2924 1800 3000 praemium

129 3045 258 3096 W·
283 3052 420 3112 sicut
444 3048 752 3111 meritum
784 3044 867 3107 de
902 3042 1256 3123 condigne,
1317 3039 1496 3120 quod
1540 3039 1799 3117 proprie

284 3172 362 3229 est
389 3166 712 3234 meritum,
774 3167 842 3224 et
895 3160 1263 3225 secundum
1313 3156 1656 3238 justitiam,
1719 3170 1796 3216 eo

277 3284 447 3346 modo
483 3301 614 3363 quo
688 3280 1037 3342 intervenit
1082 3277 1335 3357 justitia
1392 3276 1564 3336 inter
1591 3274 1795 3333 Deum

279 3404 333 3461 et
369 3407 748 3463 creaturam.
799 3395 1060 3465 Contra,
1136 3391 1433 3453 contritio
1507 3385 1798 3466 perfecta

133 3528 229 3590 tim.
277 3515 448 3578 habet
506 3529 834 3577 annexam
902 3510 1403 3588 promissionem
1474 3506 1614 3576 Dei,
1666 3508 1800 3565 est-

281 3650 387 3709 que
425 3639 610 3694 actus
645 3636 713 3693 et
740 3630 955 3691 bonus
1013 3633 1079 3687 et
1134 3621 1649 3700 supernaturalis
1693 3637 1799 3682 se-

285 3749 538 3811 cundum
612 3745 1110 3810 inclinationem
1203 3739 1577 3808 charitatis3
1640 3753 1799 3816 ergo

285 3861 619 3924 differentia
653 3875 786 3920 non
816 3862 998 3919 recte
1030 3852 1358 3916 fundatur.

135 4014 174 4066 ο,
346 3977 824 4057 Respondetur,
872 3971 1184 4052 negando
1233 3968 1801 4047 consequentiam,

132 4077 237 4193 ἓξὲξ)
298 4096 420 4169 quia
447 4094 764 4157 fundatur
790 4091 856 4153 in
911 4089 1107 4151 Paulo
1168 4092 1233 4148 et
1291 4084 1616 4158 Conciliis,
1677 4099 1804 4161 qua

132 4199 172 4252 b
308 4198 492 4265 dicunt
543 4218 673 4264 nos
720 4196 1060 4280 Justificari
1117 4194 1339 4274 gratis,
1398 4200 1462 4256 et
1533 4208 1669 4253 non
1726 4206 1808 4250 ex

134 4279 278 4394 ἔέἓῖι,
306 4321 531 4395 meritiS,
565 4325 642 4381 ut
666 4315 861 4378 docet
889 4312 1239 4390 Apostolus
1269 4310 1350 4371 ad
1383 4311 1711 4370 Romanos
1742 4307 1800 4366 4.

133 4405 249 4519 {SR
294 4433 605 4512 luscificaci
647 4435 855 4511 pratis
909 4446 1026 4507 per
1063 4431 1352 4505 qratiam
1396 4429 1619 4502 ipsius,
1690 4440 1808 4500 per

132 4526 263 4636 {ff
291 4552 782 4629 redemptionem,
811 4562 953 4624 quae
977 4551 1062 4605 est
1096 4545 1159 4605 in
1193 4543 1441 4605 Christo
1470 4545 1640 4614 Jesu,
1676 4543 1803 4599 etc.

293 4685 414 4746 quae
453 4678 551 4733 est
583 4667 872 4733 definitio
916 4661 1346 4740 Diospolitani
1389 4664 1616 4722 contra
1688 4660 1806 4718 Pe-

282 4776 502 4865 lagium
550 4794 676 4849 art.
728 4787 822 4847 12.
884 4780 1230 4845 Milevitani
1263 4795 1400 4839 ean.
1449 4779 1506 4838 3.
1532 4777 1592 4838 6.
1630 4784 1686 4837 ec
1741 4776 1800 4836 8.

291 4904 450 4965 unde
498 4902 952 4966 Tridentinum
995 4913 1157 4958 sess.
1198 4897 1257 4957 6.
1295 4910 1437 4971 cap.
1484 4895 1544 4954 8.
1594 4893 1808 4953 Gratis

293 5025 490 5080 autem
532 5023 674 5083 ideo
694 5017 1051 5097 justificari
1095 5013 1398 5083 dicimur,
1446 5011 1602 5086 quia
1645 5007 1805 5068 nihil

290 5151 492 5197 eorum
539 5154 680 5214 quae
696 5132 1226 5213 justificationem
1250 5129 1644 5203 praecedunt,
1675 5125 1806 5184 sive

288 5249 450 5323 fides,
481 5253 614 5313 sive
655 5265 876 5326 opera,
909 5251 1113 5322 ipsam
1149 5242 1624 5320 justificationis
1645 5255 1800 5315 yra-

292 5365 438 5424 tiam
456 5370 933 5442 promerentur,
968 5369 1091 5424 etc.

342 5480 678 5544 Promissio
733 5480 904 5542 facta
967 5474 1338 5539 contritioni
1418 5474 1643 5552 itaque
1738 5476 1806 5536 in

129 5653 144 5684 ,
288 5594 402 5660 hoc
502 5598 715 5661 differt
793 5613 831 5658 a
916 5593 1372 5676 promissione,
1477 5609 1605 5672 qua
1694 5606 1798 5652 ac-

131 5689 146 5754 Ῑ
399 5711 705 5766 Tom.xvl.

121 5989 217 6258 t

129 5417 156 5474 ἒ

1847 3876 1852 3881 ·
1917 3861 2046 3917 tam
2090 3857 2260 3918 inter
2288 3859 2754 3935 promissiones
2786 3861 3012 3936 factaS,
3056 3878 3251 3941 quam
3290 3863 3458 3925 inter

3338 424 3460 492 257

1893 599 2152 672 ceptata
2201 599 2353 656 sunt
2410 610 2611 673 opera
2656 595 3001 674 justorum,
3048 591 3227 671 quod
3286 591 3431 653 haec
3484 611 3783 685 Promissio.

1894 712 2250 787 acceptatio
2293 709 2373 773 sit
2431 728 2514 773 ex
2573 711 2812 774 motivo
2863 711 3154 791 Justitiae,
3216 711 3281 771 et
3323 723 3445 785 per
3500 676 3772 793 dgffisso‘f‘

1899 824 2171 887 modum
2214 827 2451 899 meriti,
2512 828 2661 906 quia
2720 827 2845 890 vita
2877 835 3119 890 aeterna
3151 825 3446 903 proposi-

1903 945 1966 1002 ta
2010 947 2111 1003 est
2131 942 2326 1021 justis
2358 947 2424 1005 et
2452 942 2621 1017 filiis,
2652 949 2725 1006 ut
2752 944 2926 1006 bene
2967 941 3259 1005 declarat
3306 942 3445 1003 Tri·

1904 1056 2248 1119 dentinum
2278 1073 2442 1119 sess.
2476 1058 2534 1118 6.
2572 1075 2715 1135 cap.
2757 1060 2857 1122 16.
2889 1062 3089 1134 Atque
3135 1057 3274 1119 ideo
3298 1057 3452 1117 bene

1901 1176 2316 1249 operantibus
2358 1193 2555 1253 usque
2598 1179 2670 1237 iu
2693 1177 2908 1253 finem,
2957 1179 3110 1240 etin
3137 1181 3267 1237 Deo
3319 1190 3453 1252 spe-

1901 1293 2196 1354 rantibus
2224 1294 2534 1373 (loquitur
2566 1294 2649 1355 de
2670 1293 3060 1376 justificatis)
3081 1311 3454 1373 proponen-

1905 1410 1992 1468 da
2033 1413 2120 1468 est
2152 1410 2284 1470 vita
2313 1415 2577 1480 aeterna,
2610 1415 2667 1472 et
2697 1418 3011 1488 tanquam
3037 1414 3257 1488 qratia
3293 1411 3453 1487 filiis

1904 1524 2026 1584 Dei
2043 1540 2167 1599 per
2197 1525 2522 1587 Christum
2538 1528 2756 1588 lesum
2785 1528 3287 1591 misericorditer
3299 1541 3453 1603 pro·

1895 1640 2253 1713 promissa,
2285 1647 2344 1702 et
2371 1645 2681 1718 tanquam
2727 1659 2967 1704 merces
2993 1658 3077 1703 ex
3105 1644 3305 1718 ipsius
3334 1642 3457 1702 Dei

1897 1757 2327 1831 promissione
2355 1757 2533 1818 bonis·
2561 1760 2857 1834 ipsorum
2883 1759 3183 1834 operibus
3243 1763 3300 1819 et
3330 1773 3458 1820 me-

1903 1872 2050 1932 ritis
2089 1872 2365 1942 fideliter
2424 1878 2774 1949 reddenda,
2837 1880 2962 1937 etc.
3026 1876 3163 1938 Vita
3233 1880 3456 1937 autem

1906 1989 2149 2047 aeterna
2206 2006 2339 2050 non
2396 1992 2788 2067 promittitur
2847 1991 3328 2070 peccatoribus,
3393 1994 3459 2050 et

1908 2104 2205 2180 quamvis
2296 2104 2793 2181 dispositionem
2899 2106 3255 2187 perfectam
3340 2126 3461 2187 per

1911 2218 2364 2279 contritionem
2394 2219 2815 2283 infallibiliter
2848 2228 3294 2303 consequatur
3340 2225 3455 2304 ju-

1908 2332 2227 2397 stificatiO.
2265 2337 2403 2397 Haec
2438 2341 2656 2399 tamen
2698 2337 2768 2400 fit
2810 2342 3010 2419 gratis
3034 2357 3159 2418 per
3203 2344 3459 2403 redem-

1905 2447 2184 2520 ptionem
2229 2465 2368 2524 quae
2394 2457 2477 2509 est
2504 2451 2569 2511 in
2602 2452 2851 2513 Christo
2879 2456 3050 2522 lesu,
3111 2458 3177 2515 et
3205 2455 3456 2516 miseri·

1914 2560 2219 2633 corditer,
2290 2571 2354 2627 et
2426 2584 2559 2628 non
2630 2585 2749 2647 per
2821 2572 3126 2632 meritum
3197 2571 3461 2649 proprie

1915 2677 2185 2753 dictum,
2217 2682 2338 2744 sed
2385 2701 2770 2765 congruum,
2811 2704 2951 2766 quae
2982 2688 3361 2766 congruitas
3392 2688 3459 2749 in

1915 2796 2030 2857 Dei
2062 2797 2357 2861 bonitate
2412 2801 2745 2877 fundatur,
2795 2822 2937 2883 quae
2994 2807 3257 2883 respicit
3307 2822 3460 2868 vere

1918 2916 2268 2977 contritum
2317 2922 2383 2979 et
2427 2936 2817 2983 conversum
2861 2939 2896 2983 a
2952 2922 3071 2983 viis
3119 2923 3253 2984 suis
3311 2939 3457 3000 pra-

1914 3030 2033 3103 vis,
2079 3046 2213 3093 non
2244 3037 2308 3093 in
2353 3041 2585 3099 merito
2619 3038 2846 3115 ipsius,
2886 3039 3042 3101 licet
3076 3039 3306 3102 eadem
3339 3038 3456 3101 Dei

1913 3149 2169 3213 bonitas
2219 3157 2282 3214 et
2331 3153 2778 3217 misericordia
2822 3156 3132 3234 respiciat
3174 3154 3457 3237 gradum

1913 3277 1979 3328 et
2036 3286 2414 3332 mensuram
2458 3287 2590 3334 suae
2621 3276 3067 3337 conversionis
3092 3272 3454 3335 infunden-

1914 3383 1996 3445 do
2028 3389 2331 3465 gratiam,
2378 3395 2448 3450 ut
2477 3389 2667 3452 docel
2709 3390 2976 3452 'trident
3014 3408 3160 3452 sess.
3193 3391 3253 3451 6.
3290 3408 3342 3451 c.
3394 3389 3454 3449 7.

1912 3503 2302 3566 secumdum
2352 3510 2684 3584 propriam
2748 3510 3076 3588 cujusque
3126 3506 3449 3587 dispositi·
3534 3482 3773 3538 Trident.

1912 3637 2129 3692 onem,
2178 3628 2303 3684 etc.

1993 3741 2083 3800 Ex
2132 3741 2371 3817 quibus
2431 3748 2611 3819 patet
2666 3742 3034 3806 differentia
3095 3745 3451 3825 praemissa,
3507 3707 3807 3821 Dia-{kasta

3513 3833 3770 3899 assignata

3489 3895 3800 3948 declaratur.

1914 3970 2093 4046 ipsos
2151 3977 2361 4047 actus,
2430 3974 2579 4051 quia
2646 3975 2754 4036 illa
2817 3991 2965 4054 quae
3029 3994 3286 4039 annexa
3361 3984 3462 4040 est

1918 4087 2174 4161 merito,
2222 4093 2322 4150 est
2372 4107 2450 4151 ex
2500 4091 2717 4154 medio
2772 4096 2838 4153 et
2886 4093 3130 4155 motivo
3166 4095 3459 4175 justitiae,

1921 4206 1987 4262 et
2044 4210 2257 4280 pacto,
2327 4210 2623 4284 quamvis
2681 4206 2966 4270 admixta
3020 4209 3465 4272 misericordia

1917 4320 2060 4393 Dei,
2092 4319 2213 4381 sed
2266 4338 2409 4400 quse
2464 4339 2720 4384 annexa
2782 4330 2881 4385 est
2927 4325 3319 4399 contritioni,
3368 4333 3468 4387 est

1918 4450 1998 4495 ex
2055 4452 2235 4498 mera
2310 4439 2803 4513 misericordia;
2880 4456 3048 4500 unus
3126 4446 3311 4504 actus
3390 4458 3463 4502 se

1916 4551 2137 4623 habet,
2206 4560 2277 4616 ut
2347 4554 2711 4632 dispositiO,
2778 4561 2840 4618 et
2913 4574 3048 4618 non
3114 4562 3187 4619 ut
3267 4558 3462 4619 meri-

1920 4672 2087 4742 tum;
2150 4670 2311 4731 alter
2381 4677 2603 4734 autem
2674 4678 2746 4734 ut
2806 4675 3114 4736 meritum
3160 4672 3242 4735 de
3314 4691 3459 4735 con·

1919 4784 2144 4862 dignO,
2207 4786 2290 4846 de
2371 4804 2498 4865 quo
2586 4787 2934 4868 loquimur.
3014 4767 3087 4851 Εἰ
3167 4790 3466 4869 quamvis

1916 4901 2230 4978 appellari
2334 4903 2540 4979 possit
2622 4902 2952 4983 dispositio
3032 4922 3110 4967 ex
3180 4907 3461 4968 Doctore

1915 5017 2056 5076 dist.
2102 5021 2489 5092 praecedenti
2526 5037 2585 5097 q.
2631 5021 2693 5082 4.
2730 5029 2829 5085 est
2874 5029 3089 5084 tamen
3133 5020 3463 5100 dispositio
3536 5022 3773 5097 litei-itum

1916 5128 2000 5188 ad
2062 5131 2377 5209 gloriam;
2451 5136 2747 5195 contritio
2807 5144 3027 5198 autem
3096 5137 3460 5216 peccatoris
3527 5087 3787 5224 msffiutio

1919 5244 2254 5322 dispositio
2311 5248 2392 5309 ad
2457 5249 2988 5328 justificationem
3049 5257 3111 5315 el
3170 5255 3458 5317 remissi·
3535 5215 3768 5281 ⁸¹⁰r¹⁸m'

1917 5379 2114 5424 onem
2188 5366 2464 5441 peccati,
2538 5382 2688 5446 quae
2747 5368 2818 5432 fit
2875 5372 3104 5449 gratis,
3186 5376 3253 5433 et
3326 5387 3457 5450 qua

1917 5481 2276 5558 acquiritur
2320 5484 2642 5561 capacitas
2673 5485 2971 5547 merendi
3026 5488 3296 5566 gloriam
3346 5505 3467 5567 per

1914 5598 2195 5676 gratiam
2275 5599 2843 5677 sanctificantem,
2923 5619 3064 5683 quae
3149 5603 3304 5668 facit
3381 5604 3464 5668 de

3284 5717 3343 5774 17
