4255 6375
1265 413 1464 477 Dls'r.
1519 415 1619 475 lll.
1671 415 2029 491 QUAESTtO
2096 418 2191 481 ΙΙΙ.

121 576 178 676 22
222 577 279 633 et
319 588 396 634 an
448 590 570 637 una
618 572 954 643 immersio
1003 578 1344 646 sufficiat?
1412 579 1736 666 Supponi·

222 704 353 750 mus
412 699 720 773 quantum
753 704 851 759 est
880 693 959 760 de
1010 697 1396 763 necessitate
1455 696 1734 764 ministri

221 801 452 869 secluso
513 824 692 885 casu,
740 829 891 876 eum
939 812 1147 879 teneri
1186 812 1263 880 ad
1334 813 1528 879 ritum
1571 834 1735 901 prae·

218 917 510 1003 scriptum
560 941 698 989 suae
756 924 1084 993 Ecclesiae.
1131 927 1325 993 Trina
1376 927 1731 1009 immersiO,

217 1036 470 1123 ejusque
505 1059 661 1106 usus
703 1040 1007 1129 frequens
1045 1055 1142 1109 est
1188 1044 1357 1131 apud
1436 1045 1737 1132 antiquos

123 1214 145 1245 n
218 1157 454 1232 Patres;
501 1175 641 1221 eam
684 1157 879 1223 tradit
911 1180 1117 1226 canon
1162 1161 1571 1248 Apostolicus
1623 1168 1732 1231 49.

125 1262 179 1369 ffi-
219 1268 369 1335 inter
413 1273 707 1338 Canones
730 1275 1209 1360 Apostolorum,
1246 1290 1310 1343 et
1356 1279 1630 1345 habetur
1659 1280 1739 1346 de

129 1400 181 1494 Ξ.
219 1406 490 1455 consecr.
546 1390 696 1457 dist.
769 1395 832 1459 4.
913 1412 1056 1460 can.
1117 1396 1196 1460 Si
1255 1398 1400 1482 quis
1469 1397 1738 1484 Episco-

127 1524 175 1557 s.
222 1527 352 1590 pus,
376 1517 496 1572 etc.
546 1506 898 1593 Dionysius
954 1511 1343 1598 Areopagita
1414 1514 1741 1579 Ecclesia-

133 1610 189 1683 ἐι).
222 1625 385 1688 sticoe
412 1624 834 1705 hierarchice,
864 1648 919 1692 c.
943 1631 1006 1694 2.
1052 1627 1366 1713 Origenes
1401 1630 1512 1695 lib.
1559 1634 1620 1696 2.
1659 1630 1740 1695 de

129 1711 181 1806 ἶ.
217 1741 991 1826 princt‘pii3,Atlianasius
1013 1755 1238 1831 qteoest.
1279 1748 1429 1812 124.
1456 1746 1738 1833 Cyrillus

129 1828 178 1931 ¹21.
215 1856 782 1944 lerosolymitanus
862 1862 1204 1927 Galea-laesi
1304 1866 1367 1929 2.
1463 1863 1738 1933 Basilius

129 1982 177 2055 it.
219 1973 315 2037 lib.
356 1978 417 2040 Ξ.
463 1975 550 2040 de
588 1977 854 2063 Spiritu
881 1991 1137 2059 sancte,
1183 2001 1238 2047 c.
1296 1984 1400 2046 15.
1438 1983 1739 2068 Gregori-

217 2110 280 2155 us
347 2093 688 2177 Nyssenus
812 2097 1122 2161 oratione
1269 2098 1730 2176 Cateclzistica,

213 2226 338 2291 cap.
361 2211 469 2273 35.
500 2219 564 2273 et
593 2211 900 2275 oratione
940 2210 1023 2277 de
1055 2213 1264 2278 Sacro
1297 2216 1728 2301 Baptismate,

212 2323 503 2408 supponit
525 2323 829 2409 Synodus
862 2328 1574 2415 constantinopolitana
1607 2331 1737 2418 pri-

213 2459 302 2504 ma
328 2460 473 2505 can.
548 2442 618 2505 7.
671 2440 857 2508 docet
922 2443 1427 2530 chrysostomus
1499 2450 1731 2515 homil.

213 2556 283 2620 de
323 2558 456 2641 fide
500 2561 576 2624 in
644 2561 914 2627 Patrem
962 2574 1022 2627 et
1062 2563 1314 2629 Filium
1371 2574 1431 2628 et
1515 2566 1738 2651 Spiri-

212 2683 331 2738 tum
356 2687 683 2753 sanctum,
745 2687 807 2742 et
846 2678 1076 2744 homil.
1114 2683 1222 2745 24.
1258 2681 1329 2744 in
1384 2682 1732 2749 Ioannem.

136 2827 161 2864 2,
219 2787 527 2876 Trisayio,
577 2801 638 2855 et
689 2791 801 2857 lib.
840 2797 904 2859 4.
942 2795 1106 2877 fidei
1134 2796 1546 2877 orthodoxae,
1585 2820 1732 2886 cap.

135 2892 190 2990 ξ’·
219 2909 307 2972 10.
331 2911 422 2974 Ex
455 2908 701 2975 Latinis
743 2910 1203 2991 TertullianuS‚
1242 2914 1354 2981 lib.
1382 2914 1464 2980 de
1494 2936 1739 2982 corona

140 3040 149 3052 ·
217 3025 436 3092 militis
503 3046 649 3106 cap.
717 3029 780 3092 3.
856 3038 917 3092 et
973 3028 1294 3095 adversus
1367 3032 1732 3110 Praxeam,

215 3158 340 3226 cap.
398 3144 499 3209 16.
531 3143 917 3211 Ambrosius
959 3145 1071 3214 lib.
1118 3148 1182 3213 2.
1226 3147 1308 3213 de
1341 3149 1739 3215 Sacramen-
1779 3195 1786 3206 ·

218 3257 311 3339 tis,
361 3280 506 3347 cap.
576 3265 639 3328 7.
689 3262 1126 3350 Hieronymus
1179 3265 1450 3354 dialoqo
1501 3268 1742 3334 adver-

217 3396 310 3441 sus
345 3377 836 3463 Luciferianos,
894 3404 1040 3469 cap.
1109 3388 1172 3450 4.
1237 3397 1298 3451 ec
1355 3389 1430 3452 in
1468 3409 1613 3473 cap.
1667 3392 1733 3453 4.

136 3492 185 3540 in·
219 3491 296 3556 ad
349 3495 691 3580 Ephesio-e,
757 3500 1166 3585 Augustinus
1215 3523 1411 3570 serm.
1480 3505 1584 3569 19.
1659 3504 1742 3568 de

136 3593 175 3707 }.
222 3620 509 3695 tempore,
549 3622 611 3678 et
639 3635 836 3680 serm.
875 3618 1029 3684 201.
1057 3627 1118 3682 et
1150 3618 1381 3684 homil.
1420 3623 1482 3685 4.
1523 3623 1735 3688 Leoi.

134 3756 171 3854 εν
220 3727 388 3810 epist.
452 3731 516 3795 4.
553 3751 700 3816 cap.
747 3735 810 3797 3.
849 3731 1151 3819 Pelagius
1191 3754 1343 3821 cap.
1388 3734 1604 3814 Multi,
1660 3737 1743 3802 de

133 3842 713 3927 ¹1ssconatae-ratione,
750 3849 906 3916 dist.
961 3855 1025 3917 4.
1072 3850 1424 3939 Gregorius
1466 3855 1741 3939 Magnus

132 3941 152 3977 '⁸'
213 3963 381 4047 epist.
424 3969 534 4033 41.
570 3965 812 4032 Concil.
861 3965 1148 4036 Toletan.
1184 3971 1288 4036 lv.
1334 3991 1485 4056 cap.
1532 3974 1593 4037 1.
1633 3971 1732 4036 Al-

211 4079 421 4148 cuinus
449 4083 532 4149 de
562 4083 815 4168 officiis
844 4084 1346 4167 EcclesiasliciS,
1383 4109 1528 4174 cap.
1559 4091 1738 4155 19.et

213 4193 305 4259 alii
334 4198 747 4283 posteriores,
788 4201 1022 4267 Noster
1054 4204 1286 4268 Doctor
1307 4201 1738 4293 in'wReporta-

217 4310 288 4374 eis
322 4324 540 4397 quoest.
595 4317 662 4380 4.
735 4315 955 4401 hujus,
1006 4314 1387 4403 docetsseam
1434 4338 1735 4387 necessa-

218 4423 353 4492 riam
390 4449 535 4496 esse
587 4430 974 4497 necessitate
1023 4431 1332 4513 ministri,
1387 4435 1729 4521 explicans

221 4542 408 4611 varios
445 4565 665 4626 casm,
710 4546 776 4612 in
827 4546 1068 4634 quibus
1128 4548 1418 4637 alioquin
1459 4571 1734 4618 excusa—

221 4669 327 4723 tur.
368 4660 612 4728 lbidem
681 4662 877 4729 etiam
929 4663 1124 4731 tradit
1174 4667 1564 4753 mysterium
1608 4669 1733 4735 hu-

215 4771 307 4854 jus
340 4774 524 4844 trinae
563 4778 1006 4846 immersionis
1046 4801 1216 4861 esse,
1260 4782 1413 4870 quia
1451 4783 1732 4871 baptiza-

225 4902 350 4949 mur
376 4886 436 4953 in
468 4889 708 4956 Christi
742 4903 1013 4958 mortem
1047 4891 1568 4983 etsepulturam,
1606 4918 1730 4983 qua

178 5097 185 5104 .
223 4999 411 5068 triduo
441 5005 679 5072 mansit
717 5007 783 5072 in
824 5007 1201 5094 sepulchro.
1257 5013 1432 5076 Hanc
1471 5011 1730 5098 signifi-

123 5109 508 5207 {nbcationem
550 5123 746 5189 tradit
794 5124 1075 5210 Cyrillus
1113 5126 1724 5214 lerosolymitanus,

225 5233 533 5320 Nyssenus
582 5252 753 5305 orat.
826 5242 908 5306 de
973 5243 1216 5307 Sancto
1291 5245 1722 5330 Baptismczte,

227 5353 601 5436 Ambrosius,
639 5362 765 5424 Leo
805 5362 975 5447 Papa
1008 5372 1068 5426 et
1108 5360 1293 5427 multi
1337 5361 1471 5429 alii.
1509 5363 1728 5430 Trini-

227 5467 354 5536 tatis
405 5475 786 5561 mysterium
836 5474 1213 5565 significare
1260 5477 1445 5546 docet
1485 5478 1727 5567 Diony-

229 5584 370 5663 sius,
402 5601 462 5658 et
496 5592 834 5681 OrigeneS‚
869 5606 933 5661 et
966 5593 1444 5683 Hieronymus;
1479 5610 1727 5666 utrum·

3272 422 3386 483 327

1860 601 1989 667 que
2046 581 2375 668 designari
2441 582 2628 649 docet
2699 583 3105 671 Augustinus
3164 581 3395 650 ultimo

1853 698 2017 775 loco,
2063 710 2124 763 et
2157 699 2510 786 Gregorius
2559 703 2857 787 MagnuS,

1935 814 2249 923 Quamvis
2297 827 2510 882 autem
2589 816 2789 903 aliqui
2867 820 3090 882 Patres
3149 816 3390 882 trinam
3565 807 3594 855 ⁵

3483 865 3607 917 Suffi
3642 867 3654 878 '

1851 930 2337 997 immersionem
2375 931 2454 997 ad
2496 931 2909 998 traditionem
2953 932 3389 1018 Apostolicam
3420 991 3485 1041 ad
3522 872 3743 1043 ξῶξζζω

1850 1045 2162 1125 referunt,
2235 1067 2363 1113 non
2434 1047 2520 1113 ita
2569 1048 3072 1135 intelligendum
3133 1059 3254 1126 est,
3324 1058 3395 1113 ut
3442 1054 3744 1167 Sacrgmen-

1849 1164 2237 1230 necessitate
2271 1165 2667 1232 sacramenti
2699 1165 3023 1252 exigatur,
3060 1166 3218 1253 quin
3265 1185 3390 1231 una
3425 1154 3744 1230 Schola'stici.

1851 1276 2208 1356 immersio,
2254 1300 2369 1346 seu
2410 1279 2601 1346 etiam
2638 1281 2953 1366 aspersio,
3002 1281 3103 1346 vel
3149 1281 3391 1348 infusio
3442 1243 3718 1371 Ddy'gffiff]

1849 1392 2166 1475 sufficiat3
2220 1406 2317 1461 est
2365 1396 2733 1462 communis
2781 1396 3260 1483 Theologorum
3323 1397 3388 1463 in

1853 1512 1973 1577 hac
2010 1511 2163 1579 dist.
2217 1527 2279 1579 et
2353 1533 2500 1580 cum
2547 1517 2612 1580 S.
2676 1514 2904 1579 Thom.
2977 1526 3200 1600 quoest.
3269 1517 3377 1582 66.

1849 1640 1980 1695 art.
2018 1633 2081 1696 7.
2118 1628 2304 1695 docet
2331 1629 2695 1715 Cyprianus
2724 1633 2914 1716 epist.
2953 1635 3016 1698 7.
3053 1632 3249 1697 alias.
3281 1634 3389 1698 76.

1848 1746 1956 1832 qui
1998 1745 2440 1831 aspersionem
2483 1759 2546 1812 et
2595 1746 3039 1832 profusionem
3080 1760 3388 1836 tanquam

1851 1860 2285 1928 sufficientem
2325 1862 2555 1941 docet;
2592 1864 2901 1950 supponit
2949 1864 3388 1930 Tertullianus

1854 1977 1966 2044 lib.
2011 1979 2092 2043 de
2118 1980 2534 2065 poenitencia,
2573 2002 2720 2067 cap.
2764 1986 2829 2049 6.
2877 1980 3103 2046 definit
3141 1983 3390 2068 Grego-
3430 2012 3735 2068 Tertuuian.

1850 2093 2077 2180 gorius
2125 2097 2399 2181 Magnus
2456 2097 2528 2160 in
2578 2096 2769 2181 epist.
2824 2094 2914 2159 ad
2980 2094 3384 2174 Leandrum,
3462 2078 3693 2206 323⁰ss-

1851 2231 1994 2297 quae
2031 2218 2123 2275 est
2183 2211 2293 2277 lib.
2346 2214 2404 2276 1.
2450 2211 2793 2298 epistolar.
2859 2214 2967 2277 41.
2998 2224 3062 2277 et
3116 2210 3393 2277 habetur

1849 2346 2096 2393 canone
2146 2326 2230 2391 de
2276 2327 2503 2407 Trina,
2569 2326 2651 2393 cle
2689 2336 3045 2394 consecrat.
3102 2327 3256 2393 dist.
3321 2331 3386 2392 4.

1851 2442 1961 2530 qui
2003 2456 2356 2530 utrumque
2399 2443 2621 2523 ritum,
2669 2464 2785 2512 seu
2840 2464 2964 2509 una
3005 2464 3122 2510 seu
3180 2442 3390 2509 tribus

1850 2559 2381 2626 immersionibus
2415 2560 2780 2646 baptizandi
2821 2559 3155 2647 approbat,
3193 2579 3387 2646 quem

1851 2675 2148 2762 sequitur
2203 2674 2584 2742 Toletanum
2636 2679 2737 2743 lv.
2820 2680 2957 2743 Non
3019 2696 3160 2743 esse
3230 2696 3387 2743 vero
3418 2738 3565 2796 Tolet
3645 2740 3716 2793 W

1851 2792 2086 2857 trinam
2135 2791 2620 2859 immersionem
2668 2793 3100 2859 necessariam
3160 2813 3237 2858 ex
3284 2792 3387 2858 in-
3418 2776 3740 2872 can.'Apo·'-

1849 2908 2188 2974 stitutione
2216 2906 2455 2972 Christi
2489 2908 2799 2994 supponit
2830 2930 3044 2974 canon
3075 2913 3183 2977 49.
3221 2914 3390 2994 Αρο-
3445 2871 3708 2922 stolorum.

1849 3027 2188 3106 stolorum,
2280 3025 2432 3115 quia
2503 3025 2840 3093 Trinitatis
2910 3026 3391 3092 invocationem

1852 3144 2037 3212 docet
2080 3142 2513 3211 necessariam
2558 3164 2639 3210 ex
2702 3142 3118 3209 institutione
3157 3140 3392 3209 Christi

1854 3263 2155 3329 Macthoei
2195 3264 2450 3339 ultinw,
2519 3261 2823 3348 quamvis
2899 3260 3394 3345 reprehenderit

1853 3397 2045 3443 unam
2118 3376 2599 3443 immersionem
2672 3377 2903 3444 factam
2978 3377 3043 3442 in
3114 3388 3392 3442 mortem

1852 3493 2116 3570 Christi,
2164 3505 2227 3560 et
2284 3493 2519 3559 trinam
2572 3492 2711 3559 fieri
2759 3493 3137 3580 praecipiat3
3212 3492 3394 3558 insti-

1854 3610 2170 3678 tutionem
2214 3610 2452 3676 Christi
2496 3610 2692 3676 refert
2750 3609 2825 3676 ad
2887 3609 3286 3695 Baptismum
3330 3611 3392 3676 in

1854 3728 2266 3793 invocatione
2326 3728 2518 3792 trium
2583 3746 3036 3813 personarum,
3128 3747 3256 3791 non
3325 3726 3391 3791 in

1851 3844 2089 3911 trinam
2151 3844 2664 3910 immersionem.
3412 3915 3419 3920 .

1940 3960 2047 4026 Sic
2087 3960 2282 4027 etiam
2328 3959 2627 4046 Pelagius
2672 3964 2840 4046 Papa
2871 3982 3080 4047 supra
3118 3961 3382 4039 citatus,
3561 4005 3610 4054 6.

1850 4099 2053 4166 agens
2094 4078 2175 4144 de
2214 4100 2289 4144 eo
2329 4078 2499 4166 quod
2545 4078 2930 4144 necessitate
2986 4078 3386 4145 Sacramenti
3444 4066 3704 4130 Pelagius.

1852 4196 2223 4264 institutum
2270 4209 2390 4276 est,
2435 4196 2622 4263 docet
2669 4195 2980 4284 baptizari
3026 4195 3262 4262 debere
3322 4195 3386 4260 in

1852 4313 2114 4379 nomine
2154 4313 2512 4391 Trinitatis,
2550 4312 2850 4400 quamvis
2902 4311 3389 4377 immersionem

1849 4427 2084 4494 trinam
2138 4426 2275 4493 fieri
2327 4428 2563 4493 debere
2610 4438 2958 4513 supponat,
3006 4446 3131 4491 non
3172 4438 3389 4491 tamen

1849 4545 2047 4610 refert
2085 4564 2223 4610 eam
2267 4542 2346 4608 ad
2386 4542 2624 4609 Christi
2668 4541 3175 4618 institutionem,
3222 4542 3390 4606 sicut

1847 4682 2076 4728 revera
2108 4661 2174 4726 in
2214 4681 2288 4727 ea
2312 4680 2439 4726 non
2472 4660 2827 4737 invenitur,
2865 4679 2983 4725 nec
3012 4658 3278 4724 loannis
3321 4663 3384 4725 3.

1848 4800 1966 4846 nec
2015 4777 2301 4845 Matthaei
2345 4777 2595 4854 ultimo,
2642 4796 2853 4862 neque
2915 4774 3096 4841 ullibi
3142 4796 3221 4841 ex
3281 4796 3389 4841 sa-

1844 4917 1953 4962 cra
2028 4894 2363 4982 Scriptura
2408 4892 2753 4980 'colligitur
2823 4891 3195 4958 necessario
3286 4890 3384 4956 fa-

1842 5012 2091 5079 cienda.

1875 5139 1882 5146 '
1935 5127 2115 5204 Quod
2157 5127 2438 5215 amplius
2476 5145 2576 5193 est
2615 5128 2930 5191 Actorum
2970 5128 3034 5191 2.
3102 5144 3233 5189 uno
3275 5122 3382 5188 die
3447 5154 3688 5225 Exempla

1842 5244 2142 5330 baptizati
2173 5255 2325 5310 sunt
2348 5244 2469 5310 tria
2506 5243 2730 5320 millia,
2768 5242 2935 5327 quod
2973 5242 3182 5327 magis
3214 5261 3377 5325 prae·
3406 5215 3736 5343 aspgorlsfsshis.

1840 5361 2119 5427 sumitur
2188 5361 2425 5426 factum
2505 5381 2618 5447 per
2664 5357 3132 5446 aspersionem,
3182 5376 3375 5441 quam

1841 5503 1957 5568 per
2022 5480 2259 5546 trinam
2330 5477 2844 5553 immersionem,
2908 5475 3057 5563 quia
3117 5488 3377 5560 tempus

1841 5618 1968 5663 non
2015 5598 2401 5684 suppetebat
2452 5609 2595 5683 post
2664 5595 2886 5659 horam
2929 5591 3053 5658 diei
3094 5602 3371 5658 sextam.
