4255 6375
386 1336 703 1398 Exemplum.

472 2143 613 2206 Quid

410 2208 483 2258 nit
513 2211 703 2260 mum?

422 2702 680 2758 Institutio

442 2780 675 2833 praesens

509 2828 601 2878 dat

388 2909 497 2944 0880
524 2906 709 2942 caussae.

404 3385 697 3451 Responde-

508 3455 595 3499 tur

523 3513 589 3562 ad

396 3576 692 3629 instantiam

519 3643 584 3692 de

427 3704 684 3757 creatione

444 3768 631 3835 Angeli
644 3806 657 3820 .

511 4757 597 4810 82.

726 335 839 399 186

732 497 917 564 verbi
958 499 1196 586 gratia,
1220 498 1576 565 ablutionis
1597 497 2005 587 baptismalis
2035 509 2100 565 et
2132 517 2283 584 pro-

731 615 995 682 lationis
1042 613 1280 685 formae
1348 615 1705 703 producere
1771 617 2091 704 gratiam)
2170 617 2281 684 sed

732 747 987 801 tantum
1028 757 1170 800 eam
1208 754 1336 800 non
1378 733 1742 822 producere
1773 734 1900 801 nisi
1944 733 2074 800 illis
2112 756 2284 821 prae-

732 851 1134 939 sumozio&
1189 863 1255 916 et
1318 851 1443 916 hoc
1513 850 1702 917 modo
1771 848 2101 918 institutio
2176 850 2288 917 illa

742 970 952 1054 magis
1012 968 1273 1055 proprie
1312 968 1630 1034 tribueret
1678 969 2099 1033 Sacramento
2151 989 2284 1032 esse

738 1083 1133 1148 mnditionis
1164 1082 1307 1149 sine
1338 1103 1464 1169 qua
1499 1102 1653 1161 non,
1684 1103 1879 1171 quam
1922 1102 2099 1149 verae
2136 1101 2286 1148 cau-

738 1221 857 1264 sae.

826 1315 1212 1401 Exemplum
1254 1317 1449 1383 estin
1500 1336 1825 1383 consensu
1876 1315 2078 1382 adulti
2111 1338 2287 1403 prae-

739 1433 1058 1520 requisito
1115 1432 1194 1499 ad
1247 1433 1685 1520 receptionem
1754 1432 2091 1519 Baptismi,
2175 1434 2285 1520 qui

739 1549 889 1613 licet
929 1569 1189 1634 semper
1251 1548 1717 1635 praeexigatur‚
1774 1570 1901 1614 non
1947 1560 2044 1615 est
2092 1570 2288 1616 causa

740 1687 854 1752 per
890 1687 962 1730 se
992 1666 1250 1753 gratiae,
1288 1666 1400 1732 sed
1435 1666 1722 1731 conditio
1761 1667 1956 1733 etiam
1990 1689 2070 1733 ex
2102 1667 2288 1734 insti-

736 1780 988 1847 tutione
1055 1779 1296 1848 divina.
1358 1783 1438 1845 Et
1504 1782 1668 1846 ratio
1726 1790 1846 1859 est,
1917 1783 2069 1869 quia
2140 1783 2289 1850 licet

738 1900 1271 1987 praerequiratur,
1301 1919 1431 1965 non
1464 1911 1678 1966 tamen
1705 1899 1900 1966 habet
1931 1899 2285 1967 efficaciam

740 2015 1063 2083 inferendi
1104 2016 1391 2084 effectus

828 2132 1127 2198 Secundo
1209 2130 1400 2196 modo
1477 2131 1801 2198 institutio
1887 2134 2289 2199 Sacramenti

740 2259 932 2335 prout
962 2246 1287 2333 contingit
1333 2246 1412 2312 de
1445 2246 1631 2326 iactO,
1686 2263 1808 2326 est,
1849 2259 1913 2313 et
1942 2248 2137 2315 habet
2178 2270 2290 2314 vo·

741 2363 1060 2430 luntatem
1093 2361 1588 2428 determinatam
1651 2373 1713 2429 ct
1754 2362 2082 2430 efficacem
2142 2387 2288 2452 pro-

742 2480 1058 2548 ducendae
1089 2480 1322 2567 gratiae
1354 2501 1700 2560 annexam,
1729 2495 2043 2567 quantum
2079 2494 2177 2550 est
2209 2505 2291 2551 ex

744 2610 975 2664 natura
1058 2596 1516 2676 institutionis,
1613 2609 1676 2663 et
1748 2597 2293 2666 determinatione

744 2738 964 2784 causae
1011 2715 1431 2803 principalis;
1486 2727 1548 2782 et
1606 2715 1700 2782 sic
1739 2736 1866 2781 non
1924 2717 2137 2784 solum
2193 2729 2292 2785 est

745 2832 1054 2913 conditio,
1101 2832 1212 2898 sed
1265 2831 1516 2899 ratione
1562 2832 1712 2897 talis
1762 2846 1824 2899 et
1857 2833 2287 2902 institutionis

744 2951 988 3017 virtute
1027 2950 1315 3016 continet
1344 2948 1672 3028 effectum,
1719 2963 2030 3037 quantum
2071 2963 2283 3019 estex

744 3090 839 3148 se,
902 3079 967 3134 et
1042 3066 1325 3154 positum
1415 3066 1479 3132 in
1569 3065 1783 3133 debita
1852 3067 2283 3155 applicatione

746 3183 929 3250 illum
964 3181 1185 3250 infert.

835 3291 927 3366 Ex
968 3321 1097 3388 quo
1139 3311 1312 3386 patet
1340 3298 1419 3365 ad
1470 3298 1844 3366 instantiam
1912 3302 1992 3367 de
2065 3301 2294 3372 creati·

745 3439 870 3485 one
900 3417 1131 3504 Angeli
1163 3415 1242 3483 ad
1284 3415 1669 3483 locationem
1704 3419 1899 3498 Petri,
1945 3420 2097 3507 quia
2149 3442 2290 3508 spe·

744 3535 1019 3603 ctandus
1068 3545 1167 3601 est
1209 3532 1462 3613 moduS,
1509 3554 1638 3622 quo
1682 3538 1851 3600 Deus
1893 3547 2292 3623 supponeret

744 3653 1129 3719 locationem
1165 3651 1336 3717 Petri
1378 3650 1458 3716 ad
1504 3650 1697 3717 talem
1738 3651 2161 3733 creationem,
2222 3665 2292 3721 ut

740 3791 932 3838 casus
964 3769 1327 3836 declaretur
1367 3770 1726 3835 secundum
1761 3768 2288 3856 principia'posi-

740 3902 826 3955 ta.
894 3885 1234 3953 Distinctio
1275 3886 1616 3974 praemissa
1657 3895 1973 3973 quantum
2043 3887 2121 3952 ad
2181 3909 2289 3955 se-

736 4005 1022 4073 cundum
1102 4004 1467 4093 membrum
1535 4014 1636 4069 est
1691 4002 2008 4082 nomm-is,
2092 4006 2124 4090 ξ
2186 4005 2289 4070 Ad

737 4123 1161 4211 quaestionem
1191 4120 1570 4199 secundam,
1613 4118 1721 4185 ubi
1753 4118 1913 4185 dicit
1944 4119 2286 4186 veritatem

738 4239 1137 4309 Sacramenti
1180 4259 1325 4305 esse
1364 4238 1703 4304 veritatem
1736 4238 1881 4324 ejus
1906 4237 2284 4324 practicam,

738 4380 855 4428 seu
915 4356 1436 4425 conformitatem
1493 4355 1573 4422 ad
1634 4354 2003 4443 signatum,
2067 4366 2132 4420 et
2190 4375 2287 4420 re-

740 4476 1094 4565 sponsione
1188 4474 1267 4541 ad
1373 4473 1658 4562 primum
1750 4484 1813 4539 et
1898 4471 2283 4554 secundum,

744 4593 761 4659 i
814 4593 1011 4660 idem.

768 4595 808 4661 b
834 4710 908 4799 (l)
993 4708 1097 4777 Ad
1178 4708 1586 4775 intellectum
1657 4709 1878 4792 hujus,
1948 4704 2291 4772 sciendum

744 4829 919 4918 quod
958 4830 1494 4905 int-(rumentum,
1573 4835 1695 4890 etc.
1750 4827 1865 4890 Hic
1904 4827 2140 4890 Doctor
2181 4843 2291 4889 va-

743 4947 873 5014 rias
958 4942 1368 5030 acceptiones
1472 4940 1889 5007 instrumenti
1967 4938 2287 5027 assignat,

740 5063 976 5132 deinde
1009 5058 1355 5149 subjungit
1386 5057 1660 5125 dubium
1718 5056 1800 5124 de
1858 5056 2294 5124 instrumento

742 5182 927 5263 artie,
979 5202 1061 5247 an
1114 5179 1200 5247 sit
1231 5177 1547 5244 activum.
1611 5176 1811 5263 Cujus
1852 5173 2147 5261 probatio
2191 5185 2294 5241 est

739 5302 910 5367 clara
941 5318 1022 5364 ex
1052 5295 1292 5375 littera,
1321 5292 1472 5381 quia
1507 5312 1718 5379 neque
1749 5289 2044 5368 duritieS,
2083 5310 2294 5377 neque

746 5430 978 5506 forma,
1057 5434 1168 5490 aut
1229 5421 1440 5510 figura
1493 5416 1909 5486 instrumenti
1969 5412 2293 5483 artificiati

753 5564 909 5625 sunt
984 5550 1217 5629 activa.
1285 5546 1528 5625 Deinde
1601 5538 2150 5622 accommodando
2215 5536 2295 5611 ad

1926 336 2068 400 LlB.
2107 338 2207 399 lV.
2236 334 2829 402 SENTENTtARUM

2404 498 2836 585 propositum,
2872 500 3154 588 explicat
3198 501 3528 589 quomodo
3569 502 3942 565 Sacramen-

2399 627 2536 680 tum
2597 616 2681 682 sit
2732 617 3246 685 instrumentum
3314 618 3439 684 hoc
3508 618 3723 698 mode,
3804 617 3946 686 licet

2399 752 2527 797 non
2562 744 2713 819 agat
2765 735 3058 820 physice,
3110 736 3223 802 sed
3279 733 3823 823 praesupponitur
3876 733 3948 800 ad

2399 847 2675 935 gratiam
2738 849 2800 914 in
2864 870 2985 916 suo
3041 872 3175 916 esse
3242 850 3518 938 physico
3580 861 3643 916 et
3691 848 3941 927 morali,

2400 977 2707 1051 tanquam
2741 966 3016 1033 effectus
3067 968 3267 1053 prior,
3315 980 3385 1033 ut
3425 967 3732 1053 provenit
3764 985 3800 1030 a
3841 987 3945 1030 vo·

2397 1080 2644 1146 luntate
2699 1080 2924 1147 divina
2984 1082 3390 1164 instituente,
3446 1094 3509 1149 et
3561 1103 3594 1147 a
3649 1082 3946 1147 ministro

2399 1196 2801 1285 applicante;
2848 1219 2924 1264 ex
2982 1220 3111 1285 quo
3176 1210 3350 1286 patet
3407 1198 3485 1265 ad
3539 1198 3722 1279 illud,
3777 1198 3943 1286 quod

2400 1317 2636 1381 Suarez
2666 1314 2974 1402 deinceps
3005 1318 3278 1403 opponit
3306 1338 3385 1383 ex
3427 1330 3660 1383 natura
3710 1316 3945 1383 instru-

2400 1433 2627 1509 menti,
2664 1432 2834 1520 quod
2867 1433 3057 1500 debet
3088 1455 3236 1502 esse
3264 1434 3582 1517 activum,
3618 1435 3744 1502 hoc
3776 1435 3944 1501 enim

2400 1562 2701 1635 negatur,
2782 1550 3109 1638 loquendo
3186 1551 3266 1618 de
3332 1549 3591 1618 actione
3658 1550 3942 1639 physica.

2399 1664 2611 1732 Minus
2679 1678 2869 1753 urget
2937 1667 3109 1756 quod
3183 1668 3401 1755 arguit
3492 1667 3667 1738 idem
3726 1674 3945 1736 auctor

2400 1782 2587 1869 quasi
2628 1782 2705 1849 ad
2759 1781 3091 1849 hominem
3147 1783 3337 1865 male,
3392 1785 3660 1850 Scotum
3710 1804 3943 1870 negare

2398 1900 2534 1966 dari
2570 1921 2766 1986 posse
2798 1899 3308 1967 instrumentum
3361 1911 3668 1987 respectu
3712 1899 3942 1966 creati-

2402 2015 2572 2096 onis,
2635 2027 2745 2083 aut
2785 2017 3046 2083 termini
3098 2018 3268 2104 ejuS,
3313 2016 3370 2084 si
3434 2018 3941 2083 instrumentum

2402 2152 2530 2198 non
2585 2143 2684 2199 est
2740 2133 3051 2199 activum.
3124 2134 3608 2221 Respondetur‚
3683 2136 3936 2200 Scotum

2403 2266 2530 2311 non
2590 2265 2830 2330 negare
2887 2245 3022 2310 dari
3103 2244 3617 2312 instrumentum
3679 2247 3937 2326 morale,

2400 2361 2549 2451 quia
2594 2361 2656 2427 id
2717 2361 3016 2428 concedit
3070 2361 3153 2428 de
3190 2365 3639 2444 SacramentO,
3694 2364 3807 2430 sed
3839 2386 3939 2430 ne·

2401 2492 2514 2568 gat
2552 2480 2690 2546 dari
2744 2480 3254 2548 instrumentum
3297 2504 3377 2549 ex
3421 2495 3652 2550 natura
3685 2485 3779 2550 rei
3820 2484 3938 2552 dis·

2404 2598 2782 2685 positivum,
2874 2610 2984 2665 aut
3085 2601 3257 2685 quod
3341 2614 3517 2668 certe
3597 2602 3940 2690 attingeret

2406 2715 2617 2802 ipsum
2651 2714 2951 2782 effectum
2987 2716 3361 2785 creationis.

2490 2831 2669 2896 Circa
2703 2831 2878 2897 illam
2913 2834 3421 2920 propositionem
3458 2838 3794 2903 Doctoris:
3828 2838 3938 2902 Ula·
4039 2859 4093 2908 83.

2403 2961 2495 3015 ese
2542 2950 2858 3035 formalis
2905 2953 3532 3039 incompossibilitas
3573 2957 3642 3021 in
3694 2967 3933 3020 creatu·

2401 3088 2504 3145 ra,
2551 3089 2755 3132 unum
2785 3069 3057 3134 illorum
3090 3091 3225 3135 non
3255 3072 3532 3157 expellit
3562 3073 3759 3138 aliud
3786 3073 3934 3139 acti·

2403 3204 2501 3276 ue,
2575 3183 2691 3249 sed
2750 3195 3006 3250 lantum
3035 3186 3441 3270 formal-iter,
3484 3199 3614 3255 etc.
3679 3193 3933 3255 Contro-

2403 3298 2616 3364 versia
2649 3310 2748 3366 est
2797 3299 3276 3387 philosophica,
3326 3302 3590 3388 quidam
3644 3306 3820 3370 enim
3849 3302 3929 3367 di·

2400 3428 2557 3480 cunt
2597 3417 2807 3482 active
2854 3416 3092 3484 formas
3129 3419 3489 3484 contrarias
3520 3440 3592 3485 se
3620 3419 3932 3506 expellere

2401 3534 2785 3619 asubjecto,
2823 3533 2934 3599 sed
2967 3535 3200 3600 melius
3259 3538 3513 3615 Doctor,
3586 3535 3736 3622 quia
3813 3554 3927 3600 una
3997 3569 4122 3625 form

2402 3648 2608 3714 forma
2650 3670 2778 3714 non
2819 3649 3083 3735 expellit
3122 3650 3338 3729 aliam,
3376 3652 3499 3717 nisi
3551 3665 3815 3740 propter
3843 3654 3923 3716 in·
3970 3635 4122 3743 ⁰⁰⁰²?

2401 3764 2998 3849 compatibilitatem
3046 3765 3109 3829 in
3143 3765 3369 3831 eodem
3427 3767 3746 3854 subjecte,
3813 3786 3926 3854 qua
3957 3760 4123 3887 2221}ss

2401 3880 2768 3968 subjectum
2845 3891 2965 3959 est,
3037 3881 3183 3947 ideo
3239 3882 3651 3968 specificatur
3715 3905 3926 3951 eorum

2402 3996 2729 4084 oppositio
2771 3999 2833 4064 in
2868 3996 3096 4065 ordine
3128 3997 3206 4065 ad
3249 4000 3615 4086 subjectum
3648 4022 3927 4067 commu-

2402 4135 2506 4180 ne.
2560 4114 2740 4181 Sicut
2787 4135 2947 4203 ergo
2999 4115 3250 4195 formae,
3307 4136 3431 4202 qua
3481 4116 3714 4184 formae
3761 4128 3922 4195 sunt,

2402 4245 2865 4321 comparantur
2930 4232 3007 4298 ad
3066 4234 3434 4322 subjectum
3495 4257 3612 4322 per
3682 4235 3925 4304 modum

2401 4359 2586 4415 actus
2617 4346 2695 4415 ad
2731 4348 3111 4434 potentiam,
3147 4347 3244 4414 sic
3292 4349 3461 4436 quod
3521 4350 3652 4416 illis
3685 4371 3928 4438 compe·

2402 4465 2477 4532 tit
2509 4466 2574 4529 in
2616 4464 2845 4531 ordine
2875 4464 2953 4529 ad
2994 4464 3384 4551 subjectum,
3428 4469 3740 4553 competit
3784 4465 3926 4554 ipsis

2403 4593 2726 4671 quatenus
2757 4592 2911 4647 sunt
2950 4580 3179 4648 formae
3218 4593 3279 4648 et
3319 4570 3500 4650 actus
3532 4583 3832 4671 subjecti,
3864 4602 3927 4648 ac

2405 4696 2676 4785 proinde
2734 4697 3113 4777 formaliter,
3196 4709 3259 4766 et
3321 4698 3414 4765 sic
3475 4699 3666 4766 etiam
3728 4700 3925 4768 omnis

2404 4813 2525 4880 alia
2602 4813 2928 4901 oppositio
3006 4813 3361 4881 attenditur
3429 4816 3810 4895 formaliter,
3867 4826 3924 4881 ut

2407 4930 2751 5019 privativa,
2795 4928 3313 5011 contradictoria,
3352 4945 3415 4999 et
3443 4931 3639 4998 etiam
3673 4934 3922 5001 relativa

2405 5069 2524 5115 suo
2555 5048 2770 5115 mode.

2494 5166 2682 5234 Aliud
2713 5186 2872 5253 ergo
2902 5175 3002 5232 est
3035 5166 3448 5235 considerare
3489 5172 3661 5238 hanc
3682 5244 3697 5259 ⁶
3719 5170 3926 5259 expul-

2404 5300 2684 5376 sionem,
2734 5308 2802 5364 ut
2841 5295 3172 5362 reducitur
3229 5294 3305 5359 ad
3358 5314 3562 5381 agens
3619 5293 3924 5359 mediante

2406 5420 2635 5498 forma,
2684 5430 2753 5484 ut
2799 5436 2918 5484 suo
2947 5415 3200 5492 effectu,
3247 5434 3372 5501 qua
3410 5410 3507 5479 sic
3543 5414 3624 5479 ab
3664 5413 3807 5499 ipso
3838 5419 3919 5474 est

2410 5535 2736 5609 mediante
2766 5534 3019 5605 actione
3057 5544 3120 5605 et
3152 5530 3430 5601 termino
3468 5530 3638 5618 ejus,
3682 5550 3759 5597 ac
3796 5546 3916 5619 pro·
