4255 6375
785 400 906 465 236

1980 418 2122 483 [ΑΒ.
2159 421 2259 483 lv,
2289 422 2883 488 SEN'I'ENTIARUM

1299 810 2453 961 DISTINCTIO
2562 815 3460 965 SECUNDA.

1792 1081 2066 1169 (Teaetus
2105 1083 2418 1172 Maqistri
2453 1086 3013 1178 Sententiarum.)

1066 1492 1162 1558 De
1200 1494 1652 1561 Sam-amentis
1700 1516 1887 1562 novae
1925 1496 2110 1583 leyia

570 1716 635 1767 A.
882 1705 1065 1775 Jam
1107 1705 1203 1777 ad
1253 1707 1784 1781 Sacramenta
1852 1729 2082 1782 novae
2139 1711 2341 1803 legis

482 1778 735 1831 Numerus

461 1843 766 1954 sagma-
793 1824 1294 1898 accedamus.
1359 1843 1531 1914 quae
1582 1831 1769 1900 sunt
1843 1827 2340 1919 Baptismus,

447 1966 667 2018 Dubium
706 1969 758 2019 1.
797 1941 1358 2026 Confirmatio,
1414 1945 1654 2017 Panis
1731 1945 2205 2029 benedictio,
2271 1945 2344 2018 id

796 2063 943 2140 est,
1011 2058 1562 2144 Eucharistia,
1632 2062 2139 2146 Poenitentia‚
2183 2064 2344 2135 Un-

796 2176 961 2250 ctio
1033 2181 1428 2262 extrema,
1503 2173 1740 2261 Ordo,
1806 2181 2338 2274 Conjugium3

798 2314 1146 2385 quorum
1243 2294 1406 2366 alia
1514 2296 1956 2370 remedium
2050 2302 2344 2373 contra

793 2411 1215 2499 peccatum
1278 2410 1637 2501 praebent
1678 2413 1755 2483 et
1799 2411 2158 2503 gratiam
2210 2414 2343 2486 ad-

790 2525 1180 2616 jutricem
1223 2525 1678 2610 conferunt,
1716 2532 1806 2602 ut
1838 2529 2334 2622 Baptismus;

796 2639 958 2713 alia
1007 2641 1082 2713 in
1148 2643 1587 2716 remedium
1637 2647 1957 2716 tantum
2000 2650 2212 2729 sunt,
2250 2650 2338 2719 nt

794 2759 1319 2851 Conjugium3
1367 2760 1529 2832 alia
1563 2762 1835 2853 gratia
1873 2767 1954 2836 et
2026 2762 2338 2837 virtute

793 2894 943 2946 nos
1031 2873 1399 2954 fulciunt,
1480 2879 1567 2949 ut
1676 2876 2200 2950 Eucharistia
2258 2882 2337 2951 et

796 2989 1032 3061 Ordo.

805 3254 1025 3329 Quare
1115 3274 1273 3318 mox
1336 3262 1482 3340 post
1541 3252 1832 3320 hominis
1891 3274 2117 3320 casum
2205 3274 2343 3321 non

1237 3370 1498 3455 fuerint
1566 3370 1898 3437 instituta.

445 3645 529 3695 H„
568 3579 765 3699 ‚Blghh
887 3591 969 3665 Si
1024 3611 1223 3664 vero
1309 3594 1734 3684 quaeritur‚
1843 3616 2095 3687 quare
2180 3620 2340 3673 non

443 3722 675 3826 gum-„23
703 3711 756 3827 g·
797 3708 1102 3785 fuerint
1163 3706 1331 3780 haec
1387 3711 1917 3786 Sacramenta
1962 3712 2342 3790 instituta

745 3816 985 3898 'mox
1035 3829 1221 3918 post
1317 3824 1672 3899 hominis
1754 3830 2099 3933 lapsum,
2156 3854 2339 3906 cum

797 3945 877 4018 in
918 3945 1042 4018 his
1088 3945 1194 4021 sit
1226 3945 1556 4039 justitia
1586 3948 1666 4019 et
1701 3947 2339 4032 salus,dicimuS,

790 4083 951 4136 non
1031 4066 1220 4136 ante
1304 4063 1736 4137 adventum
1797 4063 2133 4148 Christi,
2207 4058 2342 4159 qui

794 4179 1153 4272 gratiam
1243 4180 1550 4263 attulit,
1651 4180 1943 4273 gratiae
2060 4187 2341 4257 Sacra-

796 4300 1067 4371 menta
1098 4297 1352 4372 fuisse
1400 4299 1679 4383 danda,
1728 4321 1900 4393 quae
1953 4322 2048 4374 ex
2087 4302 2342 4396 ipsius

795 4419 1061 4489 morte
1107 4421 1188 4490 et
1267 4416 1645 4511 passione
1719 4416 2113 4491 virtutem
2167 4442 2343 4492 sor-

791 4532 945 4606 tita
1024 4534 1234 4605 sunt.
1303 4534 1679 4609 Christus
1722 4538 1993 4609 autem
2062 4535 2343 4609 venire

795 4648 1058 4723 noluit
1125 4651 1551 4743 antequam
1665 4649 1908 4723 homo
2000 4652 2091 4724 de
2167 4652 2343 4744 lege

789 4766 1151 4839 naturali
1192 4769 1275 4841 et
1317 4767 1627 4861 scripta
1685 4767 2337 4851 convinceretur,

794 4885 1000 4978 quod
1059 4887 1355 4958 neutra
1381 4884 1655 4977 juvari
1698 4888 2000 4978 posset.

801 5142 993 5222 Quod
1066 5144 1575 5209 Sacramentum
1639 5142 1958 5229 Conjuyii
2011 5141 2151 5227 fuit
2189 5152 2346 5208 ante

1383 5267 1749 5346 peccatam.

571 5478 632 5530 e.
883 5456 1070 5533 Fuit
1109 5460 1383 5531 tamen
1429 5454 1899 5548 coniugium
1944 5456 2131 5526 ante
2167 5474 2347 5548 pec-

543 5542 679 5594 κω
799 5580 1072 5649 catum
1172 5574 1668 5657 institutum,
1736 5600 1764 5636 α
1839 5590 2000 5646 non
2069 5570 2348 5663 utique

2375 1599 2380 1604 ,
2455 1508 2817 1578 mentum
2884 1509 2964 1578 et
3041 1507 3136 1579 ad
3227 1507 3580 1583 officium
3655 1534 3730 1590 »ς

2452 1390 2796 1480 propter
2866 1390 3333 1473 remedium,
3383 1391 3516 1464 sed
3555 1392 3648 1464 ad
3711 1395 4116 1497 Sacra-R

3824 1511 4107 1601 peston

2455 1626 2876 1712 peccatum
2910 1644 3108 1696 vero
3178 1625 3332 1700 fuit
3383 1628 3477 1698 ad
3557 1626 4000 1698 remedium

2453 1740 2746 1809 contra
2859 1739 3215 1813 carnalis
3324 1740 4003 1834 concupiscentiae

2452 1855 3052 1948 corruptelam;
3106 1857 3198 1930 de
3231 1879 3385 1952 quo
3428 1878 3577 1931 suo
3617 1858 3807 1930 loco
3851 1862 4007 1931 tra-

2457 1970 2884 2044 otabimus.

2956 2312 3051 2377 De
3089 2313 3457 2399 BaptismO.

2537 2553 2766 2624 Nunc
2834 2571 3030 2623 vero
3098 2552 3189 2624 de
3263 2552 3670 2644 Baptismi
3721 2555 4001 2627 Sacra·
4112 2586 4132 2636 ῃ

2451 2675 2724 2743 mento
2765 2669 3205 2752 videamus,
3256 2700 3283 2733 «
3333 2671 3537 2762 quod
3583 2672 3812 2744 inter
3869 2649 4133 2760 naffi

2446 2807 2567 2859 vae
2637 2788 2928 2878 gratiae
3007 2791 3540 2860 Sacramenta
3638 2773 4133 2885 primumfflss

2447 2908 2596 2977 est.
2663 2904 3175 2997 Baptismum
3255 2904 3561 2979 Christi
3641 2895 4133 3012 Joannesssffi‘

2450 3042 2597 3093 suo
2684 3021 3106 3116 Baptismo
3170 3022 3802 3114 praenuntiavit,
3878 3022 4133 3137 quim*

2450 3140 2764 3234 primus
2813 3139 3270 3233 baptizasse
3301 3139 3633 3232 legitur,
3720 3139 3864 3213 sed
3927 3140 3997 3212 in
4027 3125 4133 3262 ἐξὲξ

2451 3277 2685 3349 aqna,
2751 3277 2909 3329 non
2972 3258 3054 3330 in
3136 3257 3472 3351 Spiritu,
3550 3257 3776 3329 sicut
3841 3257 4001 3350 ipse
4026 3276 4133 3323 nm

2451 3373 2568 3448 ait
2615 3400 2627 3442 ε
2676 3378 2814 3464 Eyo
2854 3378 3119 3463 baptizo
3159 3398 3272 3443 vos
3308 3378 3376 3442 in
3445 3398 3624 3463 aqua
3675 3379 3756 3442 in
3793 3379 4001 3464 pomi-

2452 3494 2749 3559 tentiam.
2799 3490 2988 3565 Sola
3035 3490 3249 3563 enim
3310 3510 3668 3583 corpora
3743 3491 4000 3563 ablue·

2449 3605 2610 3687 bat,
2683 3627 2730 3678 a
2778 3608 3131 3700 peccatis
3193 3626 3389 3679 vero
3445 3627 3608 3680 non
3674 3607 3999 3679 munda-

2449 3723 2611 3796 bat.
2679 3750 2707 3786 »

2451 4077 2547 4141 De
2569 4073 2961 4163 differentia
2992 4075 3308 4163 baptismi
3323 4076 3609 4143 Ioannis
3630 4086 3692 4142 et
3721 4075 3999 4143 Christi.

2540 4410 3002 4500 Baptismus
3053 4407 3095 4477 J
3106 4404 3389 4477 oannis
3431 4407 3616 4478 erat
3651 4404 3738 4476 in
3771 4404 4002 4498 poeni-

2453 4525 2823 4606 tentiam,
2862 4544 3018 4595 non
3074 4522 3152 4595 in
3189 4521 3766 4594 remissionem
3799 4548 3814 4602 ;
3855 4523 3996 4593 Ba-

2453 4644 2802 4738 ptismus
2835 4662 3033 4714 vero
3079 4638 3384 4715 Christi
3441 4639 3520 4711 in
3584 4638 3998 4712 remissio·

2452 4779 2662 4839 nem,
2730 4756 2917 4849 quia
2985 4757 3339 4827 Joannes
3380 4753 3817 4847 baptizans
3873 4752 3996 4823 ho·

2456 4876 2711 4949 mines
2797 4874 2891 4947 ad
2985 4870 3541 4966 poenitentiam
3630 4870 3994 4947 vocabat,
4119 4882 4132 4921 ⁴

2454 4999 2535 5070 et
2580 5014 2779 5087 quos
2819 4989 3282 5085 baptizabat
3329 4989 3728 5082 poenitere
3789 4988 4002 5059 doce·
4109 5066 4116 5083 Ἴ,

2453 5110 2615 5188 bat,
2690 5106 3124 5180 secundum
3194 5103 3448 5175 illud:
3516 5106 3878 5171 veniebam
3920 5102 4000 5168 ad

2453 5232 2779 5297 Ioannem
2836 5226 2909 5291 in
2938 5222 3325 5300 Iordanem,
3361 5222 3752 5305 confitentes
3779 5240 3999 5307 pecca-
4131 5214 4132 5221 ’

2459 5358 2524 5413 ια
2588 5366 2733 5411 sua.
2794 5339 2939 5413 Sed
3018 5337 3097 5409 in
3156 5334 3580 5428 Baptismo
3671 5330 3998 5406 Joannis

2456 5479 2616 5531 non
2647 5456 2991 5529 dabatur
3025 5455 3545 5545 peccatorum
3597 5449 3990 5527 remissio,

2461 5595 2639 5668 qnae
2668 5574 2855 5647 data
2897 5574 3022 5645 est
3058 5568 3138 5641 in
3196 5563 3506 5644 Christi
3544 5567 3984 5659 Baptismo.
