4255 6375
1352 400 1529 462 Dls'r
1578 401 1678 460 tv.
1728 397 2094 473 QUAEs'rlo
2124 403 2197 462 V.

160 563 266 622 ·ab
317 563 512 624 altera
563 568 874 635 respectu
926 561 1027 624 sui
1097 564 1395 635 effectuS‚
1467 567 1703 642 neutra

190 679 351 758 prius
381 684 620 754 causat,
665 679 790 742 sed
822 686 1101 759 utraque
1147 679 1364 752 simul,
1409 682 1495 741 ita
1525 693 1708 740 nem·

191 811 262 872 pe
296 792 625 871 dependet
653 794 1040 856 Poenitentia
1070 811 1108 856 a
1153 796 1481 873 Baptismo
1518 794 1709 855 ratio-

189 927 260 972 ne
331 910 785 989 impedimenti
874 913 1126 991 peccati
1200 911 1573 991 originalis,
1646 914 1714 971 et

186 1028 474 1102 aliorum,
533 1046 677 1108 quae
729 1035 1205 1107 praecesserunt
1260 1028 1705 1107 Baptismum;

182 1147 258 1207 ita
297 1148 490 1208 etiam
539 1147 908 1224 Baptismus
938 1163 974 1207 a
1022 1146 1413 1209 Poenitentia
1458 1145 1710 1206 ratione

179 1260 462 1335 fictioniS,
509 1268 584 1324 ut
613 1267 850 1325 neutra
896 1265 1168 1326 seorsim
1202 1265 1267 1324 in
1317 1279 1396 1325 eo
1443 1279 1601 1325 casu
1628 1279 1712 1324 ex

183 1378 627 1456 conjunctione
658 1378 966 1453 fictionis,
1013 1385 1078 1441 et
1121 1379 1373 1458 peccati
1423 1379 1710 1458 origina-

181 1494 264 1566 lis,
311 1499 375 1554 et
457 1496 730 1558 actualis
790 1495 1235 1572 praecedentis
1270 1543 1286 1568 ,
1347 1492 1579 1558 efficax
1632 1496 1716 1556 sit

182 1607 480 1681 seorsim;
527 1607 977 1687 dependentia
1012 1627 1173 1690 ergo
1235 1614 1337 1671 est
1376 1615 1604 1671 mutua
1645 1609 1713 1670 in

181 1741 248 1785 eo
278 1740 456 1797 casu,
492 1731 558 1787 et
587 1724 935 1788 causalitas
985 1727 1402 1798 simultanea,
1471 1733 1537 1788 et
1591 1726 1716 1787 hoc

182 1844 291 1914 est,
321 1839 501 1920 quod
533 1841 812 1905 intendit
852 1845 1092 1906 Doctor
1125 1843 1353 1906 dicens
1408 1844 1474 1904 in
1517 1843 1712 1920 poem·-

181 1958 361 2017 tentia
416 1960 639 2018 omnia
696 1958 966 2032 remitti,
1024 1974 1150 2019 non
1208 1965 1424 2019 tamen
1484 1958 1717 2018 virtute

181 2071 363 2133 solius
381 2075 791 2148 poem'tentae'ae,
826 2072 948 2134 sed
980 2076 1177 2136 etiam
1208 2072 1539 2152 Baptismi.

255 2190 614 2265 Baptismus
658 2193 724 2251 in
766 2207 838 2252 re
884 2195 1112 2253 manet
1149 2190 1537 2269 applicatus,
1582 2204 1713 2250 non

183 2312 385 2366 tamen
443 2312 545 2367 est
604 2303 860 2380 efficaX,
918 2307 1043 2368 nisi
1094 2312 1438 2369 concurrat
1491 2320 1711 2377 causa,

185 2439 312 2501 quae
339 2429 492 2483 nata
526 2429 629 2484 est
672 2423 901 2485 tollere
938 2422 1512 2501 impedimentum,
1574 2437 1717 2501 quae

182 2545 270 2599 est
308 2541 720 2617 poenitentia,
770 2546 836 2601 et
891 2541 1023 2603 haec
1082 2545 1184 2602 est
1241 2539 1539 2618 prioritas
1596 2539 1714 2599 Ba-

176 2657 378 2731 ptismi
407 2656 491 2718 ad
523 2657 836 2719 effectum
892 2657 1317 2732 Poenitentiae,
1351 2673 1595 2734 nempe
1641 2660 1715 2718 ut

175 2771 337 2847 prius
364 2778 809 2852 cognoscatur
841 2770 923 2834 de
937 2770 1247 2841 [fictione.
1281 2776 1348 2833 et
1378 2768 1716 2848 proferen-

175 2885 245 2948 do
289 2888 687 2950 sententiam
742 2886 1117 2966 perficiatur
1192 2887 1713 2960 Sacramentum,

173 3007 228 3063 et
289 3004 352 3064 in
398 3017 655 3084 genere
701 3018 915 3064 causae
961 3002 1313 3066 materialis
1375 3016 1716 3079 suppona-

178 3123 267 3180 tur
291 3121 666 3197 respective
712 3117 797 3180 ad
858 3118 1170 3180 effectum
1215 3117 1538 3196 Baptismi
1584 3117 1720 3179 tolli

172 3234 734 3311 imoedimentum.
793 3236 870 3296 Et
922 3236 1058 3297 haec
1119 3232 1557 3296 consideratio
1615 3236 1715 3295 est

168 3352 576 3431 inadaequatae
622 3350 1057 3424 remissionis,
1113 3365 1265 3430 quae
1323 3348 1388 3411 fit
1428 3350 1496 3410 in
1523 3348 1705 3424 ficto,

171 3468 461 3543 quoniam
521 3484 604 3529 ex
662 3467 872 3529 altera
926 3477 1112 3543 parte
1157 3463 1438 3543 perinde
1484 3469 1707 3527 manet

172 3585 361 3647 simile
395 3584 953 3663 impedimentum
997 3588 1308 3662 respectu
1366 3582 1711 3660 poeniten-

176 3700 290 3774 tiae,
335 3709 397 3764 et
446 3704 846 3781 supponitur
903 3700 1279 3776 Baptismus
1323 3702 1389 3761 in
1435 3716 1506 3761 re
1565 3715 1706 3760 sus-

175 3823 411 3893 ceptus,
456 3822 536 3879 ut
563 3818 687 3879 hoc
732 3817 1108 3897 subjectum
1160 3818 1244 3877 sit
1275 3814 1421 3894 ejus
1478 3830 1707 3891 capax,

174 3935 230 3989 et
257 3929 543 3994 efficacia
572 3931 885 4009 Baptismi
915 3933 1369 4004 concurreret,
1402 3935 1477 3989 ut
1507 3943 1614 4006 poe
1627 3928 1718 3989 ni-

177 4049 361 4110 tentia
430 4049 680 4110 habeat
734 4063 928 4109 suum
987 4047 1352 4120 effectum;
1400 4045 1578 4119 ideo,
1648 4050 1720 4106 ut

184 4160 323 4239 dixi,
357 4173 456 4229 est
490 4170 717 4226 mutua
751 4162 1205 4241 dependentia
1250 4178 1504 4235 eorum,
1527 4162 1724 4223 ratio·

177 4291 256 4339 ne
317 4279 726 4344 diversorum
783 4283 1232 4359 peccatorum,
1296 4292 1447 4356 quae
1528 4274 1724 4341 simul

182 4404 562 4458 concurrunt
592 4397 659 4457 in
701 4396 1031 4475 subjecto,
1066 4400 1132 4455 et
1179 4408 1301 4471 per
1329 4409 1402 4455 se
1447 4391 1724 4470 exigunt

181 4515 516 4593 utramque
563 4527 831 4573 causam
860 4510 1364 4588 particulariter,
1427 4524 1510 4570 ex
1559 4522 1720 4569 con·

184 4624 409 4690 ditione
442 4634 514 4691 et
571 4632 804 4690 natura
852 4628 1293 4707 singulorum,
1339 4629 1414 4687 ut
1472 4623 1717 4687 dictum

190 4739 297 4796 est.
341 4736 414 4798 Et
456 4736 763 4816 exemplo
810 4733 1184 4797 declaratur
1232 4735 1297 4794 in
1341 4732 1611 4796 materia
1658 4735 1726 4793 et

189 4840 377 4906 forma
398 4845 828 4916 sacramenti,
860 4840 1127 4922 quando
1152 4845 1434 4921 utraque
1468 4847 1568 4903 est
1590 4836 1723 4901 effi-

195 4966 318 5025 cax,
353 4957 419 5014 et
461 4950 606 5014 talis
638 4954 740 5012 est
787 4949 1259 5027 dependentia,
1297 4952 1369 5009 ut
1425 4947 1720 5025 quamvis

191 5057 546 5122 absolvatur
586 5074 720 5120 una
767 5061 920 5119 ante
952 5056 1248 5127 alteram,
1300 5054 1460 5115 nihil
1500 5051 1718 5125 efficit,

193 5162 302 5227 nisi
343 5166 543 5229 altera
602 5164 808 5239 finita,
865 5172 931 5227 et
990 5169 1128 5226 tum
1186 5162 1381 5225 simul
1425 5164 1723 5223 causant.

193 5271 412 5338 Similis
468 5272 918 5353 dependentia
990 5276 1211 5349 potest
1290 5285 1441 5333 esse
1530 5271 1727 5331 etiam

197 5380 354 5441 inter
380 5399 609 5445 causas
642 5380 877 5443 totales
909 5377 1381 5443 subordinatas
1426 5393 1508 5439 ex
1567 5393 1723 5440 con·

202 5484 430 5551 ditione
473 5488 791 5570 subjecti,
849 5486 1019 5548 sicut
1078 5487 1371 5548 continet
1429 5500 1508 5546 ex
1554 5486 1731 5544 statu

202 5592 318 5658 ficti
401 5597 569 5661 inter
634 5595 1041 5675 Baptismum
1113 5599 1180 5657 et
1246 5591 1728 5655 Poenitentiam.

3270 393 3388 455 445

1817 566 2046 643 Neque
2077 579 2238 645 ergo
2294 564 2662 640 Baptismus
2717 579 2834 641 per
2891 559 3223 628 accidens
3258 574 3361 619 re·
3445 571 3694 621 Neutrum

1818 678 2008 740 mittit
2047 678 2404 753 fictionem,
2440 695 2661 757 neque
2705 678 2904 740 etiam
2950 674 3365 749 Poenitentia,
3424 637 3690 745 ὶῃῧῗζῖἒὲθ,

1821 811 1940 871 per
1983 793 2290 856 accidens
2333 793 2603 855 remittit
2646 793 2990 872 originale,
3058 795 3171 852 aut
3242 789 3368 851 alia

1822 928 1966 990 quae
1994 918 2149 974 sunt
2182 914 2449 975 materia
2480 912 2809 988 Baptismi‚
2843 912 2996 989 quia
3026 909 3094 972 id
3125 913 3366 986 impro-

1822 1031 1959 1106 prie
2007 1028 2263 1105 dicitur,
2299 1045 2448 1090 cum
2480 1045 2677 1090 causa
2727 1027 3059 1105 disparata
3119 1043 3251 1089 non
3285 1024 3373 1085 di·

1823 1145 1986 1208 citur
2030 1162 2153 1223 per
2207 1145 2542 1220 accidenS‚
2603 1161 2726 1207 seu
2786 1143 3113 1207 indirecte
3150 1142 3376 1223 (quod

1823 1261 2001 1323 idem
2066 1265 2168 1322 est
2228 1262 2294 1322 in
2351 1259 2727 1340 proposito)
2808 1260 2915 1321 vel
2970 1256 3369 1320 secundario

1823 1378 2022 1441 habet
2065 1395 2139 1440 re
2172 1379 2484 1441 effectum
2543 1395 2663 1457 per
2690 1395 2763 1440 se
2805 1377 3075 1440 alterius
3135 1391 3372 1455 causae,

1825 1498 1944 1558 nisi
1991 1496 2256 1575 quando
2289 1513 2436 1558 eam
2467 1495 2688 1576 quoad
2731 1496 2861 1558 hoc
2906 1494 3198 1571 supplet,
3232 1493 3374 1570 ipsa

1823 1627 1957 1673 non
2027 1617 2314 1692 agente;
2390 1612 2565 1691 quod
2635 1627 2767 1672 non
2855 1609 3178 1688 contingit
3241 1607 3371 1681 hic,

1823 1725 1975 1803 quia
2037 1732 2393 1806 utrumque
2442 1727 2940 1788 Sacramentum
2989 1724 3125 1804 agit
3190 1720 3377 1801 quod

1823 1859 2017 1906 suum
2100 1851 2223 1916 est,
2300 1844 2667 1921 respective
2754 1841 2836 1903 ad
2912 1842 3223 1904 effectum
3312 1845 3379 1901 et

1822 1962 2168 2024 materiam
2197 1961 2553 2039 propriam,
2588 1975 2719 2022 non
2779 1965 3003 2022 autem
3050 1958 3374 2021 indirecte

1823 2085 2135 2157 respectu
2173 2078 2467 2153 alteriuS,
2528 2077 2708 2156 quod
2766 2077 2889 2155 ipsi
2934 2094 3070 2138 non
3114 2077 3372 2148 subest,

1822 2199 1896 2255 ut
1927 2194 2124 2256 docet
2151 2192 2525 2255 Paludanus
2553 2195 2620 2252 in
2663 2193 2720 2252 4.
2772 2194 2914 2255 dist.
2962 2194 3025 2254 4.
3061 2196 3275 2269 quaest.
3310 2191 3369 2252 5.
3440 2209 3688 2280 Rejicitur

1826 2311 1978 2390 quia
2021 2312 2134 2373 ubi
2177 2310 2397 2372 nullus
2425 2309 2719 2388 sequitur
2749 2309 3025 2370 effectus
3058 2323 3140 2370 ex
3168 2310 3368 2369 virtu·
3429 2279 3696 2388 ῗξῖῗὲξᾷῗ

1828 2433 1890 2490 te
1949 2443 2167 2489 causae
2232 2427 2604 2506 procedens
2675 2426 2908 2488 salvari
2966 2441 3099 2487 non
3145 2428 3373 2502 potest

1826 2547 2114 2608 causatio
2218 2545 2463 2607 directa
2550 2544 2737 2623 ejus,
2812 2549 2926 2604 aut
3001 2541 3367 2617 indirecta;

1824 2666 2182 2741 utrumque
2241 2666 2463 2723 autem
2507 2643 3008 2722 Sacramentum
3080 2658 3185 2721 hic
3230 2675 3376 2721 cau·

1825 2784 1923 2842 sat
1975 2778 2224 2840 directe
2284 2777 2740 2842 remissionem
2790 2776 3047 2854 peccati
3103 2774 3372 2854 proprii,

1827 2895 1982 2957 nihil
2039 2895 2352 2974 relinquit
2420 2892 2823 2956 causandum
2884 2892 3070 2954 alteri
3128 2891 3379 2953 directe

1825 3015 1929 3076 vel
1968 3010 2290 3076 indirecte
2349 3012 2719 3090 respective
2780 3008 2864 3071 ad
2922 3008 3125 3071 idem.
3171 3007 3381 3070 Minus

1828 3133 2024 3195 etiam
2082 3145 2315 3192 verum
2383 3133 2483 3193 est
2541 3127 2722 3208 quod
2782 3125 3029 3189 ibidem
3119 3127 3379 3200 asserit,

1828 3248 2231 3326 Baptismum
2266 3262 2538 3309 causare
2569 3245 3031 3307 remissionem
3081 3251 3383 3320 peccato·

1827 3381 1998 3439 rum,
2074 3371 2206 3426 tam
2279 3361 2797 3443 praecedentium
2889 3375 3088 3438 quam
3181 3362 3381 3421 etiam

1827 3479 2130 3555 fictioniS,
2191 3479 2553 3542 accedente
2608 3493 2748 3540 sota
2812 3476 3167 3549 attritione,
3241 3490 3385 3553 quae

1828 3605 2007 3660 extra
2051 3600 2550 3659 Sacramentum
2572 3591 2938 3674 justificare
2969 3593 3223 3671 nequit.

1906 3716 2047 3776 Haec
2114 3713 2409 3776 doctrina
2468 3711 2784 3789 supponit
2847 3708 2984 3772 dari
3048 3710 3377 3772 diversam
3441 3733 3567 3788 Dari
3596 3748 3686 3799 1³0¹·

1825 3828 2102 3910 gratiam
2133 3846 2249 3908 per
2289 3834 2639 3906 utrumque
2672 3828 3171 3888 Sacramentum
3204 3841 3377 3886 com·
3436 3804 3707 3927 ”grflffiff

1828 3948 2102 4026 pletum,
2178 3946 2333 4024 quia
2407 3945 2602 4007 datur
2690 3942 2903 4022 gratia
2973 3940 3384 4020 baptismalis
3439 3925 3704 3988 complete.

1828 4079 1973 4142 quae
2013 4065 2282 4137 inesset,
2315 4058 2369 4121 si
2410 4058 2581 4122 fictio
2628 4074 2762 4119 non
2794 4058 3271 4133 praecessisset,
3320 4060 3387 4117 et

1829 4180 2106 4243 ulterius
2133 4178 2343 4257 gratia
2375 4174 2874 4256 poenitentialis.
2924 4174 3036 4235 Est
3085 4187 3380 4235 commu·

1830 4301 1975 4362 nior
2016 4296 2366 4366 sententia,
2402 4309 2600 4373 quam
2659 4293 2903 4354 Doctor
2930 4295 3005 4352 ut
3035 4288 3390 4367 probabili-

1831 4429 2016 4477 orem
2075 4408 2377 4474 defendit
2422 4410 2653 4486 -primo
2717 4408 2907 4479 1000,
2971 4408 3037 4467 et
3106 4403 3389 4484 perinde

1830 4527 2143 4610 applicari
2204 4531 2425 4605 potest
2475 4525 2558 4588 ad
2615 4527 2880 4598 fictum,
2934 4523 3045 4603 qui
3103 4521 3393 4598 resurgit

1832 4647 1919 4711 ad
1947 4645 2312 4726 perfectam
2344 4645 2826 4720 contritionem,
2860 4658 3007 4721 quae
3056 4647 3238 4702 extra
3269 4639 3395 4699 Sa-

1835 4769 2243 4826 cramentum
2298 4762 2655 4842 requiritur
2698 4759 2782 4822 ad
2830 4755 3193 4821 tollendam
3223 4752 3389 4817 ficti-

1835 4900 2053 4955 onem,
2087 4886 2161 4943 ut
2191 4879 2531 4957 supponit.

1911 4997 1999 5078 (e)
2055 4998 2256 5058 Aliter·
2287 5001 2493 5072 potest
2537 4994 2687 5064 dici,
2738 4996 2866 5053 etc.
2914 4989 3025 5050 Hic
3096 4984 3390 5049 ostendit
3539 5054 3599 5106 33

1836 5118 2082 5179 Doctor
2136 5115 2329 5177 aliam
2384 5113 2559 5174 viam
2619 5107 3023 5172 defendendi
3089 5103 3384 5176 modum,
3442 5090 3704 5170 secundus

1838 5252 1968 5315 quo
2024 5232 2197 5294 fictio
2258 5230 2559 5292 deleatur
2616 5234 2685 5290 et
2739 5228 3121 5289 restituatur
3178 5224 3389 5304 gratia
3459 5180 3687 5293 (1ῗὶᾆῖᾞῖ

1837 5347 2269 5428 baptismaliS,
2306 5345 2533 5410 nonin
2577 5359 2675 5416 se,
2708 5343 2924 5406 sedin
2949 5340 3388 5419 aequivalenti,

1842 5484 1972 5547 qua
2015 5466 2266 5527 scilicet
2296 5463 2567 5526 daretur
2619 5462 2831 5540 gratia
2883 5456 3238 5538 perfectior
3279 5473 3387 5518 re-

1839 5581 2145 5662 surgenti
2187 5596 2309 5659 per
2350 5578 2837 5659 poenitentiam,
2885 5589 3080 5653 quam
3133 5574 3219 5633 sit
3257 5569 3394 5646 illa,
