4255 6375
504 491 729 544 eoncilia

479 555 753 605 intendunt

456 633 779 668 communem
805 631 878 675 se
933 625 1311 696 susceptum
1337 640 1351 688 ;

605 687 657 730 et

790 325 910 397 ‘648

803 495 1207 562 institutione
1253 499 1465 565 divina
1500 507 1632 566 no'n
1679 511 1779 566 est
1817 507 2136 578 iterabile‚
2182 506 2348 569 fuis-

1431 638 1578 681 cuin
1625 626 1847 682 autem
1918 624 2065 685 haec
2118 640 2343 685 susce-

478 742 764 807 rigorosum
806 735 938 808 ptio
984 736 1192 813 magis
1242 735 1326 796 ad
1386 753 1645 814 corpuS,
1682 753 1873 815 quam
1928 737 2013 799 ad
2058 741 2344 803 animam

513 821 734 856 Sflnsum·

803 846 1144 921 referatur,
1207 868 1340 912 non
1393 851 1652 914 videtur
1701 855 1891 928 ratio,
1928 872 2044 916 cur
2094 857 2159 917 in
2206 858 2346 918 sola

803 967 1012 1027 anima
1071 969 1154 1028 sit
1221 970 1364 1030 haec
1427 970 1896 1046 denominatio,
1956 974 2075 1036 sed
2152 977 2341 1037 etiam

797 1084 862 1143 in
930 1101 1205 1161 corpore
1264 1086 1367 1145 vel
1425 1086 1489 1146 in
1548 1090 1706 1147 tote.
1768 1088 2055 1149 Concilia
2116 1095 2344 1151 autem

796 1198 1157 1277 loquuntur
1226 1202 1309 1262 de
1367 1201 1584 1280 aliquo
1636 1205 1953 1281 spirituali
2017 1208 2340 1283 impresso

796 1316 916 1377 soli
986 1320 1248 1390 animae,
1296 1334 1373 1378 ex
1453 1335 1582 1396 quo
1634 1318 1829 1382 infert
1887 1321 2342 1385 Tridentinum

794 1449 1017 1509 supra,
1079 1436 1293 1510 ipsu-m
1348 1439 1843 1498 Sacramentum
1885 1454 2009 1499 non
2055 1456 2187 1500 esse
2229 1443 2341 1501 ile·

792 1557 1026 1631 rabz‘le,
1062 1565 1374 1636 tanquam
1405 1575 1487 1619 ex
1519 1574 1713 1620 causa
1761 1578 1798 1621 a
1844 1577 1973 1638 qua
2020 1567 2343 1641 competit

792 1677 1219 1738 Sacramento
1267 1692 1399 1737 non
1444 1679 1687 1749 iterari,
1732 1683 1805 1738 ut
1836 1685 2115 1756 apparet
2158 1680 2224 1741 in
2259 1698 2338 1743 eo

795 1790 898 1850 cui
933 1790 1239 1851 collatum
1285 1796 1383 1851 est
1422 1793 1938 1865 Sacramentum,
1994 1794 2175 1872 quod
2217 1794 2338 1857 fuit

791 1907 1043 1968 nullum
1102 1924 1184 1968 ex
1246 1906 1513 1970 defectu
1587 1925 1951 1972 consensus
2006 1913 2334 1990 requisiti,

791 2025 1087 2102 quamvis
1136 2025 1352 2100 ipsum
1402 2026 1899 2092 Sacramentum
1951 2033 2017 2091 in
2070 2035 2337 2097 materia

792 2141 860 2198 et
889 2135 1093 2197 forma
1127 2145 1191 2199 et
1233 2138 1599 2202 intentione
1644 2142 1919 2205 ministri
1962 2143 2079 2206 fuit
2120 2150 2333 2210 omni-

789 2274 875 2318 no
949 2256 1340 2333 perfectum,
1373 2260 1440 2321 in
1488 2261 1725 2339 quibus
1783 2267 2065 2328 essentia
2106 2268 2332 2331 Sacra·

789 2376 994 2436 menti
1038 2375 1347 2450 consistit,
1405 2383 1623 2440 tamen
1668 2379 1962 2455 iteratur,
2012 2387 2164 2462 quia
2197 2388 2334 2448 nul-

792 2490 926 2551 lum
986 2492 1316 2569 impressit
1403 2495 1879 2571 characterem
1961 2517 2119 2581 ergo
2205 2521 2334 2566 non

789 2608 1168 2671 iterabilitas
1214 2610 1358 2689 ejus
1401 2612 1463 2673 in
1525 2613 1645 2675 hoc
1703 2618 2021 2694 consistit,
2074 2626 2148 2682 ut
2176 2621 2326 2682 fun·

793 2723 1121 2788 damento.
2016 2731 2021 2734 ’

1213 3004 1671 3084 QUAESTIO
1772 3013 1907 3083 XI.

796 3235 1024 3302 Utrum
1078 3243 1421 3309 character·
1458 3248 1545 3311 sic
1595 3250 1665 3313 in
1714 3256 1995 3319 essentia
2054 3260 2323 3340 (enimse,

1056 3367 1125 3420 uc
1192 3360 1265 3423 in.
1320 3365 1632 3445 prooeimo
1697 3367 1983 3454 subjecto
2026 3375 2061 3440 ἱ)

784 3603 998 3659 Alensis
1030 3604 1081 3659 4.
1112 3622 1253 3689 μνη.
1290 3609 1376 3663 19.
1420 3628 1496 3666 m.
1532 3612 1579 3666 3.
1612 3613 1679 3669 D.
1719 3619 1923 3674 Bonav.
1966 3619 2057 3676 laic
2110 3628 2157 3681 1.
2191 3644 2239 3695 p.
2273 3648 2323 3686 α.

862 3676 911 3729 1.
942 3692 994 3743 q.
1026 3678 1080 3731 3.
1118 3678 1381 3735 Richard.
1437 3685 1491 3737 d.
1529 3685 1581 3738 5.
1617 3690 1739 3741 (1.2.
1774 3706 1822 3756 q.
1853 3696 1905 3745 2.
1952 3694 2014 3748 D.
2049 3695 2242 3757 Thom.
2277 3706 2331 3757 3.

771 3772 775 3776 >
856 3762 907 3805 71·
942 3763 993 3815 q.
1019 3749 1107 3803 61.
1141 3767 1191 3803 a.
1225 3753 1275 3805 4.
1302 3753 1431 3809 Dur.
1457 3757 1507 3809 d.
1539 3758 1591 3812 4.
1616 3774 1667 3826 q.
1700 3762 1748 3813 1.
1780 3765 2006 3820 Aureol.
2044 3770 2178 3824 ibid.
2197 3789 2246 3840 q.
2275 3777 2323 3829 1.

858 3833 913 3872 a.
963 3818 1015 3873 4.
1050 3820 1213 3876 Gabr.
1266 3820 1359 3876 laic
1394 3842 1448 3893 q.
1481 3831 1535 3883 2.
1571 3846 1624 3884 a.
1656 3831 1709 3886 3.
1741 3833 1867 3888 dub.
1899 3836 1952 3890 2.
1986 3839 2144 3897 Suar.
2182 3846 2236 3900 3.
2268 3863 2323 3915 p.

858 3894 989 3945 tom.
1021 3890 1075 3945 3.
1108 3893 1162 3947 d.
1201 3895 1282 3947 ll.
1326 3911 1370 3950 s.
1402 3901 1454 3952 2.

892 4096 1005 4167 Ad
1060 4096 1435 4172 ultimum
1478 4106 1579 4193 (a)
1651 4109 1767 4180 sic
1827 4118 2326 4203 proceditur,

783 4214 862 4283 et
905 4215 1287 4304 arguitur
1320 4220 1521 4311 quod
1554 4220 1987 4301 character
2016 4253 2176 4305 non
2222 4237 2328 4313 sit

784 4328 865 4400 in
935 4335 1291 4406 essentia
1353 4338 1671 4427 animae,
1709 4348 1795 4418 ut
1833 4345 1909 4417 in
1947 4354 2322 4440 proximo

783 4447 1168 4540 san'ecto,
1220 4452 1407 4543 quia
1449 4456 1880 4549 dispositio
1933 4471 2013 4539 et
2054 4468 2324 4543 forma

778 4565 875 4637 ad
955 4588 1191 4659 qnam
1281 4572 1661 4667 disponit,
1746 4578 2039 4660 habent
2116 4588 2322 4661 idem

779 4682 1223 4775 subjectum
1316 4692 1823 4781 proximum;
1888 4700 2323 4779 character

771 4804 896 4872 est
966 4803 1344 4893 proxima
1417 4807 1849 4901 dispositio
1906 4820 1999 4890 ad
2062 4822 2321 4906 fidem,

768 4914 958 4988 fides
1008 4920 1276 4990 autem
1319 4929 1444 4996 est
1488 4924 1565 4995 in
1606 4925 2047 5008 intellectu.

861 5037 1193 5120 Contra,
1269 5058 1366 5110 ex
1424 5043 1700 5117 eadem
1754 5051 2066 5143 majore
2135 5076 2316 5127 eum

773 5151 921 5225 hae
950 5154 1289 5239 minore,
1321 5160 1755 5239 character
1793 5175 1917 5243 est
1943 5172 2320 5262 proxima

772 5270 1201 5362 dispositio
1272 5278 1367 5348 ad
1421 5280 1821 5370 gratiam;
1880 5290 2155 5376 gratia
2195 5294 2316 5363 est

774 5387 855 5458 in
896 5391 1250 5464 essentia
1302 5394 1618 5477 animae,
1667 5399 1876 5473 sieut
1908 5404 2101 5485 vita,
2133 5407 2318 5496 quia

776 5502 1135 5594 ejusdem
1210 5513 1334 5580 est
1400 5508 1571 5583 vita
1614 5512 1878 5603 prima
1920 5523 2000 5591 et
2051 5540 2321 5592 secun·

1927 346 2071 407 Lm.
2101 345 2202 406 Ν.
2249 345 2408 405 SEN·
2409 347 2851 412 rssNT1AnUM

2460 506 2591 586 da;
2638 516 2837 600 ergo
2889 511 3318 586 character
3357 516 3488 586 est
3529 514 3610 584 in
3646 516 3938 586 essentia

2463 623 2750 696 animae
2795 626 3006 700 sicut
3055 629 3356 719 gratia,
3427 630 3522 702 ad
3590 650 3812 721 quam
3865 632 3942 701 di·

2461 743 2756 832 sponit,
2825 765 2999 836 quae
3037 751 3163 820 est
3219 748 3398 819 vita
3438 747 3884 840 spiritualis,

2895 1041 3563 1105 COMMENTARIUS.

2532 1356 2628 1413 Ad
2695 1353 2998 1414 ultimum
3066 1356 3155 1415 sic
3203 1358 3607 1430 proceditur,
3672 1363 3787 1415 etc.
3830 1356 3947 1415 Haec
4002 1369 4120 1474 &a

2457 1474 2724 1548 quzestio
2800 1471 2962 1533 duas
3013 1473 3213 1535 habet
3270 1481 3534 1551 partes3
3599 1478 3800 1551 prima
3848 1473 3952 1551 agit
4017 1488 4116 1560 &aa

2456 1587 2538 1648 de
2610 1590 2912 1668 subjecto
2992 1591 3416 1658 characteris:
3498 1591 3790 1655 secunda
3854 1604 3949 1666 est,
4071 1571 4076 1572 ἶ

2452 1707 3016 1784 anacepholaeosis
3054 1725 3174 1768 seu
3209 1709 3672 1785 recapitulatio
3714 1729 3955 1774 summa·

2451 1822 2539 1883 ria
2641 1823 2836 1883 totius
2905 1827 3217 1884 tractatus
3286 1820 3388 1885 'de
3477 1827 3808 1904 Baptismo
3882 1830 3958 1889 his

2451 1945 2733 2016 quatuor
2763 1939 3293 2002 distinctionibus
3343 1942 3724 2018 explicatae,
3773 1944 3957 2021 quoad

2449 2055 2668 2118 omnia
2766 2057 3116 2121 intrinseca

2448 2190 2520 2235 se
2605 2177 2959 2251 requisita;
3018 2180 3083 2235 et
3167 2172 3540 2236 secundum
3608 2176 3748 2238 haec
3837 2178 3995 2237 sub--

2440 2292 2666 2371 „iungit
2740 2292 2903 2352 duas
2970 2290 3444 2368 descriptiones
3518 2296 3687 2372 ejus,
3765 2294 3966 2372 quibus

2447 2408 2592 2468 haec
2670 2409 2889 2469 omnia
2965 2409 3472 2487 comprehendit
3516 2410 3708 2489 juxta
3789 2414 3967 2471 varios

2446 2524 2706 2600 modos,
2768 2524 3007 2604 quibus
3092 2526 3229 2602 ipsa
3301 2525 3531 2588 relatio
3619 2543 3966 2589 sacramen·

2451 2643 2594 2704 talis
2688 2642 3049 2718 explicatur
3155 2643 3527 2719 respective
3610 2643 3692 2705 ad
3791 2648 3966 2706 solam

2444 2759 2872 2829 ablutionem,
2925 2762 3237 2836 tanquam
3296 2756 3823 2836 fundamentum,
3882 2764 3964 2822 vel

2445 2876 2528 2939 ad
2585 2878 2990 2939 ablutionem
3046 2875 3238 2936 simul
3301 2882 3365 2938 et
3422 2875 3743 2948 formam;
3791 2881 3962 2958 parti-

2448 2994 2628 3056 culas
2671 2994 2973 3071 explicat,
3024 3000 3090 3054 et
3147 2994 3254 3071 pie
3318 2993 3585 3055 tandem
3666 2995 3964 3058 concludit

2443 3117 2790 3173 tractatum
2890 3111 2956 3171 in
3011 3109 3275 3172 laudem
3348 3116 3415 3171 et
3477 3113 3762 3192 gloriam
3831 3130 3957 3174 san·

2443 3229 2738 3291 ctissimae
2805 3227 3158 3299 vinitatis,
3219 3230 3286 3290 in
3318 3229 3510 3308 cujus
3573 3232 3956 3293 invocatione

2442 3345 2823 3423 praecellens
2901 3346 3108 3423 gratia
3177 3345 3333 3406 tanti
3391 3345 3800 3408 Sacramenti
3840 3363 3960 3408 con·

2440 3460 2670 3524 fertur.

3249 2063 3314 2119 et
3427 2060 3782 2122 intrinseca
3869 2078 3964 2139 per

3005 3682 3413 3750 senonum.

2510 3883 2830 3940 Sententia
2887 3887 2952 3939 D.
2996 3885 3210 3942 Thom.
3270 3889 3493 3944 tenens
3550 3889 3949 3947 characterem

2440 3998 2573 4038 esse
2613 3987 2673 4038 in
2705 3983 3043 4050 intellectu,
3097 3983 3440 4052 refellitur,
3477 3988 3634 4057 quia
3665 3987 3949 4059 dispositio

2440 4080 2515 4137 ad
2573 4081 2834 4136 sormam
2889 4095 3010 4135 non
3069 4086 3265 4152 potest
3311 4096 3444 4137 esse
3477 4085 3543 4138 in
3576 4085 3784 4155 aliquo
3835 4098 3942 4139 sus-

2438 4179 2683 4248 ceptivo
2732 4180 3042 4249 posterior
3098 4182 3454 4251 susceptivo
3513 4183 3746 4242 formae,
3775 4189 3828 4238 et
3863 4194 3941 4234 se-

2438 4275 2712 4332 cundum
2744 4292 2884 4333 eum
2920 4278 3122 4347 gratia
3153 4276 3229 4332 ad
3259 4292 3446 4348 quam
3506 4277 3772 4350 disponit
3824 4280 3940 4333 cha·

2439 4381 2661 4443 meter,
2730 4380 2818 4431 est
2875 4378 2941 4432 in
3008 4379 3277 4434 essentia
3314 4380 3562 4435 animae.

2524 4589 2678 4662 Hic
2757 4594 2879 4663 est
2950 4591 3050 4683 (b)
3105 4592 3404 4684 opime,
3487 4598 3692 4687 quod
3756 4598 3933 4669 sicut
4032 4606 4058 4677 ἓ

2434 4707 2706 4796 gratia
2747 4711 2872 4779 est
2934 4706 3016 4778 in
3074 4710 3426 4782 essentia
3479 4712 3791 4791 animae,
3844 4713 3934 4785 sic
3957 4682 4114 4837 pff}

2435 4822 2798 4917 potentia
2858 4825 2970 4896 ad
3021 4826 3379 4915 gratiam
3411 4832 3534 4899 est
3575 4831 3652 4902 in
3696 4804 4108 4935 poten-{3123

2434 4939 2550 5012 tia
2601 4940 2934 5019 animaez
3007 4940 3442 5016 character
3509 4950 3776 5019 autem
3832 4952 3933 5019 est
3974 4934 4102 5042 ff?

2435 5055 2906 5149 potentialis
2947 5056 3376 5149 dispositio
3438 5064 3808 5152 proxima
3857 5062 3932 5133 ad

2432 5172 2832 5264 gratiam;
2870 5190 3067 5263 ergo
3129 5174 3209 5245 in
3262 5178 3630 5267 potentia
3681 5179 3930 5250 anima?

2431 5293 2578 5368 est.
2646 5294 2730 5361 ut
2781 5289 2863 5361 in
2923 5290 3281 5381 subjecto
3364 5296 3766 5383 proximo.
3815 5295 3929 5367 Sed

2432 5426 2591 5477 non
2651 5411 2774 5495 est
2825 5406 2905 5477 in
2956 5406 3311 5497 qualibet
3382 5414 3750 5501 potentia
3801 5409 3927 5483 ani·

2437 5541 2610 5603 mae,
2658 5521 2845 5613 quia
2886 5528 3074 5596 tune
3112 5543 3275 5596 non
3322 5534 3546 5603 esset
3608 5549 3760 5602 una
3800 5529 3924 5601 for·
