4255 6375
1350 409 1550 478 Drs'r.
1598 410 1701 476 111.
1749 408 2112 488 QUAES'rlo
2146 411 2243 480 lV.

143 642 192 686 ‘t
268 582 487 653 vetuS,
545 593 696 662 quae
734 573 1095 660 praecessit,
1157 584 1220 640 et
1279 594 1314 639 a
1372 576 1501 639 Deo
1540 573 1668 640 lata
1697 586 1819 653 est,

142 717 236 812 {⁶01
266 692 497 760 debuit
569 694 763 760 etiam
809 692 1293 780 praecipitanter
1340 694 1667 781 abrogari,
1713 693 1824 760 sed

263 811 548 883 sensim.
604 822 669 876 et
722 810 1061 896 supposita
1134 810 1350 877 debita
1401 811 1830 877 instructione

263 926 341 992 de
400 927 559 1012 ejus
617 927 1104 1013 adimpletione,
1148 928 1466 1015 completa
1525 929 1824 1008 veritate,

264 1064 464 1131 quam
519 1044 802 1111 obscure
853 1044 1199 1132 figurabat.
1265 1046 1482 1112 Tertio
1523 1045 1669 1112 addi
1712 1068 1829 1133 po-

265 1174 419 1242 test,
469 1160 627 1248 quia
669 1182 797 1226 non
838 1173 975 1228 erat
1014 1173 1144 1229 tam
1196 1163 1407 1230 facilis
1444 1165 1762 1231 transitus
1794 1185 1830 1231 a

265 1278 413 1361 lege
454 1278 669 1344 veteri
701 1277 780 1344 ad
820 1300 1083 1358 novam,
1129 1290 1193 1347 et
1222 1301 1256 1346 a
1316 1280 1830 1347 circumcisione

142 1443 229 1491 ,bat
267 1393 343 1460 ad
385 1394 800 1480 Baptismum
842 1395 1049 1483 quoad
1081 1396 1365 1475 Judaeos,
1421 1397 1531 1483 qui
1566 1400 1825 1463 Patrum

142 1503 185 1554 'ffi-
265 1508 737 1576 traditionibus
780 1509 1236 1589 inhaerebant;
1302 1511 1404 1579 his
1448 1525 1662 1579 autem
1696 1514 1825 1599 pri-

268 1645 449 1691 mum
496 1627 876 1713 propositus
942 1641 1041 1693 est
1082 1630 1473 1715 Baptismus,
1524 1649 1652 1695 non
1709 1631 1826 1697 de-

268 1740 408 1808 buit
439 1763 608 1829 ergo
640 1743 978 1831 praescribi
1009 1744 1131 1811 sub
1162 1757 1512 1834 praeceptO,
1549 1747 1662 1814 sed
1701 1747 1826 1815 sub

266 1856 578 1925 consilio,

145 1995 240 2064 aba
349 1978 491 2041 Hoc
550 1987 768 2043 tamen
825 1977 1171 2044 consilium
1232 1979 1530 2047 divinum
1573 1984 1820 2071 nequit,

147 2072 218 2167 212¹
269 2092 483 2179 inquit
538 2097 794 2170 Doctor,
858 2096 1210 2175 contemni,
1265 2095 1414 2163 licet
1472 2118 1600 2164 non
1665 2101 1825 2166 obli·

150 2197 210 2234 ¹¹¹·
267 2224 398 2296 get,
446 2211 625 2278 sicut
665 2231 874 2300 neque
930 2211 1281 2279 consilium
1325 2216 1816 2302 Evangelicum,

266 2328 416 2413 quia
457 2350 725 2416 semper
762 2341 862 2395 est
892 2329 1298 2410 rationabile,
1343 2344 1406 2397 et
1453 2333 1533 2400 de
1573 2335 1823 2401 meliori
1859 2334 1862 2339 '

270 2443 462 2524 bono,
511 2467 642 2512 non
682 2447 776 2513 sio
814 2447 1164 2514 consilium
1206 2448 1518 2531 hominiS,
1564 2453 1825 2539 quando

148 2574 243 2680 ἶῇῗὲι
266 2571 362 2626 est
429 2561 897 2642 irrationabile,
979 2565 1233 2632 etiamsi
1301 2580 1474 2633 esset
1540 2570 1821 2651 Praelati,

151 2702 186 2742 u·
225 2671 376 2744 ‘sed
427 2700 582 2747 cum
633 2681 849 2748 debita
880 2680 1327 2750 moderatione
1360 2684 1574 2766 debet,
1613 2709 1825 2775 quan-

155 2774 236 2809 ω’·
274 2800 404 2859 tum
486 2793 629 2862 fieri
697 2808 932 2884 potest,
1004 2796 1244 2863 irritari
1326 2815 1390 2868 et
1466 2805 1819 2882 contemni,

276 2925 591 2993 quantum
639 2913 717 2980 ad
781 2936 969 2981 usum
1029 2917 1196 3004 ejuS,
1259 2918 1431 3004 quod
1491 2918 1818 3007 intelligit,

275 3028 530 3111 quando
565 3030 708 3117 ipso
740 3032 907 3099 facto
954 3044 1207 3099 constat
1236 3033 1317 3100 de
1347 3034 1825 3124 incongruitate

276 3153 335 3208 et
383 3161 779 3216 nocumento
828 3150 974 3218 talis
1006 3151 1307 3231 consilii:
1358 3173 1486 3220 non
1519 3166 1734 3222 autem
1768 3158 1823 3225 si

149 3267 236 3379 {exim
282 3271 373 3325 est
433 3264 783 3332 consilium
872 3268 1230 3354 probabile,
1323 3283 1435 3337 aut
1520 3271 1815 3355 dubium,

154 3351 229 3443 mio
282 3378 422 3460 quia
465 3379 531 3444 in
574 3380 791 3450 dubiis
823 3385 1136 3469 praevalet
1175 3386 1496 3452 sententia
1539 3389 1816 3472 Praelati,

149 3455 257 3506 ‘¹⁰³²‘
282 3508 340 3560 et
385 3496 441 3562 si
480 3497 677 3565 addat
743 3514 1169 3588 praeceptum,
1232 3515 1329 3571 est
1386 3508 1816 3591 sequendum,

280 3611 424 3697 quia
497 3626 601 3680 est
665 3616 731 3682 in
802 3619 1217 3704 possessione
1300 3623 1702 3691 auctoritatis
1758 3642 1822 3695 et

272 3725 433 3810 juris
482 3730 552 3796 in
610 3733 1003 3815 subsidium,
1059 3737 1212 3824 quia
1269 3739 1325 3805 ei
1368 3738 1558 3806 debet
1604 3740 1817 3809 defer-

278 3861 363 3921 re,
432 3847 630 3913 etiam
692 3850 754 3915 in
825 3851 1022 3918 rebus
1080 3851 1609 3926 indifferentibus
1658 3861 1818 3927 sub-

279 3956 464 4028 dituS.

825 4208 1227 4269 SCHOLIUM.

345 4376 656 4436 Sententia
709 4381 773 4437 D.
825 4380 1039 4438 Thom.
1070 4381 1127 4440 3.
1177 4398 1241 4454 p.
1295 4398 1355 4455 q.
1412 4386 1503 4442 66.
1537 4392 1650 4444 art.
1678 4391 1729 4444 2.
1760 4394 1821 4447 et

287 4473 328 4527 1.
383 4478 433 4532 2.
466 4493 523 4549 q.
555 4478 673 4534 103.
722 4482 838 4535 art.
898 4480 952 4536 3.
1005 4483 1386 4553 Baptismum
1445 4486 1640 4542 ruisse
1701 4489 1816 4547 sub

285 4576 529 4633 consilio
559 4591 758 4649 usque
803 4577 882 4635 ad
914 4580 1282 4649 passionem,
1338 4586 1396 4639 et
1425 4589 1632 4654 postea
1689 4592 1814 4645 sta-

285 4669 378 4726 tim
432 4672 545 4730 sub
614 4679 923 4748 praecepto
953 4695 967 4748 ;
1034 4677 1587 4738 circumcisionem
1663 4698 1816 4741 vero

292 4781 462 4841 usque
490 4771 570 4829 ad
600 4774 949 4844 passionem
980 4779 1397 4835 necessariam
1423 4780 1637 4849 fuisse,
1669 4782 1816 4839 inde

290 4864 354 4919 ad
384 4869 771 4929 Pentecosten
803 4872 1067 4943 licitam,
1100 4874 1208 4931 sed
1237 4875 1552 4945 inutilem,
1588 4893 1625 4936 a
1658 4881 1816 4937 Pen-

291 4964 491 5024 tecoste
560 4973 769 5026 autem
849 4972 1257 5029 mortiferam.
1335 4976 1507 5031 Hanc
1581 4976 1815 5036 refutat

297 5058 482 5120 Doctor
504 5067 704 5139 quoad
725 5069 1009 5139 singulas
1030 5070 1167 5141 eJus
1186 5076 1418 5143 parteS,
1452 5075 1599 5131 satis
1621 5076 1812 5134 clare.

143 5231 252 5348 ilva,
368 5241 469 5316 De
499 5247 843 5320 secundo
874 5250 972 5341 (d)
1008 5249 1465 5345 principali,
1499 5254 1812 5331 scilicet

143 5363 384 5473 {istan
442 5382 536 5435 ex
602 5364 879 5436 eodem
949 5365 1197 5440 fuerit
1274 5367 1809 5445 Circumcisio

143 5493 257 5536 mum
300 5482 689 5563 evacuata,
779 5501 878 5553 ex
942 5502 1093 5575 quo
1171 5483 1325 5557 fuit
1395 5490 1806 5581 susceptio

142 5549 228 5663 ”illl
299 5586 664 5686 Baptismi
753 5599 1240 5694 simpliciter
1312 5608 1802 5691 necessaria,

3370 409 3485 478 34³5

1938 573 2240 647 dicitur
2307 577 2511 668 quod
2581 579 2930 670 tempuS,
2995 598 3153 670 quo
3211 579 3489 670 Bapti-

1942 711 2166 764 smus
2200 691 2352 765 fuit
2386 692 2533 764 sub
2572 692 2940 775 consilio,
3000 698 3181 768 erat
3232 713 3279 765 a
3332 694 3493 787 pri·

1945 827 2076 880 ma
2167 808 2713 901 publicatione
2795 809 2996 901 ejus,
3072 831 3323 902 usque
3390 812 3484 884 ad

1942 924 2250 1000 Christi
2330 926 2818 1018 passionem,
2914 932 2993 1002 et
3089 926 3242 1001 hoc
3326 947 3487 1000 non

1939 1043 2368 1116 evacuavit
2421 1043 3175 1127 Circumcisionem,
3237 1043 3488 1119 etiam

1944 1162 2336 1250 quantum
2430 1160 2523 1231 ad
2630 1160 3237 1243 necessarium;
3346 1159 3486 1232 illo

1939 1274 2155 1347 enim
2235 1277 2604 1367 tempore
2682 1276 3236 1349 necessarium
3307 1278 3488 1349 erat

1941 1391 2216 1463 Judaeo
2357 1390 2932 1465 circumcidere
3055 1392 3484 1484 parvulum

1943 1528 2203 1591 suum,
2276 1508 2465 1600 quia
2529 1508 2881 1580 nondum
2942 1508 3096 1583 fuit
3154 1509 3296 1581 illa
3355 1509 3487 1581 lex

1941 1627 2352 1707 revocata,
2408 1626 2618 1699 sicut
2668 1646 2813 1699 nec
2866 1626 3028 1698 alia
3072 1626 3484 1719 imposita.

1940 1744 2005 1814 A
2054 1746 2426 1835 tempore
2467 1747 2738 1817 autem
2787 1744 3194 1836 passionis
3238 1763 3490 1836 usque

1940 1860 2034 1931 ad
2075 1863 2393 1951 tempus
2431 1858 3004 1951 publicationis
3040 1859 3486 1951 Evangelii,

1938 1974 2707 2049 fuit-Circumcisio
2777 1976 3033 2058 licita,
3127 1977 3258 2049 sed
3335 1994 3480 2049 nec

1938 2092 2430 2171 necessaria,
2468 2112 2611 2165 nec
2644 2091 2896 2176 utilis,
2936 2092 3124 2185 quia
3160 2093 3239 2165 in
3263 2091 3483 2168 Chri-

1940 2208 2046 2283 sti
2088 2212 2352 2281 morte
2387 2208 2681 2299 legalia
2733 2214 2923 2284 sunt
2974 2229 3489 2283 consumma-

1939 2329 2048 2398 ta.
2086 2325 2305 2406 Quod
2341 2326 2740 2417 probatur
2769 2346 2867 2397 ex
2917 2326 3060 2397 illo
3097 2328 3330 2398 Joan.
3375 2329 3483 2400 19.

1942 2444 2207 2514 morte
2320 2439 2793 2514 imminente
2888 2441 3092 2515 dixit
3185 2442 3420 2513 Jesus
3466 2468 3481 2513 :

1942 2562 2481 2629 Consummatum
2538 2572 2654 2628 est.
2728 2561 2826 2631 Et
2906 2558 2972 2631 si
3058 2558 3484 2652 quaeritur,

1940 2676 2124 2768 quid
2174 2681 2357 2751 erat
2403 2676 2746 2769 parvulo
2790 2674 3044 2748 Judaei
3095 2676 3175 2748 in
3236 2696 3486 2748 reme-

1937 2796 2153 2868 dium
2200 2801 2490 2870 contra
2536 2795 2963 2887 originale,
3009 2815 3055 2867 a
3105 2795 3493 2888 passione

1938 2934 2189 3004 usque
2224 2912 2317 2984 ad
2344 2912 2975 3005 publicationem
3000 2912 3484 3004 Evangelii?

1947 3030 2276 3112 dicitur,
2316 3032 2520 3124 quod
2554 3051 2715 3102 non
2749 3029 3312 3113 Circumcisi0‚
3351 3030 3484 3104 sed

1935 3147 2127 3220 fides
2180 3151 2639 3240 parentum,
2702 3150 2789 3222 ut
2850 3150 3219 3240 tempore
3276 3147 3484 3238 legis

1934 3268 2277 3337 naturae.
2314 3265 2590 3337 Tertio
2630 3285 2827 3336 vero
2879 3268 3250 3358 tempore
3301 3269 3485 3357 post

1937 3380 2569 3472 publicationem
2622 3380 3070 3472 Evangelii,
3126 3380 3484 3455 Circum-

1934 3496 2139 3569 cisio
2172 3496 2322 3568 fuit
2371 3496 2824 3576 mortifera.
2873 3517 3022 3590 pro
3074 3516 3229 3589 quo
3280 3501 3482 3570 tem-

1937 3612 2533 3707 poreloquitur
2584 3613 2880 3685 Paulus
2922 3613 3017 3686 ad
3079 3612 3340 3687 Galat.
3409 3618 3474 3688 5.

1939 3733 2129 3808 Quod
2156 3734 2217 3797 si
2246 3731 2853 3812 circumcidamini,
2880 3734 3040 3803 etc.

2020 3849 2328 3920 Contra
2383 3845 2736 3937 primum
2813 3846 3195 3937 arguitur
3273 3846 3387 3919 sic
3452 3872 3802 3946 :aefeiiitqr

1933 3963 2014 4036 Si
2075 3983 2322 4034 unum
2408 3966 2907 4056 praeceptum
2998 3963 3473 4056 impositum
3530 3943 3801 4050 ἐῗέιξξξὲἒῗ

1931 4079 2306 4152 totaliter
2347 4083 2680 4153 revocat
2750 4078 2989 4162 aliud,
3045 4079 3477 4151 consilium

1931 4218 2067 4268 seu
2102 4197 2446 4270 monitio
2511 4197 2602 4268 de
2637 4217 2794 4267 uno
2829 4195 3022 4269 facit
3064 4195 3278 4268 aliud
3318 4216 3479 4268 non

1929 4314 2513 4395 necessarium,
2610 4313 2799 4406 quia
2893 4313 3128 4407 cujus
3244 4319 3477 4388 actus

1933 4435 2432 4523 praeceptum
2465 4435 2590 4504 est
2625 4430 2968 4503 alterius
3003 4430 3476 4523 prohibitio,

1928 4549 2103 4640 ejus
2150 4553 2381 4622 actus
2449 4548 2884 4622 consilium
2977 4552 3102 4622 est
3151 4548 3484 4622 licentia

1926 4665 2018 4737 de
2058 4686 2219 4737 non
2264 4665 2762 4738 observando
2807 4665 3244 4756 reliquum;
3283 4686 3481 4756 ergo

1929 4781 1997 4854 si
2069 4787 2566 4874 praeceptum
2625 4783 2716 4853 de
2796 4781 3219 4874 Baptismo
3299 4785 3482 4854 erat

1928 4896 2374 4990 prohibitio
2468 4897 3137 4972 circumcisionis
3236 4920 3477 4991 quan-

1926 5016 2101 5086 tum
2147 5014 2241 5086 ad
2311 5013 2699 5096 fructum,
2745 5017 2823 5086 et
2876 5015 3309 5089 consilium
3380 5018 3471 5089 de

1924 5129 2349 5221 Baptismo
2410 5134 2590 5203 erat
2652 5130 2984 5202 reddens
3036 5131 3473 5206 Circumci-

1926 5246 2238 5319 sionem
2271 5268 2430 5320 non
2462 5247 3039 5321 necessariam.

2017 5364 2188 5435 Hoc
2245 5365 2808 5447 confirmatur,
2886 5365 3073 5457 quia
3152 5366 3219 5438 si
3279 5371 3467 5441 ante
3592 5374 3731 5486 pig-er

1925 5482 2388 5573 passionem
2429 5483 2722 5577 aliquis
2757 5485 3077 5558 Judaeus
3120 5486 3213 5557 ad
3270 5506 3463 5578 prae·
3515 5498 3801 5564 baptizatus

3603 5568 3723 5612 ante

1920 5599 2408 5694 dicationem
2469 5599 2778 5676 Christi
2818 5603 2945 5675 vel
3005 5604 3226 5677 Petri
3288 5626 3465 5700 par·
3513 5623 3815 5693 passionem,
