4255 6375
495 3258 727 3309 Primum

479 3336 746 3387 argumen-

497 3390 607 3434 tum
628 3398 728 3456 pro

454 3445 769 3498 Parmensi.

482 4584 726 4661 Solvitur.

820 411 939 471 594

819 576 1408 653 Sacramentorum,
1491 575 1737 642 nullum
1780 597 2065 641 errorem
2126 575 2366 641 admit-

817 702 977 768 tere,
1022 702 1086 755 et
1155 693 1495 757 veritatem
1569 692 1800 757 docere
1874 694 2364 759 Sacrosanctam

817 805 1167 872 Ecclesiam
1230 810 1611 887 Romanam,
1673 829 1821 894 quie
1888 822 1987 874 est
2062 808 2365 874 columna

815 921 1133 999 veritatiS,
1188 936 1410 988 contra
1471 943 1665 1009 quam
1727 938 1930 1008 portae
1982 922 2171 987 inferi
2234 942 2364 988 non

814 1051 1088 1123 possunt
1128 1038 1509 1124 praevalere,
1546 1038 1715 1125 quod
1758 1039 2069 1124 supponit
2116 1037 2361 1103 dictum

813 1152 1193 1239 capitulum,
1231 1176 1304 1219 ac
1339 1154 1611 1240 proinde
1644 1167 1711 1220 ut
1759 1154 2049 1220 haeretici
2099 1174 2361 1220 excom-

816 1270 1257 1347 municantur,
1339 1271 1736 1358 quicumque
1789 1271 1975 1335 aliter
2006 1252 2240 1336 docent
2282 1270 2361 1335 de

816 1386 1168 1472 Baptism0,
1223 1400 1333 1450 aut
1371 1386 1516 1451 aliis
1547 1387 2011 1467 SacramentiS,
2062 1400 2173 1452 aut
2205 1407 2358 1452 sen-

813 1501 1225 1590 tiunt„quam
1264 1501 1368 1567 illa
1403 1501 1712 1587 praedicat
1744 1513 1806 1567 et
1847 1503 2178 1568 observat.
2209 1507 2360 1568 llaec

811 1630 911 1683 est
949 1632 1164 1683 autem
1243 1618 1588 1699 certitud0,
1635 1640 1830 1704 quam
1883 1622 2120 1684 Doctor
2164 1632 2357 1703 negat

812 1733 1034 1799 haberi
1085 1754 1165 1799 ex
1214 1735 1547 1820 Scriptura
1593 1746 1704 1800 aut
1765 1735 2087 1814 PatribuS,
2125 1748 2189 1799 et
2228 1756 2355 1821 qua

810 1850 1041 1935 posita,
1107 1850 1383 1915 liberum
1428 1871 1556 1915 non
1615 1863 1714 1916 est
1763 1850 1947 1916 aliter
2002 1851 2246 1917 sentire
2276 1851 2355 1916 de

807 1968 1201 2046 charactere,
1257 1988 1450 2053 quam
1484 1966 1767 2033 Ecclesia
1799 1965 2008 2033 docet.
2070 1970 2212 2032 Non
2242 1988 2353 2033 ne-

806 2095 917 2168 gat
947 2096 1163 2149 autem
1196 2082 1581 2169 simpliciter
1614 2083 2015 2170 Scripturam
2035 2097 2100 2149 et
2131 2086 2351 2150 Patres

807 2217 935 2264 non
977 2199 1210 2265 docere
1258 2199 1727 2277 characterem,
1773 2199 1886 2265 sed
1947 2212 2199 2265 tantum
2237 2221 2349 2265 ne-

806 2328 918 2402 gat
982 2314 1397 2381 auctoritates
1441 2315 1731 2400 ipsorum
1767 2314 2196 2381 determinate
2242 2336 2347 2381 ex·

804 2431 1085 2517 primere
1120 2432 1286 2498 hanc
1316 2431 1659 2498 veritatem
1704 2452 1777 2498 ea
1810 2431 2224 2508 certitudine,
2283 2445 2351 2498 ut

802 2547 987 2614 aliter
1019 2550 1261 2616 sentire
1313 2571 1439 2615 non
1472 2551 1717 2630 liceret,
1765 2549 1867 2615 vel
1930 2549 2106 2635 ipsas
2136 2563 2350 2616 aucto-

799 2665 1029 2732 ritates
1073 2665 1405 2751 explicare
1451 2666 1515 2730 in
1562 2667 1760 2732 alium
1812 2688 2079 2734 sensum
2134 2664 2348 2731 diver·

795 2802 962 2851 sum.

883 2897 1002 2973 Qui
1037 2918 1272 2965 sensus
1305 2900 1448 2985 ejus
1481 2912 1817 2985 patet,tam
1842 2920 1921 2964 ex
1946 2919 2143 2984 scopo
2174 2899 2342 2984 ejuS,

795 3026 859 3079 et
897 3013 1199 3081 discursu
1242 3017 1586 3101 praemisso
1620 3017 1684 3083 in
1738 3018 1865 3082 hoc
1906 3015 2340 3102 paragrapho,

798 3146 928 3200 tam
960 3154 1041 3199 ex
1091 3132 1516 3219 responsione
1545 3131 1625 3200 ad
1672 3132 1948 3219 primam
1997 3132 2338 3215 rationem,

799 3269 991 3335 quam
1049 3249 1188 3335 ipse
1231 3248 1492 3314 adducit
1555 3249 1619 3314 in
1660 3250 1949 3315 favorem
1999 3248 2344 3315 sententiae

800 3364 1208 3443 ParisiensiS,
1281 3377 1344 3430 et
1404 3377 1501 3431 est
1549 3365 1734 3431 talis:
1787 3365 1977 3442 Quod
2030 3366 2206 3431 nihil
2236 3364 2342 3429 de-

799 3482 941 3547 beat
991 3483 1157 3568 poni
1221 3483 1481 3565 frustra
1547 3493 1608 3548 et
1671 3484 1817 3548 sine
1856 3485 2240 3548 necessitate
2269 3483 2342 3548 in

796 3599 1089 3678 creditis,
1154 3621 1299 3686 quw
1329 3620 1464 3665 non
1503 3611 1830 3685 apparent
1869 3600 2228 3665 secundum
2258 3600 2337 3681 si·

794 3716 941 3782 dem
961 3742 986 3797 ,·
1017 3718 1370 3802 Scriptura
1417 3729 1635 3781 autem
1666 3738 1802 3782 non
1831 3717 2153 3802 emprimit
2190 3717 2340 3781 clia·

790 3844 1114 3900 racterem
1188 3855 1321 3898 esse
1352 3833 1791 3898 necessarium
1849 3834 1917 3897 in
1966 3833 2330 3916 BaptismO,

788 3973 905 4016 nec
962 3952 1195 4015 Sancti
1260 3951 1596 4034 empticite,
1672 3965 1793 4014 ete.
1863 3948 1970 4013 ubi
2020 3948 2338 4033 explicite

787 4067 1008 4144 sumit,
1084 4077 1270 4152 prout
1320 4065 1630 4151 exprimit
1676 4064 2063 4132 sententiam
2120 4063 2337 4129 deter-

792 4185 1124 4260 minatam,
1190 4202 1337 4269 quae
1398 4181 1461 4247 in
1501 4180 1699 4246 alium
1731 4201 1999 4246 sensum
2044 4180 2331 4267 torqueri

786 4312 896 4366 aut
946 4297 1357 4384 interpretari
1423 4318 1549 4362 non
1594 4309 1834 4383 posset,
1881 4309 1944 4363 ct
1986 4296 2182 4361 insert
2225 4317 2335 4362 ne·

785 4416 1154 4483 cessitatem
1199 4433 1530 4491 assensus,
1567 4413 1751 4479 salva
1786 4412 1939 4478 fide.

877 4531 971 4598 Ad
1041 4531 1163 4597 h'oc
1237 4541 1697 4616 argumentum
1753 4528 2146 4614 respondet:
2215 4531 2329 4594 Re-

781 4649 1094 4734 spondeO,
1169 4647 1402 4734 inquit,
1494 4645 1667 4732 quod
1737 4646 1859 4709 etsi
1908 4666 2040 4710 non
2120 4646 2328 4731 possit

782 4766 956 4831 illud
1023 4766 1363 4831 evidenter
1436 4765 1809 4829 necessario
1900 4761 2179 4847 probari
2243 4784 2326 4827 cx

780 4882 1074 4960 credi'tiS,
1112 4895 1233 4947 etc.
1290 4901 1525 4966 nempe
1566 4891 1757 4965 prout
1803 4878 2325 4944 determinantur

777 4999 840 5064 in
885 4982 1216 5085 Scriptura
1247 5009 1311 5063 et
1346 4996 1668 5074 PatribuS,
1715 4995 1865 5082 quia
1900 4995 1966 5060 in
1998 4994 2119 5061 hac
2151 4993 2321 5059 limi-

772 5114 1015 5180 tatione
1066 5126 1131 5179 et
1177 5112 1561 5199 proecisione
1618 5111 1909 5197 loquitur
1964 5130 2320 5197 argumen-

668 5223 673 5226 ’
773 5243 909 5296 tum
987 5230 1065 5295 (le
1132 5229 1417 5305 creditis,
1464 5249 1659 5314 quam
1737 5226 2193 5291 limitationem
2249 5226 2314 5290 in

775 5348 893 5412 hac
926 5346 1350 5432 responsione
1389 5364 1684 5422 servanS,
1722 5343 1990 5428 opponit
2038 5342 2135 5408 sic
2171 5365 2315 5408 cre·

775 5462 928 5542 dita,
966 5462 1044 5529 ad
1083 5462 1400 5528 creditum
1444 5482 1517 5527 ex
1557 5457 1933 5525 definitione
1991 5473 2054 5525 et
2099 5471 2315 5525 aucto·

780 5581 968 5646 ritate
1022 5579 1353 5646 Ecclesiae.

3823 127 4109 263 Ἦ

2039 416 2181 477 LlB.
2208 366 2308 476 lv.
2340 415 2935 480 SENTEN'PIARUM

2569 578 2666 640 Ex
2725 576 2961 662 quibus
3021 589 3197 661 patet
3235 597 3389 642 eum
3441 574 3732 641 absolute
3765 594 3880 638 non
3909 594 3996 639 ne-

2477 710 2635 775 gare
2679 690 2845 756 hanc
2879 691 3221 757 veritatem
3283 690 3605 757 contineri
3640 690 3698 754 in
3745 689 3998 775 Scriptu-

2478 825 2544 868 ra
2577 823 2639 871 et
2682 806 3004 883 PatribuS,
3040 805 3154 871 sed
3189 817 3390 892 negat
3440 825 3582 870 eam
3620 802 3920 869 contineri
3946 804 3996 868 in

2474 917 2737 984 creditis
2779 942 2858 985 ex
2901 919 3236 1006 Scriptura
3273 941 3424 986 cum
3458 919 3594 984 sola
3637 922 3879 984 Petrum
3915 919 3993 982 in·

2477 1034 2965 1119 terpretatione,
3004 1047 3314 1123 tanquam
3367 1035 3746 1102 necessario
3790 1046 3851 1100 et
3884 1033 3999 1099 evi-

2473 1148 2700 1216 denter
2741 1152 3100 1236 probatam,
3146 1168 3256 1219 aut
3308 1174 3426 1240 per
3476 1152 3851 1218 sententiam
3907 1172 3996 1217 ex·

2473 1265 2760 1351 plicitam
2822 1284 2885 1335 et
2955 1282 3297 1355 cogentem
3382 1269 3823 1355 propositum;
3883 1268 3997 1354 agit

2471 1382 2645 1448 enim
2695 1383 2775 1448 de
2822 1385 3091 1452 creditis
3165 1384 3721 1472 propositionibus
3749 1383 4001 1469 explici·

2473 1497 2578 1576 tis,
2634 1521 2782 1586 quae
2813 1516 2968 1568 sunt
3015 1503 3096 1569 de
3125 1504 3496 1569 substantia
3531 1501 3703 1578 fidei,
3745 1515 3828 1568 et·
3862 1500 4002 1566 infe·

2473 1627 2624 1680 runt
2655 1619 3106 1684 necessitatem
3141 1618 3347 1698 salva,
3396 1618 3548 1695 fide,
3571 1639 3887 1685 assensus.
3937 1619 4002 1690 [t

2469 1733 2811 1819 subJungit
2875 1734 3193 1801 contineri
3229 1732 3432 1823 [inter
3530 1737 3786 1817 credita,
3865 1760 4000 1824 quae

2469 1848 2756 1917 Ecclesia
2790 1851 3092 1937 proponit
3139 1865 3202 1918 et
3231 1852 3544 1936 declarat,
3585 1855 3765 1941 cujus
3798 1868 3999 1921 aucto-

2468 1964 2623 2031 ritas
2673 1967 2734 2033 in
2789 1969 2910 2034 hoc
2951 1969 3162 2054 potior
3190 1983 3291 2036 est
3326 1992 3522 2057 quam
3603 1975 3851 2037 Patrum
3903 1990 3996 2037 aut

2468 2087 2836 2164 Doctorum,
2899 2086 3050 2172 quia
3113 2086 3251 2172 ipsa
3314 2088 3512 2154 habet.
3578 2087 3992 2154 assistentiam

2465 2196 2745 2282 Spiritus
2778 2200 2982 2265 sancti
3015 2222 3096 2265 ex
3138 2202 3580 2286 promissione
3631 2202 3760 2279 Dei,
3794 2216 3870 2267 ut
3907 2222 3995 2267 er-

2466 2332 2609 2377 rare
2666 2335 2792 2379 non
2855 2316 3060 2400 possit
3126 2317 3191 2381 in
3233 2315 3361 2384 fide
3393 2332 3505 2384 aut
3551 2318 3859 2395 moribus,
3897 2334 3990 2382 aut

2467 2424 2896 2514 intelligentia
2934 2430 3314 2516 Scripturae.

2559 2542 2821 2623 Tamen,
2869 2546 3107 2632 inquit,
3155 2550 3462 2634 ponendi
3511 2550 3858 2614 necessitas
3913 2560 3990 2613 est

2464 2662 2622 2740 lioec,
2671 2664 2828 2748 quia
2869 2663 3166 2729 Ecclesia
3200 2668 3417 2751 ponit,
3464 2679 3525 2733 et
3570 2667 3989 2753 conymemioe

2459 2788 2634 2855 sunt,
2682 2780 2906 2864 quales
2958 2782 3154 2866 prius
3192 2782 3503 2849 adductae
3530 2795 3699 2859 sunt,
3744 2805 3864 2847 nec
3891 2804 3982 2846 va·

2464 2893 2549 2958 let
2579 2907 3042 2981 (tryumentum
3079 2900 3486 2983 neyativum,
3531 2901 3592 2964 si
3621 2920 3731 2964 nec
3747 2901 3981 2985 Diony·

2460 3010 2621 3087 sius,
2735 3034 2851 3077 nec
2927 3013 3417 3094 Damascenus,·
3502 3037 3653 3103 erqo
3725 3016 3971 3089 nullu-n

2458 3127 2714 3211 suflicit
2744 3130 2920 3195 enim
2980 3133 3354 3198 auctoritas
3437 3134 3760 3214 Ecclesiae,
3837 3135 3974 3219 quia

2457 3244 2864 3328 Aayustimis
2928 3246 3010 3311 de
3071 3249 3364 3313 moribus
3451 3249 3965 3320 Manichceomm,

2461 3360 2826 3447 Evanqelio
2891 3384 3024 3428 non
3111 3364 3475 3446 crederem,
3553 3368 3688 3431 nisi
3764 3366 3971 3431 crede-

2458 3495 2596 3541 rem
2655 3479 2983 3547 Ecclesiae.
3092 3483 3358 3548 Constat
3428 3503 3584 3568 ergo
3661 3504 3806 3549 eum
3876 3503 3960 3547 re·

2456 3594 2623 3660 serre
2657 3595 2824 3661 hanc
2853 3596 3193 3663 veritatem
3226 3598 3609 3684 simpliciter
3646 3599 3807 3665 inter
3845 3621 3965 3665 cre-

2453 3710 2607 3788 dita,
2668 3723 2732 3778 et
2790 3713 3040 3798 primus
3086 3713 3255 3780 inter
3326 3715 3749 3783 Scholasticos
3819 3717 3960 3781 hane

2452 3826 2906 3895 certitudinem
2976 3832 3119 3919 ejus
3178 3835 3486 3919 exposuit
3515 3834 3955 3920 etdogmatiza·

2451 3945 2569 4022 vit,
2616 3965 2810 4030 quam
2844 3960 3068 4033 postea
3108 3947 3413 4015 delinivit
3451 3950 3869 4017 Tridentinum
3897 3963 3952 4013 et

2453 4060 2895 4126 Florentinum
2928 4074 3155 4129 contra
3188 4067 3571 4133 Novatores.

2537 4179 2632 4242 Ex
2662 4178 2901 4265 quibus
2948 4179 3317 4246 excluditur
3373 4181 3718 4268 populariS,
3749 4195 3809 4248 et
3840 4201 3946 4245 non
4041 4197 4084 4242 εξ»,

2449 4292 2713 4360 fundata
2743 4295 3193 4384 interpretatio
3226 4299 3571 4366 sententiae
3599 4301 3755 4387 ejuS,
3782 4318 3942 4385 quam

2446 4409 2756 4477 adhibent
2807 4413 3125 4494 moderni,
3170 4427 3234 4481 et
3267 4437 3420 4503 quae
3468 4439 3549 4482 ex
3592 4416 3753 4483 nulla
3801 4415 3939 4481 elau·

2446 4527 2587 4592 sula
2619 4529 2821 4595 totius
2872 4529 3216 4598 discursus
3276 4547 3342 4598 et
3396 4533 3766 4621 quaestionis
3801 4552 3936 4618 prae·

2443 4643 2648 4710 sentis
2681 4644 2904 4711 haberi
2947 4660 3181 4733 potest,
3267 4649 3422 4737 quia
3452 4664 3513 4718 et
3577 4663 3928 4737 argumenta,

2442 4757 2508 4823 in
2544 4759 2830 4826 savorem
2865 4762 3207 4830 sententiae
3239 4765 3624 4834 Parisiensis
3661 4766 3828 4842 facta,
3854 4783 3931 4828 as·

2440 4875 2795 4943 sertionem
2838 4879 3131 4946 Doctoris
3180 4902 3310 4947 non
3351 4883 3700 4963 continent,
3757 4899 3926 4966 neque

2437 4989 2523 5057 ita
2566 4991 2841 5060 formata
2872 5009 3028 5062 sunt
3068 4997 3134 5061 in
3165 5019 3240 5064 ea
3273 5000 3709 5084 generalitate,
3739 5013 3924 5064 etmo-

2434 5106 2515 5172 do
2599 5108 2881 5189 dicendi,
2947 5124 3016 5176 ut
3086 5112 3406 5182 inferrent
3446 5117 3840 5182 characterem
3867 5111 3918 5173 in

2432 5225 2763 5312 Scriptura
2833 5241 2895 5294 et
2953 5231 3255 5298 Patribus
3321 5254 3449 5297 non
3482 5231 3788 5306 contineri,
3824 5223 3916 5292 sed

2430 5361 2577 5407 cum
2612 5363 2686 5409 ea
2717 5343 3126 5425 limitatione,
3200 5369 3398 5434 quam
3442 5348 3735 5438 adjunxit,
3773 5364 3911 5410 nem·

2429 5478 2508 5543 pe
2540 5470 2610 5524 ut
2660 5461 3001 5528 veritatem
3064 5464 3443 5550 explicitam
3511 5467 3586 5533 de
3613 5458 3906 5533 substantia

2426 5574 2598 5656 fidei,
2646 5576 2749 5643 vel
2793 5580 3162 5646 necessario
3225 5594 3289 5648 et
3365 5583 3686 5652 evidenter
3709 5600 3775 5647 ex
3807 5573 3898 5641 tali
