4255 6375
729 310 843 371 126

823 474 973 543 Non
1011 479 1320 565 conqruit
1367 488 1604 558 autem,
1647 477 1862 566 inquit
1899 481 2157 556 Onetor,
2203 488 2273 543 ut

731 594 1238 660 Sacramentum
1271 605 1432 660 essct
1461 597 1725 681 siquam
1776 606 2025 660 certum
2053 598 2275 682 primo

728 711 940 791 mode,
987 711 1140 799 quia
1171 732 1408 798 nempe
1439 713 1590 779 talis
1616 711 1939 778 certitudo
1971 713 2275 780 exclude-

726 838 826 893 ret
876 826 942 893 in
986 827 1387 915 suscipiente
1424 828 1707 895 debitam
1741 828 2270 914 dispositionem,

722 943 894 1031 quod
932 964 1058 1008 non
1108 945 1409 1030 congruit
1439 945 1585 1010 aliis
1629 945 1875 1031 regulis
1941 945 2273 1031 generali-

720 1060 841 1125 bus
881 1059 1126 1125 divinae
1160 1059 1614 1145 providentiae,
1680 1080 1806 1147 qua
1858 1060 2051 1124 homo
2101 1060 2274 1125 ordi-

722 1187 911 1241 natur
969 1174 1033 1239 in
1102 1194 1294 1240 suum
1351 1172 1546 1241 finem
1618 1178 1942 1245 mediante
2019 1180 2166 1267 lege
2213 1189 2278 1246 et

720 1289 1149 1377 dispositione
1181 1294 1278 1359 sui
1332 1316 1446 1381 per
1494 1296 1875 1362 exercitium
1928 1295 2268 1378 libertatiS,

717 1409 1126 1474 retractando
1168 1423 1530 1497 peccatum,
1589 1424 1658 1477 ut
1689 1412 1904 1489 debet,
1964 1426 2026 1479 et
2066 1434 2268 1499 expe-

719 1524 837 1604 dit,
876 1526 1169 1592 faciendo
1201 1528 1546 1608 bonum,et
1578 1528 1970 1595 declinando
2003 1551 2038 1595 a
2072 1529 2267 1612 malm

720 1651 783 1706 et
813 1641 1144 1728 operando
1184 1665 1372 1711 suam
1424 1645 1701 1713 salutem
1743 1667 1893 1713 cum
1936 1646 2169 1712 timore
2208 1659 2272 1713 et

726 1768 1035 1827 tremore.

821 1876 1150 1962 Conyrm't
1183 1878 1413 1962 iyilur,
1456 1877 1693 1965 inquit,
1741 1890 1811 1944 uc
1880 1882 2146 1967 signum
2187 1883 2274 1946 sil

721 2002 1075 2069 ccv-tumme
1116 1993 1184 2057 in
1224 1993 1557 2078 pluribus,
1597 1993 1672 2058 id
1701 2006 1814 2073 est,
1835 2015 2118 2081 semper,
2170 1996 2272 2061 ni-

718 2109 781 2170 si
814 2107 1247 2193 indispositio
1278 2109 1704 2194 suscipientis
1734 2111 2085 2197 impediat,
2142 2121 2266 2177 etc.

725 2222 1001 2288 Tollitur
1031 2222 1380 2301 calumnia,
1421 2246 1569 2312 quae
1603 2225 1920 2312 praetendi
1948 2239 2190 2313 posset,
2214 2227 2267 2293 si

720 2336 988 2404 effectus
1029 2337 1093 2402 in
1114 2338 1236 2404 hoc
1257 2339 1360 2403 vel
1386 2339 1491 2405 illo
1517 2358 1931 2426 separaretur
1956 2363 2035 2408 ex
2059 2340 2267 2410 inesti-

718 2453 1038 2533 cacia,aut
1066 2453 1458 2522 inefficentia
1477 2478 1694 2524 causae
1716 2471 2033 2546 quantum
2059 2471 2160 2526 est
2187 2480 2268 2526 ex

719 2571 976 2659 se‚quia
1019 2572 1084 2637 in
1127 2574 1460 2661 proposito
1494 2577 1730 2642 nonita
1754 2577 2267 2665 contingit‚quia

721 2693 1210 2757 Sacramentum
1272 2691 1351 2758 de
1410 2713 1482 2758 se
1530 2714 1791 2780 semper
1855 2705 1957 2760 est
2003 2692 2260 2773 efficax,

717 2814 833 2880 sed
865 2830 1205 2903 separatur
1235 2819 1314 2884 ab
1345 2819 1577 2886 effectu
1619 2824 1830 2893 solum
1875 2832 1954 2878 θ’(
2001 2814 2266 2897 privati-

718 2954 844 3002 one
907 2936 1185 3025 alicujus
1260 2942 1610 3011 extrinseci
1673 2966 1787 3031 per
1854 2967 1924 3012 se
1969 2942 2264 3033 requisiti

718 3072 834 3138 per
883 3053 1162 3122 modum'
1188 3056 1661 3145 dispositionis,
1702 3073 1815 3128 aut
1844 3075 2020 3128 certe
2058 3058 2263 3149 appli-

712 3165 987 3235 cationis
1028 3171 1268 3239 debitae
1310 3173 1388 3240 ad
1423 3175 1830 3264 subjectum:
1880 3187 2259 3270 utrumque,

716 3283 1165 3370 impedimenti
1234 3290 1523 3370 nomine,
1577 3293 1904 3377 expressit
2001 3296 2257 3375 Doctor,

715 3400 885 3486 quod
948 3402 1193 3469 sufficit
1249 3404 1326 3469 ad
1371 3405 1698 3473 intentum
1761 3408 1939 3494 ejus;
2015 3408 2264 3497 reliqua

715 3509 934 3574 omnia
987 3511 1128 3579 suis
1168 3509 1328 3578 locis
1358 3513 1650 3600 exponit,
1698 3525 1769 3579 ut
1798 3514 2159 3581 videbitur.

1283 3769 1692 3827 SCHOLIUM.

784 3946 976 4003 Aliud
1025 3960 1159 4003 esse
1198 3948 1454 4018 signum
1506 3949 1853 4019 practicam
1903 3949 2260 4017 instituere,

708 4036 905 4104 aliud,
939 4037 1100 4094 illud
1131 4043 1374 4094 certum
1407 4039 1634 4094 faeere.
1673 4041 1863 4093 Homo
1893 4043 2100 4109 posset
2130 4039 2265 4096 ins-

706 4124 942 4180 tituere
996 4126 1248 4195 signum
1298 4125 1646 4196 practicam
1689 4126 1931 4194 gratiae,
1981 4125 2089 4182 sed
2139 4141 2262 4183 non

706 4220 912 4286 posset
943 4215 1106 4272 illud
1141 4218 1350 4273 facere
1382 4219 1645 4285 certum,
1698 4231 1810 4272 neo
1857 4222 2062 4291 posset
2103 4220 2263 4274 Deus

703 4304 761 4360 ei
800 4305 989 4362 talem
1023 4306 1483 4362 institutionem
1519 4307 1781 4376 positive
1844 4307 2259 4375 committere,

703 4395 824 4450 nisi
865 4408 932 4451 se
979 4397 1365 4468 astringeret
1414 4396 1490 4453 ad
1540 4395 1918 4452 causandam
1971 4397 2260 4467 gratiam.

705 4481 816 4537 Ηῑο
859 4481 1110 4540 videtur
1144 4487 1360 4542 Doctor
1402 4485 1611 4542 dicere
1661 4488 2024 4557 potestatem
2075 4485 2263 4540 insti-

704 4569 923 4627 tuendi
975 4571 1367 4629 Sacramenta
1431 4588 1550 4630 non
1582 4587 1759 4644 posse
1806 4569 2259 4629 communicari

707 4659 1221 4731 creaturae,‘qnod
1247 4663 1461 4715 tenent
1484 4664 1629 4716 Dur.
1663 4660 2007 4730 4.d.2.q.1.
2042 4665 2087 4713 et
2122 4660 2256 4714 διώ.

709 4748 813 4805 hie
850 4751 1071 4818 quaest.
1105 4752 1157 4802 2.
1193 4750 1253 4805 Si
1304 4750 1472 4804 enim
1507 4751 1665 4804 Deus
1702 4749 2155 4804 determinaret
2197 4762 2261 4803 se

708 4839 1087 4908 generaliter
1115 4837 1193 4895 ad
1223 4838 1644 4895 assistendum
1678 4840 1856 4907 signo
1886 4852 2000 4908 per
2031 4852 2130 4893 me
2160 4839 2263 4894 in-

705 4929 1019 4986 stituendo
1048 4929 1127 4987 ad
1158 4929 1539 4986 causandam
1590 4930 1880 5000 gratiam,
1913 4932 1975 4984 et
2004 4942 2119 4998 ego
2160 4928 2262 4983 in-

705 5020 1026 5077 stituerem
1067 5022 1323 5092 signum
1368 5018 1644 5090 aliquod,
1693 5018 1896 5076 adhuc
1946 5018 2261 5074 institutio

706 5126 828 5168 non
859 5116 1022 5169 esset
1050 5128 1083 5170 a
1119 5127 1238 5178 me,
1284 5116 1350 5170 ut
1378 5112 1461 5169 sit
1490 5111 1712 5167 efficax
1757 5112 1816 5165 et
1870 5108 2256 5173 infallibilis,

707 5210 815 5268 sed
854 5227 889 5268 a
919 5212 1205 5283 generali
1257 5212 1367 5268 Dei
1406 5212 1750 5276 voluntate,
1783 5213 1844 5264 et
1889 5223 2004 5278 ego
2053 5223 2258 5265 essem

707 5325 913 5383 praeco
942 5312 1042 5368 vel
1064 5310 1512 5383 promulgator.
1540 5309 1657 5366 Sed
1684 5324 1803 5365 non
1835 5311 2098 5380 apparet
2127 5323 2260 5364 cer-

708 5419 772 5470 to
803 5414 1120 5471 Doctorem
1171 5411 1287 5469 hoc
1332 5414 1630 5478 tenuisse,
1691 5410 1840 5482 quia
1872 5423 1989 5464 non
2021 5412 2114 5464 est
2145 5407 2249 5463 hio

708 5513 944 5582 clarae,
977 5526 1182 5584 neque
1212 5509 1316 5566 hie
1345 5511 1533 5569 estin
1565 5524 1635 5566 re
1665 5507 2115 5574 controversia,
2148 5503 2258 5562 sed

1881 314 2024 376 ΗΒ.
2063 315 2168 377 tv.
2199 313 2800 381 SENTENTIARUM

2388 476 2457 533 in
2490 492 2664 544 voce,
2698 477 2848 549 quia
2881 479 3183 550 negantes
3212 479 3583 551 potestatem
3614 478 3942 535 instituen-

2393 574 2452 631 di
2498 578 2975 635 Sacramentum
3011 593 3131 635 non
3155 594 3331 650 posse
3353 578 3821 645 communicari,
3837 580 3942 633 in-

2391 672 2687 743 telligunt
2743 688 2857 744 per
2886 675 3068 742 hanc,
3113 679 3483 746 potestatem
3524 673 3942 746 independen-

2389 775 2513 826 tem
2574 770 2651 826 ab
2688 772 2813 827 alio
2843 771 3046 844 quoad
3066 774 3517 830 executionem.

2478 941 2594 1012 De
2636 943 2983 1014 seeundo
3037 942 3135 1031 (b)
3185 942 3385 1026 dicO,
3444 942 3653 1034 quod
3697 941 3934 1015 aliun·
4056 965 4089 1010 t

2390 1055 2480 1126 de
2533 1056 2858 1147 signum
2912 1058 3364 1151 practicum
3421 1058 3685 1139 habet,
3741 1060 3933 1151 quod

2392 1170 2795 1260 significet
2886 1174 3249 1265 practice
3336 1173 3779 1266 signatum,
3857 1178 3936 1247 et

2389 1286 2707 1360 aliunde
2760 1290 2961 1381 quod
3042 1291 3145 1363 sit
3210 1294 3526 1363 certum
3592 1290 3931 1381 signum,

2390 1405 2593 1493 quod
2631 1409 2877 1498 patet,
2909 1407 3095 1498 quia
3130 1407 3517 1501 possibile
3547 1413 3674 1480 est
3709 1427 3939 1498 quan·

2385 1519 2643 1612 doque
2722 1521 3075 1613 aliquem
3154 1542 3313 1595 non
3379 1543 3763 1595 veracem
3825 1521 3940 1594 uti

2390 1635 2529 1709 illo
2564 1638 2821 1730 sign0,
2874 1639 3416 1731 signationem
3459 1638 3678 1711 enim
3712 1637 3943 1711 habet

2387 1773 2487 1825 ex
2540 1753 3103 1833 institutione:
3168 1758 3300 1829 sed
3353 1756 3558 1848 quod
3615 1756 3724 1827 sit
3785 1776 3941 1828 cer-

2383 1873 2584 1951 tum,
2631 1891 2792 1943 non
2844 1872 3082 1946 habet
3131 1872 3421 1945 nisiex
3460 1871 3937 1946 determina-

2386 1987 2606 2061 tione
2676 1988 3026 2083 alieujus
3097 2009 3363 2062 causae
3420 1989 3939 2081 cooperantis

2386 2103 2506 2175 illi
2551 2104 2807 2197 signo,
2863 2106 2957 2180 ad
3006 2107 3498 2179 causandum
3544 2105 3939 2196 significa-

2386 2222 2585 2293 tum.
2657 2220 2904 2294 Verbi
2974 2222 3273 2312 gratia,
3349 2221 3417 2293 si
3495 2221 3595 2292 ab
3668 2220 3936 2312 aliquo

2385 2336 2860 2429 legislatore
2928 2338 3418 2411 instituatur
3495 2337 3579 2408 in
3652 2337 3937 2429 politia

2386 2474 2533 2526 sua
2580 2474 2723 2546 pro
2760 2454 2994 2546 signo
3032 2454 3278 2547 pacis,
3316 2458 3585 2528 tactus
3623 2474 3933 2532 manue.

2383 2571 2514 2641 vel
2553 2569 3041 2664 hujusmodi,
3087 2575 3168 2645 et
3220 2570 3288 2643 si
3340 2591 3439 2643 ex
3479 2571 3643 2643 ista.
3697 2569 3941 2662 impo-

2385 2692 2685 2765 sitione
2744 2689 2982 2763 habet
3043 2691 3258 2764 istud
3325 2690 3678 2781 signum,
3736 2688 3937 2781 quod

2385 2806 2748 2899 practice
2800 2791 3203 2898 significet
3274 2825 3600 2898 pacem3
3667 2809 3936 2878 tamen

2383 2923 2450 2994 si
2494 2922 2703 2995 alius
2753 2943 2915 2995 non
2965 2942 3221 2995 verax
3294 2925 3565 3014 potest
3608 2920 3733 2994 uti
3783 2919 3935 2992 isto

2384 3040 2649 3131 signo,
2703 3039 2918 3112 istud
2982 3040 3303 3130 signum
3364 3059 3525 3110 non
3582 3041 3712 3111 est
3771 3055 3942 3110 cer-

2383 3160 2557 3231 tum
2628 3177 2727 3229 ex
2804 3155 3332 3248 impositione
3400 3155 3930 3247 legislatoris

2384 3275 2516 3346 sed
2561 3278 2930 3346 remanet
2990 3272 3526 3364 aequivocum,
3592 3272 3938 3362 quando-

2382 3411 2535 3483 que
2578 3389 2893 3463 scilioet
2944 3408 3255 3473 verum,
3326 3389 3640 3480 quando
3700 3388 3936 3462 habet

2380 3506 2946 3580 concomitans
2981 3506 3419 3598 signatum,
3467 3505 3935 3598 quandoque

2380 3624 2707 3696 falsum.
2791 3623 3080 3695 Falsus
3142 3621 3358 3694 enim
3434 3622 3705 3695 utitur
3780 3621 3930 3693 isto

2378 3739 2616 3829 signo
2659 3738 2832 3811 sine
2894 3738 3241 3830 signato,
3303 3737 3509 3810 sicut
3564 3742 3933 3811 uteretur

2378 3854 2608 3946 signo
2632 3854 3136 3948 speculativo
3170 3853 3756 3926 benevolentiae
3776 3853 3936 3925 sine

2376 3970 2733 4061 signato,
2800 3970 3157 4053 dicendo,
3232 3970 3579 4042 concedo
3637 3969 3788 4043 tibi
3835 3970 3933 4043 di-

2379 4086 2811 4160 lectionem
2848 4107 3136 4169 meam,
3173 4085 3476 4158 habens
3509 4086 3758 4174 aliud,
3795 4087 3933 4160 sci·

2377 4203 2566 4275 licet
2604 4203 3070 4295 oppositum
3116 4201 3193 4273 in
3239 4205 3530 4275 mente.

2468 4320 2580 4392 Ad
2651 4320 3192 4412 propositum,
3315 4322 3929 4394 Sacramentum
4055 4321 4086 4367 5·

2376 4441 2455 4509 et
2491 4437 2852 4529 practice
2888 4437 3293 4528 signifieat
3324 4434 3713 4509 effectum
3760 4457 3928 4530 pra·

2374 4553 2676 4627 ctioum
2736 4553 3064 4626 causari
3116 4554 3195 4624 in
3242 4552 3384 4625 illo
3438 4552 3571 4625 cui
3619 4552 3929 4626 adhibe-

2375 4673 2535 4751 tur,
2590 4672 2670 4742 et
2704 4668 2818 4741 sio
2855 4669 3147 4761 signat.
3201 4669 3407 4760 quod
3447 4673 3572 4743 est
3606 4670 3925 4759 signum

2373 4790 2690 4860 certum
2750 4790 2840 4860 ut
2901 4785 2979 4857 in
3024 4784 3416 4877 pluribus,
3475 4786 3646 4857 sive
3703 4804 3928 4878 regu·
3964 4815 4140 4892 Am&

2375 4902 2694 4982 lariter‚
2736 4905 3126 4994 quantum
3166 4903 3289 4973 est
3324 4921 3413 4972 ex
3448 4904 3683 4992 parte
3723 4902 3919 4994 ejus.
3965 4895 4140 5010 ,nssfi‘ssssffi

2378 5022 2777 5102 Quantum
2856 5023 3128 5093 autem
3190 5018 3282 5089 ad
3352 5018 3917 5109 signationem,
3969 5024 4130 5133 2533

2375 5136 2758 5229 possibile
2820 5140 3036 5209 esset
3097 5135 3299 5227 quod
3353 5104 4116 5211 instituereturpgestffl

2378 5254 2477 5324 ab
2514 5252 2785 5345 aliqua
2821 5256 3234 5333 creatura,
3281 5250 3470 5342 quia
3504 5251 3721 5326 sicut
3765 5273 3931 5345 pos·

2371 5374 2490 5443 set
2533 5371 2778 5442 homo
2823 5370 3243 5462 imponere
3276 5368 3600 5460 signum
3657 5389 3927 5461 specu·

2367 5487 2710 5561 lativum
2750 5484 3093 5570 effeetus
3150 5485 3324 5571 Dei,
3389 5488 3476 5559 ut
3551 5490 3781 5578 patet
3837 5487 3917 5558 de
