4255 6375
845 389 967 455 306
1988 381 2136 447 LIB.
2166 380 2270 445 lV.
2304 374 2903 445 san‘rEN'riARUM

525 559 774 673 ssffiffiiss'
842 577 1049 621 cram.
1091 563 1270 640 part.
1315 555 1380 618 6.
1432 574 1494 617 c.
1545 554 1610 617 2.
1658 548 1767 636 qui
1808 548 1952 615 sine
1996 544 2387 612 limitatione

550 656 789 748 Magius
842 670 1226 757 loquuntur,
1278 680 1341 733 et
1387 662 1788 752 probabilem
1836 682 1982 728 esse
2040 660 2228 726 docet
2268 660 2379 724 Le-

515 750 787 862 ιὲιὲἷιῗιᾎ.
843 790 1067 857 desma
1115 793 1179 854 4.
1230 791 1289 853 1.
1332 796 1510 872 part.
1571 780 1796 870 quoest.
1843 785 1878 847 7
1951 789 2081 854 art,
2139 780 2204 844 6.
2240 779 2348 843 Cae

843 921 1053 973 terum
1131 924 1361 970 omnes
1444 898 1847 966 conveniunt
1908 896 1974 962 in
2041 915 2144 975 e0‚
2213 891 2382 980 quod

546 1079 786 1129 Probatio
843 1022 1048 1089 forma
1090 1016 1393 1086 fuerit’in
1436 1037 1585 1082 usu.
1650 1013 1963 1080 Probatur
1992 1022 2212 1078 autem
2263 1010 2388 1075 hoc

499 1142 802 1256 εῐῖῐῖῑθῐέὃὲξ·
844 1161 922 1205 ex
995 1143 1133 1205 Act.
1209 1140 1273 1202 Ξ.
1341 1133 1730 1220 baptizetur
1795 1129 2240 1215 unusquisque
2288 1146 2395 1190 ve-

775 1248 789 1263 ⁶
842 1264 1055 1319 strum
1095 1253 1168 1315 in
1199 1253 1468 1316 nomine
1503 1244 1988 1333 IequChristi,
2052 1245 2123 1308 in
2159 1242 2390 1308 remis·

843 1371 1096 1435 sionem
1133 1376 1591 1453 peccatorum,·
1633 1377 1697 1429 et
1734 1382 1876 1448 cap.
1928 1365 1990 1425 8.
2039 1357 2390 1445 Baptizati

845 1496 1103 1552 tantum
1132 1494 1324 1549 erant
1354 1483 1426 1547 in
1455 1482 1724 1546 nomine
1755 1478 2028 1542 Domini
2057 1476 2230 1544 lesu.
2258 1482 2384 1537 etc.

842 1613 908 1667 et
945 1621 1088 1687 cap.
1137 1602 1241 1664 19.
1250 1599 1277 1687 j
1308 1600 1424 1663 His
1452 1597 1706 1662 auditis
1744 1590 2260 1680 baptizatijsunt
2314 1589 2389 1653 in

841 1718 1114 1784 nomine
1148 1714 1419 1779 Domini
1475 1714 1649 1778 lesu.

613 1848 693 1899 48.
743 1912 755 1923 ⁸
935 1832 1348 1920 Respondent
1387 1827 1585 1914 aliqui
1630 1824 1865 1914 prim0,
1912 1824 2035 1889 hoc
2075 1821 2244 1887 idem
2285 1841 2386 1886 es-

510 1909 813 1976 R⁶⁸p⁰⁰⁵¹⁰’
845 1972 917 2017 se
965 1949 1031 2014 in
1092 1949 1354 2014 nomine
1403 1942 1658 2011 Domini
1706 1946 1881 2017 Jesu,
1937 1938 2107 2026 quod
2163 1937 2225 2002 in
2277 1958 2386 2002 au-

843 2066 1140 2133 ctoritate
1186 2076 1250 2129 et
1290 2070 1610 2148 potestate
1645 2061 1797 2125 Iesu
1837 2054 2102 2133 Christi,
2161 2052 2224 2117 id
2255 2064 2378 2131 est,

844 2184 1198 2271 Baptism0‚
1272 2199 1464 2267 quem
1516 2175 1800 2243 instituit
1865 2173 2198 2250 Christus;
2256 2191 2384 2259 qua

845 2302 1096 2369 ratione
1153 2295 1452 2364 distinxit
1494 2299 1694 2360 Lucas
1744 2290 1830 2357 ibi
1885 2290 2008 2356 hoc
2075 2286 2383 2375 loquendi
2484 2283 2760 2370 junctiS,
2819 2297 2889 2351 ut
2921 2297 3094 2371 patet
3142 2284 3407 2362 exiliis,
3444 2285 3521 2350 in
3580 2286 3964 2350 remissionem

846 2419 1060 2497 modo,
1133 2415 1534 2503 Baptismum
1611 2408 1873 2487 Christi,
1945 2427 1979 2473 a
2050 2404 2380 2490 Baptismo

842 2536 1143 2612 Joannis3
1192 2533 1278 2598 ita
1319 2535 1512 2597 Sotus
1577 2540 1642 2594 et
1680 2531 1924 2593 CanuS.
1971 2525 2048 2588 Et
2091 2521 2375 2608 primurn

843 2655 1231 2724 confirmant
1286 2648 1465 2715 varis
1533 2643 1926 2712 testimoniis
1995 2641 2377 2726 Scripturas,

843 2772 1038 2839 Marci
1099 2769 1327 2837 ultimo
1366 2788 1379 2831 :
1418 2765 1496 2830 In
1533 2762 1805 2828 nomine
1853 2779 1996 2824 meo
2041 2757 2377 2822 doemonia

546 2906 794 2969 Rejicitur
846 2888 1137 2977 ejicient,
1214 2885 1360 2948 etc.'
1419 2883 1671 2954 Contra,
1725 2876 1848 2941 hoc
1926 2872 2117 2939 modo
2184 2870 2378 2936 etiam

527 2969 755 3083 “siffii
759 2984 790 3019 ⁰
844 3003 969 3070 dici
1003 3010 1222 3088 posset
1270 2995 1439 3085 quod
1509 2991 1794 3060 Matthaei
1830 2990 2082 3067 ultimO,
2132 2987 2239 3052 ubi
2282 2996 2383 3050 est

521 3094 786 3159 ¹⁰q¹¹⁹¹¹di·
842 3117 1079 3186 similis
1110 3117 1315 3183 forma
1344 3109 1675 3200 loquendi,
1713 3119 1775 3173 et
1807 3109 2028 3172 Patres
2060 3104 2379 3190 interpre-

842 3248 1062 3303 tantur
1092 3233 1228 3300 dari
1270 3230 1544 3296 formam
1588 3222 1994 3311 baptizandi3
2051 3219 2379 3305 intellige-

844 3364 1021 3419 retur
1061 3350 1255 3415 etiam
1303 3343 1652 3412 auctoritas
1692 3338 2061 3427 baptizandi
2121 3357 2382 3403 conces-

840 3491 908 3537 sa
944 3464 1272 3555 Apostolis
1320 3483 1435 3549 per
1466 3457 1939 3526 institutionem
1974 3451 2379 3522 Sacramenti

837 3587 1026 3674 cujus
1070 3580 1503 3649 ministerium
1536 3575 1698 3662 ipsis
1738 3573 2039 3641 collatum
2091 3578 2211 3649 est,
2251 3588 2378 3634 non

840 3713 1056 3769 autem
1125 3698 1331 3763 forma
1390 3692 1864 3779 intefligeretur
1895 3685 2309 3775 jbaptizandi
2359 3707 2374 3762 ;

839 3837 997 3906 ergo
1037 3811 1388 3901 spectando
1430 3807 1704 3897 praecise
1748 3804 2011 3871 modum
2063 3801 2375 3889 loquendi

836 3931 1216 4017 Scripturas,
1257 3948 1385 3994 non
1433 3923 1765 4008 colligitur
1825 3919 2034 4007 magis
2080 3938 2162 3984 ex
2212 3937 2379 4002 prae-

835 4061 1024 4137 cepto
1070 4042 1436 4132 baptizandi
1468 4043 1540 4106 in
1581 4040 1849 4105 nomine
1889 4036 2114 4101 Patris
2153 4039 2216 4099 et
2262 4035 2377 4099 Fi-

838 4170 919 4235 lii
951 4177 1009 4232 et
1072 4164 1374 4251 Spiritus
1409 4160 1646 4237 sancti,
1706 4156 1983 4222 formam
2031 4152 2195 4220 tradi
2260 4152 2376 4216 ba-

838 4281 1144 4371 ptizandi,
1208 4297 1401 4365 quam
1453 4295 1535 4341 ex
1606 4266 2186 4358 modojloquendi,
2241 4286 2370 4352 quo

834 4419 994 4467 usus
1025 4397 1170 4483 ejus
1199 4407 1264 4460 et
1320 4388 1705 4458 exercitium
1740 4387 2106 4454 declaratur
2165 4382 2377 4449 factus

835 4520 912 4584 in
938 4515 1209 4582 nomine
1236 4509 1510 4575 Domini
1539 4509 1713 4582 Iesu,
1741 4503 2058 4572 declarari
2095 4502 2371 4568 formam

835 4634 901 4700 in
942 4650 1070 4721 qua
1106 4625 1398 4715 Apostoli
1446 4637 1508 4691 et
1555 4620 1860 4708 discipuli
1913 4619 2377 4686 ministrarunt

837 4747 1274 4835 Baptismum.

599 4867 715 4918 Alia
920 4862 1045 4930 Alii
1098 4859 1494 4948 respondent
1537 4877 1621 4923 ex
1658 4867 1843 4922 textu
1885 4855 2112 4919 Graeco
2152 4848 2373 4936 colligi

493 4944 780 5059 G‘issssssffiz
829 4982 1167 5049 diversum
1214 4976 1476 5042 modum
1537 4969 1868 5059 loquendi,
1905 4968 2055 5056 quia
2085 4963 2372 5033 Matthaei

597 5061 707 5109 ω’
833 5101 1062 5167 ultimo
1093 5096 1369 5162 habetur
1399 5099 1482 5172 ὲίς
1514 5097 1720 5173 ὄνομα,
1761 5088 1820 5154 id
1844 5099 1969 5167 est,
1996 5087 2069 5150 in
2091 5105 2370 5164 nomen,-

832 5219 974 5283 Act.
1021 5233 1178 5280 vero
1224 5207 1511 5277 secundo
1553 5205 1828 5272 habetur
1857 5211 1949 5270 ἐπι
1978 5208 2061 5288 τῴ
2104 5204 2367 5285 ὀνόματι,

832 5342 895 5408 id
935 5353 1056 5420 est,
1111 5339 1179 5403 in
1232 5337 1499 5402 nomine
1554 5335 1813 5413 Contra,
1868 5330 1990 5396 hoc
2034 5325 2193 5392 nihil
2244 5336 2366 5405 est,

829 5471 901 5524 ut
961 5457 1124 5523 bene
1189 5452 1472 5519 advertit
1547 5448 1738 5515 etiam
1806 5448 2124 5533 Vasquez,
2216 5442 2370 5531 quia
2480 5454 2652 5510 rum,
2699 5445 2819 5498 eto.
2881 5431 3031 5498 facit
3100 5433 3277 5499 hunc
3340 5454 3608 5501 sensum
3660 5435 3767 5520 (ex
3815 5423 3942 5511 stylo

832 5572 1231 5670 aequivalent
1269 5569 1413 5635 haec
1439 5565 1637 5634 etiam
1671 5562 1844 5652 apud
1883 5563 2167 5644 GraecOS,
2212 5579 2373 5648 quo-

2507 545 2677 609 niam
2708 546 2852 610 Act.
2895 545 2959 608 8.
2995 552 3058 607 et
3088 545 3197 609 19.
3252 539 3532 607 habetur
3578 546 3662 618 ὲίς
3710 539 3945 621 ,ἐκμιμεῖ-

2501 674 2610 725 cut
2640 670 2703 725 et
2732 658 3018 724 Matthaei
3053 657 3320 733 ultimo;
3367 675 3581 741 neque
3624 652 3854 723 dubium
3883 666 3947 718 est

2503 765 2673 832 idern
2720 765 2846 832 dici
2904 778 3100 852 atque
3160 763 3438 850 intelligi
3492 764 3637 828 Act.
3685 767 3743 828 Ξ.
3786 772 3835 825 et
3878 764 3948 825 ¹0.

2501 886 2613 952 ubi
2671 887 3064 974 exprimitur
3116 888 3191 953 in
3253 886 3547 964 nomine,
3603 897 3666 950 et
3710 886 3767 949 8.
3803 896 3853 948 et
3881 884 3951 947 19.

2501 1002 2612 1068 ubi
2646 1001 2882 1068 dicitur
2920 1003 2996 1068 in
3024 1023 3285 1081 nomen,
3333 1000 3614 1088 ideoque
3642 998 3836 1065 eodem
3864 1018 3958 1062 mo-

2500 1117 2582 1184 do
2621 1118 2817 1184 vertit
2852 1118 3115 1185 Latinus
3147 1119 3472 1203 interpres
3507 1130 3849 1203 utrumque,
3875 1115 3956 1180 sic·

2504 1245 2575 1301 ut
2616 1246 2681 1300 et
2729 1234 3016 1300 Matthaei
3060 1233 3290 1300 ultimo
3330 1231 3488 1299 dicit
3530 1235 3606 1298 in
3649 1232 3890 1308 nomine,
3913 1246 3955 1296 et

2502 1370 2630 1415 non
2671 1352 2746 1415 in
2800 1372 3064 1432 nomen,
3128 1361 3193 1416 et
3246 1349 3421 1417 utin
3468 1349 3811 1437 praemissis
3849 1346 3961 1413 dixi-

2500 1489 2645 1534 mus
2679 1468 2951 1554 perinde
2999 1468 3405 1554 significant.

2587 1586 2769 1661 Quod
2803 1585 3092 1653 ser-undo
3123 1585 3263 1652 loco
3305 1585 3592 1664 additur,
3652 1605 3771 1649 non
3815 1581 3963 1648 subsi-
4001 1656 4009 1664 ⁸

2498 1701 2635 1779 stit,
2695 1702 2846 1790 quia
2910 1702 3235 1788 Baptisma
3310 1702 3582 1768 loannis
3664 1654 4017 1768 mfioeciaets'

2497 1816 2705 1885 forma
2749 1817 3282 1906 distinguebatur
3317 1839 3352 1884 a
3386 1818 3719 1905 Baptismo
3752 1816 3956 1884 Christi.

2494 1937 2802 2001 Actorum
2833 1947 3051 2002 autern
3081 1939 3145 2001 2.
3192 1937 3351 2000 satis
3408 1934 3770 2000 declaratur
3804 1933 3956 2020 Bapti-

2495 2070 2635 2116 sma
2665 2050 2903 2117 Christi
2935 2050 3089 2117 dare
3121 2050 3580 2117 remissionem
3615 2064 3955 2136 peccatorum

2495 2181 2560 2232 et
2595 2166 2908 2253 Spiritum
2947 2180 3271 2245 sanctum,
3316 2187 3399 2234 ex
3439 2167 3593 2233 aliis
3645 2167 3842 2232 verbis
3887 2164 3966 2232 ad-

2489 2413 2906 2487 peceatorum
2971 2412 3335 2468 vestrorum
3396 2401 3741 2487 accipietis
3784 2402 3967 2467 donum

2495 2519 2794 2600 Spiritus
2858 2518 3094 2583 sancti.
3164 2522 3471 2585 Actorum
3539 2530 3758 2585 autem
3793 2529 3966 2582 octavo

2493 2640 2557 2695 et
2594 2628 2869 2704 decium,
2925 2648 3054 2695 non
3094 2627 3220 2694 fuit
3260 2629 3623 2695 necessitas
3665 2625 3965 2714 explicandi
4056 2606 4069 2613 ’

2492 2742 2922 2811 differentiam
2970 2748 3139 2810 inter
3189 2744 3600 2831 Baptismum
3670 2741 3883 2811 Christi
3924 2754 3965 2806 et

2491 2861 2782 2939 loanniS,
2850 2860 3000 2948 quia
3059 2880 3270 2947 neque
3337 2860 3751 2939 Samaritani,
3816 2877 3970 2943 neque

2491 2975 2777 3041 Gentiles
2817 2975 3079 3041 fuerunt
3139 2975 3440 3061 baptizati
3477 2976 3797 3063 baptismo
3829 2978 3966 3040 Ioan-

2496 3092 2619 3168 niS,
2663 3091 2777 3158 sed
2819 3092 2941 3157 soli
2989 3092 3222 3169 Judaei,
3258 3093 3336 3158 ad
3405 3113 3573 3179 quos
3640 3094 3861 3158 missus
3900 3100 3968 3153 est

2491 3210 2795 3288 JoanneS,
2844 3210 3086 3273 Parate
3117 3210 3293 3274 viam
3328 3211 3630 3288 Domini,
3671 3225 3787 3276 etc.

2582 3322 2951 3408 Respondet
3006 3325 3299 3410 Vasquez
3366 3324 3474 3389 illa
3551 3323 3692 3391 loca
3747 3322 3964 3410 intelligi

2494 3439 2792 3505 invocato
2840 3438 3034 3505 etiam
3083 3441 3353 3505 nomine
3402 3440 3581 3521 Iesu,
3634 3440 3733 3507 vel
3772 3440 3899 3527 quia
3926 3439 3970 3503 in

2492 3554 2698 3621 forma
2737 3555 3152 3642 apponebant
3192 3575 3320 3621 non
3360 3556 3578 3623 solum
3624 3577 3850 3624 nomen
3892 3555 3968 3621 Fi-

2491 3671 2585 3749 lii,
2649 3671 2763 3738 sed
2830 3671 3026 3738 simul
3075 3675 3226 3738 lesu
3284 3672 3556 3752 Christi,
3608 3670 3973 3761 exprimendo

2491 3787 2685 3853 etiam
2735 3787 2931 3853 simul
2982 3788 3289 3855 distincte
3339 3787 3627 3876 reliquas
3678 3808 3966 3876 personas:

2490 3904 2591 3968 vel
2625 3902 2775 3989 quia
2826 3923 3101 3990 persona
3150 3907 3301 3970 Jesu
3354 3904 3595 3971 Christi
3629 3906 3967 3992 exprimere·

2489 4031 2596 4086 tur
2628 4039 2758 4085 non
2808 4021 2930 4086 sub
2977 4022 3100 4086 hoc
3132 4020 3421 4097 nomine,
3479 4020 3597 4086 sed
3630 4020 3829 4087 solum
3877 4017 3967 4085 sub

2490 4135 2755 4200 nomine
2813 4135 2982 4213 Filii,
3052 4156 3200 4221 quae
3267 4135 3494 4201 eadem
3560 4149 3658 4203 est
3721 4152 3965 4223 persona.

2491 4254 2723 4317 Contra
2756 4252 3063 4337 primum,
3111 4273 3237 4319 non
3269 4274 3563 4340 congrue
3604 4255 3961 4321 invocaretur

2485 4371 2673 4434 Iesus
2702 4368 3001 4436 Christus
3031 4369 3110 4436 ad
3133 4370 3434 4436 effectum
3466 4370 3798 4458 *Baptismh
3830 4370 3898 4433 ita
3922 4374 3969 4430 ut

2489 4485 2553 4549 in
2590 4485 2852 4550 nomine
2932 4498 2997 4551 et
3048 4485 3465 4552 invocatione
3520 4487 3666 4574 ejus
3698 4487 3965 4553 diceretur
4046 4467 4047 4470 ¹

2489 4600 2794 4686 baptizari
2838 4600 2903 4665 in
2939 4600 3391 4668 remissionem
3463 4617 3876 4688 peccatorum.
3925 4593 3964 4659 si

2486 4716 2696 4783 solum
2773 4716 3162 4804 adjiceretur
3220 4716 3451 4783 formae
3531 4716 3853 4792 institutae,
3910 4711 3956 4774 in

2484 4833 2673 4919 cujus
2704 4832 2986 4899 efficacia
3019 4831 3208 4899 datur
3240 4833 3541 4900 remissio
3580 4842 3953 4919 peccatorum,

2488 4963 2550 5014 et
2605 4969 2729 5014 non
2787 4970 2863 5015 ex
2924 4948 3209 5025 efficacia
3275 4949 3596 5036 adjuncti,
3648 4967 3788 5035 quae
3820 4939 3953 5009 nulla

2485 5077 2585 5131 est
2639 5086 2721 5130 ex
2761 5064 3085 5131 sententia
3131 5066 3457 5152 opposita.

2573 5182 2724 5245 Haec
2788 5200 2946 5266 ergo
3010 5180 3256 5247 locutio
3322 5181 3635 5267 baptizari
3683 5182 3750 5245 in
3793 5173 3951 5243 nomi·
4034 5189 4071 5239 ³-

2484 5316 2569 5360 ne
2608 5297 2879 5362 Domini
2915 5296 3171 5362 lesuin
3220 5298 3674 5364 remissionem
3714 5302 3949 5384 peccato-

2482 5561 2860 5647 Scripturae,
2914 5571 2979 5627 et
3011 5558 3200 5627 modo
3231 5560 3700 5651 interpretandi
3737 5561 3941 5624 Petrum
