4255 6375
706 437 815 499 16ss

721 602 1014 670 insinuat
1058 607 1310 684 Doctor,
1358 625 1486 670 uon
1527 603 1788 671 videtur
1820 624 2079 691 urgere,
2116 602 2269 689 quia

726 718 892 785 nibil
940 720 1115 786 aliud
1181 722 1500 807 sequitur,
1538 721 1664 788 nisi
1697 720 1865 809 quod
1903 720 2010 786 illa
2059 719 2270 786 virtus

727 836 815 902 sit
863 837 1209 920 transiens,
1281 839 1451 925 quod
1508 839 1777 926 perinde
1825 837 2148 923 contingit
2205 836 2269 902 in

727 954 871 1038 ipso
947 967 1149 1021 motu.
1230 955 1680 1042 Respondetur
1772 975 1853 1019 ex
1931 952 2269 1040 principiis

723 1075 794 1138 D.
823 1071 1115 1152 Thomae,
1153 1093 1300 1160 quae
1330 1072 1523 1139 etiam
1555 1070 1868 1158 approbat
1899 1073 2133 1136 Doctor
2160 1090 2268 1134 su-

712 1210 869 1277 pra,
953 1213 1014 1278 q.
1086 1193 1150 1256 2.
1224 1192 1424 1276 hujus
1480 1189 1953 1266 distinctionis,
2022 1186 2264 1252 instru-

722 1315 1012 1370 mentum
1057 1304 1200 1371 ideo
1239 1304 1513 1385 assumi,
1562 1304 1711 1391 quia
1754 1303 1950 1370 habet
1989 1303 2263 1367 formam

713 1419 1066 1507 propriam,
1095 1442 1210 1506 per
1240 1441 1431 1508 quam
1465 1431 1562 1486 est
1597 1431 1843 1507 aptum,
1871 1418 2029 1484 alias
2064 1418 2265 1506 quod-

709 1536 873 1602 libet
907 1537 1157 1602 assumi
1192 1548 1411 1624 posset
1440 1535 1517 1602 ad
1560 1555 2041 1623 quemcumque
2111 1532 2264 1599 esse-

708 1664 912 1733 ctum‚
956 1673 1165 1740 neque
1196 1663 1418 1719 essent
1468 1652 1903 1720 instrumenta
1973 1649 2263 1739 particu—

715 1766 875 1835 laria
922 1769 1107 1835 artis.

382 958 634 1015 Solvitur.

473 1919 552 1967 42.
799 1896 933 1961 Hoc
973 1916 1131 1983 ergo
1163 1896 1505 1984 supposito
1548 1896 1894 1983 principio,
1936 1894 2107 1982 quod
2142 1899 2263 1961 Do-

710 2023 851 2078 ctor
890 2012 1085 2078 etiam
1128 2013 1419 2081 insinuat
1457 2014 1587 2094 hic,
1633 2016 1897 2079 ratione
1936 2017 2000 2079 3.
2046 2012 2102 2079 si
2160 2012 2264 2078 in·

711 2140 1150 2195 strumentum
1230 2130 1388 2196 artis
1439 2129 1509 2195 fit
1566 2143 1816 2217 aptum,
1875 2130 2264 2217 inquantum

708 2245 790 2312 ab
830 2245 970 2332 ipsa
1004 2259 1142 2313 arte
1178 2247 1516 2334 participat
1553 2246 1862 2312 virtutem
1902 2245 2262 2312 derivatam

710 2381 826 2446 per
864 2382 1057 2449 quam
1114 2362 1185 2428 fit
1231 2374 1451 2449 aptum
1499 2360 1577 2427 ad
1642 2383 1859 2442 usum,
1907 2362 2043 2448 (qui
2106 2383 2265 2427 usus

709 2476 854 2561 ejus
886 2488 984 2542 est
1026 2496 1139 2562 per
1180 2477 1484 2564 motum,)
1527 2478 1711 2563 sequi
1752 2476 1924 2566 quod
1975 2477 2081 2543 illa
2131 2478 2260 2543 vir-

710 2603 817 2657 tus
849 2612 977 2658 non
1013 2592 1423 2679 imprimatur
1465 2594 1897 2660 instrumento
1929 2607 2078 2661 ante
2130 2616 2264 2660 mo-

504 2793 513 2803 ·
554 2794 563 2803 ·
715 2720 897 2790 tum;
935 2710 1059 2777 hoc
1088 2711 1260 2790 dat0,
1308 2730 1438 2776 non
1487 2725 1585 2776 est
1635 2711 2131 2778 fundamentum
2165 2733 2261 2778 as-

399 2793 657 2905 collinghtgr
715 2826 970 2893 serendi
1005 2825 1213 2913 ipsam
1254 2848 1400 2893 esse
1440 2839 1913 2907 transeuntem,
1964 2829 2136 2894 sicut
2165 2842 2263 2896 est

373 2918 684 3030 ἱζζῖξζξξζξ,
715 2953 956 3022 motuS,
994 2943 1145 3030 quia
1194 2963 1229 3008 a
1262 2954 1438 3010 motu
1474 2943 1650 3009 nullo
1693 2943 1883 3009 modo
1913 2944 2258 3031 dependet,

500 3042 557 3094 ti.
716 3079 927 3146 neque
963 3059 1039 3125 ab
1080 3079 1200 3126 usu
1244 3058 1686 3127 instrumenti.

807 3174 1049 3241 Deinde
1078 3179 1313 3243 Doctor
1349 3197 1474 3242 non
1524 3175 1774 3245 inducit
1804 3178 1928 3244 hoc
1962 3178 2264 3245 inconve-

392 3321 671 3390 Nonnegat
718 3292 928 3373 niens,
982 3304 1291 3381 tanquam
1329 3293 1382 3358 si
1441 3305 1732 3380 negaret,
1815 3293 2068 3381 aliquas
2138 3294 2263 3359 for-

447 3386 618 3501 affinga
719 3430 856 3475 mas
917 3430 1063 3475 esse
1115 3420 1526 3475 transeuntes
1592 3423 1655 3475 et
1722 3410 2163 3497 dependentes
2233 3433 2268 3478 a

401 3516 664 3627 nazzanu—
718 3525 1027 3623 continuo
1058 3523 1311 3590 influxu
1346 3546 1484 3591 suae
1525 3546 1763 3603 causae,
1813 3527 1922 3613 qui
1956 3528 2264 3614 paulatim

717 3641 1146 3721 subtrahitur,
1183 3642 1293 3707 sed
1328 3642 1477 3728 quia
1511 3643 2037 3728 superstitiosum
2088 3645 2265 3712 vide·

716 3771 823 3826 tur
862 3778 1154 3825 asserere
1184 3758 1376 3825 talem
1411 3758 1744 3841 virtutem,
1769 3781 1916 3847 quoe
1946 3761 2123 3827 nulla
2158 3783 2266 3827 ne-

716 3874 1025 3944 cessitate
1084 3875 1353 3942 effectus
1405 3875 1692 3963 ponitur,
1753 3876 1902 3963 quia
1950 3878 2092 3944 sine
2157 3860 2267 3945 tali

716 3991 962 4058 virtute
999 3991 1159 4058 ordo
1190 3992 1462 4059 effectus
1492 3992 1570 4059 ad
1619 4004 1823 4059 artem
1890 4005 1953 4059 et
2022 3994 2269 4062 instru-

719 4119 1013 4175 mentum
1056 4108 1366 4179 salvatur.

452 4259 535 4310 Ad
563 4261 612 4311 3.
808 4223 901 4291 Ad
936 4224 1183 4311 reliqua
1216 4226 1344 4292 duo
1376 4225 1674 4313 exempla
1715 4226 1952 4294 ibidem
1997 4251 2266 4318 respon·

387 4323 668 4434 exoxgglum
717 4342 848 4421 det,
910 4342 1081 4430 quod
1161 4362 1375 4429 neque
1432 4355 1649 4409 motus
1707 4345 1852 4411 coeli
1891 4345 2113 4414 localis
2184 4349 2269 4414 sit

368 4452 510 4499 ‘³⁰²¹'
539 4448 676 4501 coeli.
717 4481 912 4527 causa
951 4460 1301 4527 effectuum
1345 4461 1801 4528 sublunarium
1856 4462 2263 4549 productiva,

718 4579 869 4666 quia
912 4590 1129 4645 motus
1162 4600 1289 4644 non
1331 4593 1431 4645 est
1463 4579 1856 4668 principium
1901 4583 2268 4668 producen-

419 4723 662 4836 Apvfioet
720 4695 809 4773 di,
845 4696 956 4761 sed
1000 4695 1209 4782 magis
1270 4708 1451 4762 actus
1494 4697 1918 4783 productivus
2007 4709 2070 4765 et
2121 4700 2269 4786 quia

422 4803 636 4914 Ρζζξῇἳ,
724 4811 829 4878 ille
862 4823 1077 4878 motus
1135 4824 1244 4878 aut
1286 4824 1515 4891 motor,
1564 4824 1631 4878 ut
1678 4834 1754 4878 eo
1800 4814 2074 4899 praecise
2135 4837 2269 4881 mo·

422 4918 641 4965 tantum.
724 4950 910 5012 venS,
966 4927 1129 4993 nihil
1191 4927 1489 5015 producit
1533 4928 1597 4994 in
1658 4929 2100 5011 inferioribuS,
2158 4931 2269 4997 sed

402 5070 659 5131 Quartum
724 5047 1109 5133 inquantum
1141 5046 1420 5133 applicat
1450 5046 1657 5112 activa
1692 5047 1993 5132 passivis.
2050 5049 2270 5123 Quoad

386 5138 675 5251 ’ζζδῗνιίῗω
721 5162 895 5229 aliud
928 5162 1299 5250 exemplum
1336 5183 1406 5228 se
1439 5161 1710 5228 remittit
1741 5164 1831 5229 ad
1862 5166 1925 5230 2.
1962 5164 2117 5232 disc.
2161 5170 2265 5231 18.

721 5279 828 5344 ubi
887 5279 1167 5367 explicat
1223 5278 1545 5366 quomodo
1594 5301 1817 5346 semen
1879 5280 2002 5347 dici
2068 5282 2273 5369 possit

715 5393 931 5461 virtus
971 5395 1211 5463 animae
1243 5417 1359 5483 per
1400 5396 1675 5463 formam
1746 5395 2265 5479 substantialem,

714 5512 826 5568 aut
856 5502 1233 5589 qualitatem
1297 5518 1805 5593 consequentem
1848 5505 2086 5592 ipsam.
2152 5509 2268 5573 Se-

711 5610 983 5703 quitur:

452 2730 601 2782 Unde

186 6072 561 6319 s

1847 440 1992 503 LlB.
2040 441 2137 501 tv.
2172 439 2764 503 SENTENTIARUM

2471 603 2589 668 Est
2645 613 2707 667 ct
2753 604 2894 670 alia
2934 605 3167 689 opinio
3216 603 3307 670 ad
3333 615 3734 691 praesentem
3766 624 3934 690 quoe·
4041 637 4092 683 43,

2379 719 2682 797 stionem,
2720 730 2843 787 etc.
2878 723 2994 786 Hic
3035 721 3326 787 insinuat
3355 719 3735 807 opinionem
3771 722 3935 784 Hen·
3986 699 4111 810 HQ}

2382 833 2498 900 rici
2562 833 2958 916 Quodlibeto
3026 840 3091 902 4.
3173 859 3236 922 q.
3317 840 3428 904 37.
3496 857 3691 924 quam
3775 835 3934 900 inta-

2378 963 2548 1018 ctam
2602 953 2933 1039 relinquit,
2989 967 3053 1020 et
3087 954 3343 1033 meritc,
3385 953 3538 1042 quia
3573 953 3676 1018 vel
3709 952 3932 1018 reduci

2379 1068 2570 1135 debet
2613 1069 2692 1135 ad
2742 1071 3017 1136 alterum
3057 1084 3448 1151 extremum,
3512 1071 3619 1138 vel
3652 1069 3933 1158 intelligi

2381 1186 2629 1274 nequit.
2662 1187 2827 1254 Dicit
2857 1188 3032 1253 enim
3065 1191 3481 1255 Sacramenta
3511 1209 3659 1255 esse
3690 1187 3934 1254 instru-

2381 1315 2596 1371 menta
2650 1304 2931 1371 ereativa
2983 1305 3237 1392 gratiae,
3294 1325 3418 1370 non
3488 1304 3662 1393 quod
3713 1303 3932 1390 aliqua
3968 1308 4111 1424 3ώέ

2377 1443 2495 1489 sua
2561 1421 2815 1489 actione
2877 1423 3203 1510 attingant
3257 1423 3561 1510 gratiam,
3624 1422 3740 1489 sed
3783 1422 3930 1510 quia
3954 1437 4110 1486 anem-2

2376 1538 2712 1605 continent
2788 1551 3119 1605 auctorem
3182 1541 3438 1627 gratiae,
3492 1538 3597 1605 vel
3640 1538 3927 1619 realiter,
3953 1503 4111 1549 ’ψῃ

2378 1654 2547 1720 sicut
2587 1654 2652 1718 in
2702 1654 3132 1734 Eucharistia,
3179 1666 3287 1720 aut
3330 1654 3728 1735 virtualiter,
3767 1655 3932 1722 sicut

2378 1773 2867 1838 Sacramentum
2909 1771 3248 1858 Baptismi‚
3286 1784 3349 1839 et
3399 1793 3516 1859 per
3556 1787 3929 1840 contactum

2377 1889 2804 1968 Sacramenti,
2843 1892 3042 1955 Deum
3077 1889 3438 1975 producere
3467 1890 3777 1976 gratiam.
3809 1893 3931 1956 Ne·

2377 2016 2489 2091 gat
2541 2005 2859 2072 Henricus
2927 2027 3071 2072 esse
3110 2005 3393 2094 aliquam
3444 2007 3758 2072 virtutem
3824 2027 3933 2071 su-

2381 2121 2854 2207 pernaturalem
2933 2121 3000 2186 in
3068 2122 3502 2188 Sacramentis
3572 2142 3689 2210 per
3738 2141 3930 2209 quam

2380 2236 2738 2323 producant
2770 2238 3072 2324 gratiam.

2467 2352 2904 2439 Explicandus
2937 2375 3095 2441 ergo
3126 2369 3225 2421 est
3255 2354 3333 2421 de
3381 2354 3766 2422 causalitate
3799 2374 3928 2420 mo·
3955 2369 4110 2432 &paim

2379 2468 2521 2550 rali,
2603 2490 2974 2558 quanquam
3035 2470 3386 2538 obscurum
3455 2473 3537 2538 sit
3603 2470 3928 2559 quomodo
4012 2435 4111 2545 ὦ

2377 2590 2547 2652 Deus
2596 2585 2681 2652 sit
2733 2585 2796 2650 in
2848 2587 3282 2654 Sacramentis
3340 2588 3652 2675 peculiari
3711 2561 4111 2675 mod0,⁶⁸·fff{

2377 2700 2503 2768 nisi
2531 2703 2780 2769 ratione
2821 2702 3254 2770 institutionis
3286 2721 3348 2771 et
3379 2704 3922 2793 significationis;

2378 2819 2454 2885 ad
2496 2842 2644 2907 quae
2690 2820 3146 2887 Tridentinum
3197 2822 3277 2888 cle
3332 2824 3799 2890 Sacramentis
3857 2827 3926 2889 in

2375 2958 2631 3022 yenere,
2669 2959 2823 3004 sess.
2863 2943 2925 3006 7.
2972 2951 3030 3004 ec
3061 2940 3144 3005 de
3198 2943 3637 3006 sacramentis
3676 2942 3752 3007 in
3789 2962 3925 3028 spe-

2377 3056 2495 3133 cie,
2545 3055 2796 3121 reducit
2825 3056 3291 3122 continentiam
3325 3055 3677 3123 virtualem
3709 3061 3929 3125 Sacra-

2379 3183 2773 3254 mentorum‚
2822 3184 2892 3239 ut
2922 3185 3076 3239 sunt
3114 3194 3332 3240 causae
3359 3174 3736 3253 effectuum,
3769 3197 3928 3262 quos
3961 3146 4110 3259 ,gffl

2379 3288 2774 3374 significant.
2855 3293 3006 3356 Haec
3071 3301 3286 3357 autem
3355 3292 3784 3370 continentia,
3831 3290 3925 3357 vel
4003 3274 4110 3381 Dffff'

2378 3404 2456 3471 ad
2506 3405 2948 3470 assistentiam
3015 3405 3151 3485 Dei,
3198 3418 3261 3472 et
3298 3406 3784 3473 institutionem
3835 3428 3927 3472 re·
3972 3401 4111 3447 “¹²¹²“

2378 3520 2659 3602 ducitur,
2705 3542 2779 3587 ac
2815 3534 3096 3608 pactum,
3154 3523 3252 3589 vel
3284 3535 3460 3590 certe
3490 3524 3569 3590 ad
3622 3525 3925 3590 virtutem

2379 3639 2689 3726 aliquam,
2736 3660 2884 3727 quae
2918 3640 3086 3705 inest
3118 3640 3580 3721 Sacramentis,
3617 3655 3925 3729 tanquam

2381 3755 2774 3843 principium
2806 3755 3067 3843 agendi,
3105 3758 3257 3844 quia
3278 3757 3454 3824 aliud
3492 3758 3722 3846 nequit
3762 3779 3928 3825 com·

2381 3871 2571 3937 mode
2622 3871 2943 3959 intelligi;
3021 3872 3294 3960 ideoque
3350 3873 3522 3940 circa
3590 3875 3760 3941 hanc
3791 3873 3929 3963 opi-

2380 3988 2643 4053 nionem
2678 4008 2808 4054 non
2841 3989 3228 4056 immoratur
3267 3994 3524 4056 Doctor.

2953 4169 3356 4228 SCHOLIUM.

2450 4352 2771 4410 Sententia
2803 4351 3078 4408 Doctoris
3107 4350 3308 4423 quoad
3365 4352 3633 4423 primam
3677 4354 3930 4424 quaesti-

2378 4466 2556 4510 onem
2619 4454 2728 4517 est,
2779 4464 3016 4507 omnem
3048 4448 3514 4521 dispositionem
3547 4454 3929 4509 necessitan-

2378 4557 2503 4608 tem
2536 4548 2614 4606 ad
2647 4550 2933 4615 formam,
2967 4562 3107 4618 quae
3138 4562 3259 4605 non
3292 4552 3384 4604 est
3417 4549 3574 4605 ratio
3604 4553 3929 4622 receptivi,

2381 4662 2518 4705 esse
2550 4646 2992 4719 quodammodo
3021 4661 3271 4703 causam
3330 4648 3597 4703 activam
3646 4649 3788 4718 ejus
3834 4649 3927 4704 in-

2383 4744 2877 4801 strumentalem.
2903 4745 3001 4799 Sic
3024 4745 3317 4799 meritum
3339 4748 3431 4799 est
3449 4758 3637 4800 causa
3658 4747 3923 4815 praemii,

2383 4847 2443 4900 et
2489 4847 2688 4898 motus
2717 4844 2995 4910 termini,
3031 4846 3090 4899 et
3119 4840 3282 4896 idem
3316 4846 3408 4898 est
3437 4841 3512 4897 de
3562 4843 3928 4899 Sacramen-

2382 4946 2462 5010 to,
2522 4942 2668 5012 quia
2727 4942 2940 4998 statuit
2999 4944 3157 4996 Deus
3213 4940 3362 4997 dare
3420 4943 3689 5011 gratiam
3772 4941 3925 5000 illud

2383 5039 2573 5110 digne
2618 5040 2906 5096 sumenti.
2941 5040 3111 5096 Sicut
3135 5053 3283 5110 ergo
3315 5053 3488 5097 serra
3517 5039 3756 5097 dicitur
3787 5057 3929 5097 cau-

2385 5153 2451 5194 sa
2482 5138 2825 5205 scissioniS,
2859 5139 3006 5195 licet
3037 5154 3157 5195 non
3188 5138 3419 5195 efficiat
3460 5153 3623 5207 eam,
3656 5139 3767 5196 sed
3797 5145 3926 5197 tan-

2382 5243 2507 5296 tum
2537 5238 2805 5309 recipiat
2841 5239 3131 5293 effectum
3180 5236 3536 5295 ordinatum
3595 5237 3676 5294 ad
3729 5238 3924 5306 illam,

2384 5335 2471 5390 ita
2521 5333 2596 5390 de
2628 5335 3026 5392 sacramento
3055 5339 3343 5406 respectu
3376 5336 3613 5403 gratiae.

2474 5496 2586 5568 Ad
2621 5496 2971 5587 primam
3002 5496 3107 5588 (h)
3131 5514 3329 5586 ergo
3365 5495 3915 5587 quaestionem,
3947 5500 4108 5623 Rmffi

2378 5613 2581 5696 dico,
2639 5614 2844 5706 quod
2901 5633 3085 5686 cum
3124 5613 3569 5688 necessitas
3612 5634 3915 5697 eorum,
3954 5625 4111 5698 mpsim
