4255 6375
1594 432 1770 498 ms'l·
1812 434 1858 496 1.
1906 432 2268 512 QUAEs'rio
2300 437 2350 500 1.
3503 429 3582 494 93

367 580 488 682 ptu
540 588 715 683 quod
773 595 897 681 ipsi
971 595 1303 684 competit,
1378 608 1447 662 ut
1515 616 1726 683 genus
1811 616 1925 682 per

371 713 644 779 modum
696 713 1053 801 praedicati,
1098 715 1194 781 sic
1227 736 1340 801 per
1376 714 1668 800 regulam
1730 718 1925 779 Ante·

371 829 1014 913 praedicamentalem
1056 830 1385 907 :Quando
1451 830 1716 916 aliquid
1752 850 1926 915 prce-

370 946 648 1011 dicatur
675 946 756 1012 de
776 947 1026 1033 aliquo,
1059 957 1127 1012 ut
1158 946 1239 1012 de
1265 946 1574 1032 subjectO,
1598 942 1927 1030 quidquid

365 1061 793 1147 praedicatur
821 1062 904 1128 de
936 1063 1327 1148 proedicato‚
1365 1061 1778 1148 praedicatur
1807 1062 1926 1125 eli-

30 1180 302 1295 Quos'gerer
371 1198 488 1241 am
527 1178 610 1243 de
654 1179 964 1266 subjecte.
1011 1178 1189 1245 Unde
1240 1179 1541 1253 insertur,
1607 1176 1925 1265 quidquid

51 1306 292 1380 convenit
376 1292 555 1359 inest
643 1295 1004 1361 secundum
1090 1306 1298 1361 totum
1383 1315 1617 1381 genuS,
1711 1294 1929 1359 inesse

30 1372 332 1503 P‘aedpssf-“tff'
376 1409 596 1496 quoad
628 1409 926 1497 singulas
957 1411 1208 1496 species
1239 1422 1302 1476 et
1352 1409 1710 1486 individua,
1756 1423 1819 1474 et
1860 1419 1930 1475 ut

30 1499 342 1625 ’ξῠῗὲἓζξὲη
378 1522 471 1588 ita
528 1522 765 1603 dicam,
828 1524 1269 1593 distributive.
1316 1525 1525 1591 Minor
1564 1524 1759 1589 etiam
1830 1535 1931 1589 est

373 1650 584 1717 certa,
631 1658 776 1704 nam
821 1639 942 1706 hoc
974 1638 1186 1726 ipsum
1255 1640 1412 1706 dicit
1470 1640 1674 1705 forma
1725 1652 1931 1704 mate-

372 1757 562 1825 rialis
597 1812 613 1838 ,
652 1759 823 1847 quod
880 1771 977 1826 est
1014 1781 1130 1845 per
1196 1782 1267 1826 se
1307 1779 1676 1846 supponere
1726 1771 1787 1824 et
1818 1756 1928 1823 de-

369 1874 664 1959 pendere
701 1898 736 1942 a
771 1877 1063 1955 materia,
1110 1890 1172 1943 et
1219 1876 1550 1944 conclusio
1601 1875 1766 1941 bene
1823 1894 1927 1939 se-

368 1986 624 2073 quitur.

464 2102 921 2186 Confirmatur,
967 2105 1118 2193 quia
1172 2107 1376 2173 forma
1411 2104 1766 2172 materialis
1815 2103 1923 2170 de-

369 2218 617 2304 pendet
648 2219 713 2285 in
746 2220 1021 2286 essendo
1070 2242 1106 2287 a
1147 2221 1456 2300 materia;
1501 2242 1660 2307 ergo
1694 2221 1926 2308 nequit

369 2354 524 2401 esse
576 2335 968 2423 principium
1013 2337 1409 2423 producendi
1450 2337 1695 2425 aliquid
1754 2339 1928 2426 ejus·

371 2450 528 2516 dem
566 2452 835 2519 rationis
881 2473 1031 2518 cum
1067 2454 1358 2531 materia,
1405 2454 1555 2540 quia
1597 2465 1925 2539 repugnat

372 2567 553 2654 quod
596 2568 660 2633 in
691 2569 944 2656 agendo
974 2571 1332 2657 dependeat
1375 2571 1456 2637 ab
1496 2570 1714 2657 aliquo
1753 2571 1924 2657 ejus·

369 2683 526 2749 dem
598 2685 867 2752 rationis
933 2707 1082 2751 cum
1125 2687 1434 2752 termino.
1491 2686 1643 2772 Agit
1692 2689 1926 2751 Doctor

368 2799 453 2864 de
476 2800 910 2886 dependentia
942 2823 1055 2888 per
1103 2823 1197 2884 se,
1237 2822 1363 2868 non
1408 2823 1523 2889 per
1586 2802 1909 2880 accidenS,

367 2915 588 3001 qualis
618 2937 765 2983 esse
824 2918 1137 3007 potest-in
1198 2919 1414 2983 causis
1462 2917 1783 2997 univociS,
1857 2918 1923 2983 in

369 3031 619 3119 quibus
653 3054 852 3100 unum
886 3034 1297 3101 individuum
1338 3055 1453 3121 per
1483 3034 1782 3102 accidens
1816 3036 1925 3101 ha-

370 3148 481 3216 bet
515 3147 829 3217 rationem
862 3171 1105 3231 causae,
1141 3151 1316 3219 aliud
1378 3152 1693 3219 rationem
1763 3152 1923 3220 effe-

371 3278 563 3344 ctus;
603 3267 774 3333 unde
828 3267 936 3334 hic
996 3267 1170 3354 ignis
1228 3269 1604 3355 producitur
1661 3270 1742 3336 ab
1797 3270 1924 3337 alio

377 3385 536 3470 igne
573 3383 683 3472 qui
733 3397 833 3450 est
889 3386 1179 3473 ejusdem
1240 3385 1511 3451 rationis
1569 3406 1719 3453 cum
1771 3387 1925 3472 igne

373 3520 572 3585 quem
609 3500 929 3587 producit,
976 3523 1090 3588 per
1119 3501 1419 3568 accidens
1451 3511 1666 3568 autem
1718 3522 1922 3569 unum

374 3616 774 3705 supponitur
856 3617 935 3683 ad
1020 3618 1221 3700 aliud,
1282 3640 1423 3686 non
1508 3631 1724 3687 autem
1814 3642 1926 3707 per

375 3753 494 3811 se;
598 3732 771 3800 unde
865 3747 1039 3801 recte
1137 3739 1370 3803 Doctor
1466 3737 1543 3803 ad
1637 3735 1926 3804 exclusi-

375 3869 572 3915 onem
607 3851 804 3938 hujus
834 3852 1164 3919 instantiae
1199 3853 1377 3920 addit
1406 3875 1527 3940 per
1567 3875 1636 3919 se
1680 3854 1928 3939 depen-

377 3965 555 4045 deat,
597 3979 721 4034 etc.
756 3969 908 4054 Agit
936 3985 1155 4036 autem
1189 3973 1424 4036 Doctor
1453 3970 1560 4036 hic
1589 3969 1671 4037 de
1699 3969 1931 4036 ordine

380 4083 740 4163 essentiali,
777 4085 949 4172 quod
1017 4086 1299 4172 amplius
1335 4097 1509 4173 patet
1564 4106 1644 4152 ex
1705 4085 1929 4153 soluti-

382 4198 561 4265 tione
623 4221 849 4268 eorum
911 4222 1059 4289 quae
1115 4202 1363 4290 objicit.
1427 4202 1622 4269 Addit
1671 4201 1929 4268 tandem

351 4317 850 4402 comprehendi
900 4318 1023 4384 hoc
1089 4319 1389 4386 discursu
1447 4319 1730 4385 animam
1775 4320 1931 4385 rati-

383 4433 667 4514 onalem,
690 4435 1073 4521 applicando
1096 4435 1318 4502 eadem
1355 4437 1693 4523 principia.
1722 4438 1788 4503 Si
1819 4458 1929 4503 au-

383 4565 514 4616 tem
547 4550 654 4616 hic
683 4550 1021 4617 discursus
1055 4571 1178 4617 non
1202 4551 1287 4617 sit
1317 4552 1739 4633 convincens,
1771 4553 1930 4619 mul·

381 4676 445 4731 ta
491 4665 813 4752 principia
871 4681 1262 4734 revocantur
1310 4667 1375 4732 in
1436 4666 1735 4748 dubium,
1781 4688 1930 4756 quae

379 4793 840 4868 supponuntur
876 4804 910 4849 a
945 4783 1359 4870 Philosophis
1389 4808 1403 4858 ;
1440 4801 1664 4850 contra
1712 4797 1927 4850 autem

379 4908 728 4982 negantem
763 4898 1081 4985 principia
1139 4900 1577 4966 communiter
1645 4915 1924 4987 recepta,

381 5031 509 5077 non
549 5026 650 5080 est
689 5012 1186 5101 disputandum.

954 5296 1037 5351 SC
1046 5295 1350 5356 HOLIUM.

454 5522 656 5593 Negat
685 5527 1063 5590 creaturam,
1099 5528 1163 5581 ut
1206 5524 1720 5595 instrumentum,
1755 5538 1933 5596 posse

388 5635 625 5688 creare,
665 5623 817 5693 quia
856 5635 977 5678 non
999 5625 1198 5692 potest
1232 5634 1422 5693 agere
1458 5623 1929 5694 dispositionem

2040 598 2367 670 praeviam,
2394 614 2538 657 cum
2586 601 2722 658 haec
2753 598 2833 658 ad
2882 598 3266 658 creationem
3325 608 3449 652 non
3487 606 3594 650 re-

2035 700 2365 772 quiratur;
2404 715 2517 756 nec
2551 701 2862 770 attingere
2891 699 3235 757 terminum
3269 694 3596 769 principa-

2036 794 2183 865 lem,
2235 811 2376 853 cum
2437 812 2562 854 non
2618 797 2974 869 praehabeat
3027 795 3106 852 ad
3170 794 3233 852 id
3289 795 3593 851 virtutem

2038 894 2311 952 activam
2341 911 2410 952 ex
2443 894 2651 953 dictis».
2684 897 2899 952 Scotus
2946 892 3104 951 dicit
3161 892 3294 949 haec
3353 891 3594 947 ratione
3636 913 3641 917 ·

2037 993 2314 1066 probari,
2357 994 2469 1052 sed
2528 995 2687 1052 forte
2745 1009 2866 1052 non
2899 994 3287 1051 convincunt
3320 991 3592 1048 rationes

2038 1090 2269 1157 allatae,
2324 1107 2436 1148 nec
2494 1093 2643 1148 ullae
2689 1093 2852 1149 aliae.
2939 1090 3301 1148 Communis
3380 1092 3588 1145 tamen

2039 1182 2402 1239 Sanctorum
2459 1183 2574 1239 soli
2635 1185 2755 1240 Deo
2815 1186 3106 1239 reservat
3179 1178 3586 1238 creationem.

2040 1280 2226 1350 cyril.
2262 1279 2371 1335 lib.
2412 1282 2467 1335 2.
2499 1280 2734 1336 Julian.
2772 1282 2990 1335 Athon.
3024 1292 3211 1334 serm.
3271 1278 3326 1333 3.
3358 1281 3589 1333 contra.

1985 1381 1997 1393 ·
2041 1374 2300 1432 Adrian.
2366 1380 2605 1444 Anqust.
2667 1377 2755 1433 12.
2788 1376 2962 1433 civit.
2995 1377 3086 1432 24.
3121 1377 3183 1431 et
3209 1375 3264 1430 3.
3312 1374 3487 1430 Trin.
3526 1374 3583 1430 8.

2039 1477 2220 1531 Basit.
2248 1474 2356 1531 lib.
2384 1475 2437 1530 4.
2474 1480 2687 1533 contra
2720 1477 2977 1532 Eunom.
3016 1476 3222 1542 Prosp.
3265 1472 3373 1528 lib.
3418 1472 3584 1528 Sent.

2038 1570 2099 1626 S.
2134 1574 2294 1640 Aug.
2338 1577 2494 1627 sent.
2532 1570 2653 1626 146.
2684 1571 2938 1624 Damaso.
2973 1568 3083 1625 lib.
3113 1571 3170 1623 2.
3202 1582 3258 1625 c.
3302 1568 3356 1623 3.
3420 1580 3590 1622 com-

2042 1670 2253 1725 munis
2309 1669 2425 1724 DD.
2458 1671 2650 1725 Alens.
2672 1671 2727 1724 2.
2789 1681 2848 1738 p.
2883 1681 2945 1738 q.
2993 1666 3051 1722 6.
3093 1681 3177 1723 m.
3212 1671 3264 1721 2.
3306 1681 3362 1722 a.
3412 1666 3467 1721 4.
3528 1666 3591 1719 et

2038 1783 2099 1840 q.
2166 1768 2221 1823 9.
2257 1782 2337 1824 m.
2369 1769 2422 1824 8.
2462 1770 2676 1824 Albert.
2708 1770 2764 1823 2.
2816 1767 2875 1824 d.
2911 1768 2962 1824 1.
2997 1785 3053 1825 a.
3092 1766 3151 1821 7.
3186 1766 3248 1819 D.
3303 1768 3489 1821 Thom.
3536 1764 3585 1817 1.

2038 1879 2100 1936 p.
2132 1880 2192 1937 q.
2224 1867 2314 1922 45.
2346 1880 2401 1922 a.
2433 1868 2489 1923 5.
2521 1867 2661 1937 (etsi
2692 1867 3047 1938 oppositum
3099 1866 3321 1923 habeat
3348 1867 3405 1923 2.
3428 1864 3488 1922 d.
3534 1865 3583 1920 1.

2170 2005 2186 2021 .
2217 1977 2282 2021 a.
2315 1965 2371 2021 3.
2403 1969 2464 2021 et
2493 1967 2546 2022 4.
2580 1964 2638 2021 d.
2671 1966 2726 2021 5.
2758 1981 2820 2038 q.
2856 1965 2908 2021 1.
2950 1980 3009 2022 a.
3041 1965 3122 2034 3.)
3159 1966 3419 2021 Richard.
3452 1964 3509 2020 4.
3544 1961 3584 2018 d

2086 2004 2101 2020 .
2134 1964 2160 2020 1

2036 1978 2092 2118 ἓ.
2143 2078 2179 2120 a
2271 2105 2287 2120 .
2346 2080 2405 2137 q.
2476 2065 2520 2121 l.
2574 2069 2666 2121 est
2694 2068 2910 2122 contra
2940 2065 3119 2121 Suar.
3150 2064 3206 2120 3.
3230 2078 3290 2135 p.
3326 2064 3377 2120 1.
3436 2067 3586 2120 tom.

2037 2159 2099 2217 d.
2129 2159 2221 2217 31.
2254 2165 2402 2219 sect.
2436 2162 2491 2217 8.

2125 2451 2327 2526 Dico
2378 2450 2628 2524 etiam
2677 2452 2779 2542 (b)
2828 2453 3033 2544 quod
3066 2472 3210 2525 nec
3279 2452 3585 2527 instru-
3728 2478 3809 2531 31.

2039 2568 2531 2652 mentaliter,
2570 2568 2687 2644 ita
2719 2568 2925 2661 quod
2957 2568 3065 2642 sit
3098 2568 3583 2643 instrumen-
3612 2540 3911 2656 α’θῖξθῗω

2038 2690 2212 2758 tum
2274 2685 2606 2778 proprie
2668 2684 3052 2759 activum.
3133 2687 3355 2769 Quod
3434 2707 3581 2779 pro
3610 2668 3929 2781 imssflffissn·

2039 2806 2267 2876 tanto
2329 2803 2531 2885 dico,
2593 2801 2779 2895 quia
2837 2802 3053 2877 forte
3128 2823 3289 2876 non
3350 2824 3583 2876 omne
3688 2808 3870 2921 3225?

2037 2917 2676 2993 instrumentum
2746 2921 2867 2992 est
2968 2920 3300 3013 proprie
3383 2921 3583 2996 acti-

2036 3057 2252 3120 vum,
2354 3040 2443 3110 ut
2544 3035 2860 3109 dicetur
2927 3035 3294 3109 inferius.
3402 3039 3587 3111 Non

2034 3155 2249 3228 enim
2289 3159 2554 3248 potest
2587 3174 2765 3228 esse
2806 3155 3190 3240 activum,
3252 3155 3413 3231 nisi
3460 3157 3587 3230 vel

2036 3274 2131 3346 ad
2171 3273 2787 3366 dispositionem
2850 3278 3264 3367 praeviam,
3299 3275 3425 3347 vel
3495 3275 3590 3347 ad

2040 3389 2308 3480 ipsum
2349 3389 2831 3471 terminum;
2882 3389 2960 3461 in
3004 3391 3419 3465 creatione
3468 3391 3590 3463 ni-

2036 3502 2151 3575 hil
2215 3509 2482 3597 potest
2544 3508 3022 3596 praecedere,
3080 3507 3286 3599 quod
3324 3506 3588 3600 dispo·

2037 3626 2330 3703 natur;
2402 3643 2563 3694 non
2636 3627 2905 3716 potest
2983 3628 3256 3696 autem
3342 3643 3589 3715 agere

2040 3737 2135 3809 ad
2173 3739 2635 3822 terminum,
2681 3740 2838 3812 nisi
2873 3740 3162 3813 habeat
3233 3741 3589 3813 formam

2041 3855 2394 3927 activam
2447 3856 2528 3928 in
2573 3878 2717 3928 suo
2770 3857 3073 3937 ordine.
3147 3878 3320 3951 quae
3402 3857 3591 3933 licet

2041 3970 2122 4042 in
2162 3972 2471 4046 virtute
2503 3973 2849 4047 alterius
2884 3973 3147 4066 possit
3180 3975 3590 4066 attingere

2043 4087 2138 4158 ad
2172 4090 2436 4161 totum
2470 4088 2869 4173 effectum,
2914 4091 3418 4173 ettotaliter,
3475 4094 3592 4164 ta-

2042 4202 2143 4274 lis
2212 4210 2485 4277 autem
2561 4227 2723 4278 non
2788 4212 2914 4281 est
2991 4208 3262 4301 aliqua
3323 4209 3588 4282 virtus

2043 4320 2316 4393 activa
2381 4321 2728 4416 alicujus
2799 4327 3236 4406 creaturae,
3329 4329 3416 4397 ut
3466 4330 3591 4399 est

2044 4456 2296 4529 supra
2341 4444 2786 4513 ostensum.

2136 4555 2755 4648 Intelligendum
2798 4558 3073 4629 tamen
3132 4561 3229 4648 (c)
3269 4564 3393 4632 est
3436 4579 3588 4652 pro
3671 4551 3874 4664 3ξὲξῄ

2045 4671 2419 4764 opinione
2472 4672 2851 4764 Magistri
2910 4673 3066 4743 dist.
3110 4676 3176 4747 5.
3246 4676 3452 4766 qnod
3521 4676 3588 4748 si
3644 4680 3813 4788 fflgn
3842 4649 3938 4790 gss,

2041 4787 2310 4861 forma
2342 4788 2861 4864 accidentalis
2902 4796 3255 4875 creetur,
3299 4793 3413 4882 (ut
3459 4814 3589 4886 po·
3615 4753 3919 4866 pdisposftio·

2039 4906 2268 4982 nitur
2315 4907 2408 4978 de
2449 4905 2724 4998 gratia
2758 4913 2838 4981 et
2879 4906 3341 4993 charitate,)
3395 4910 3589 4982 bene
3677 4878 3888 4997 ευῖἷξὲιι

2046 5029 2314 5117 potest
2347 5023 2668 5115 aliquod
2719 5024 3169 5117 subjectum
3203 5025 3591 5119 praecede·
3644 5001 3908 5052 pmmm'

2046 5160 2159 5223 re,
2200 5141 2404 5233 quod
2462 5141 2840 5234 disponat
2881 5142 2974 5214 ad
3027 5141 3258 5214 illum
3316 5143 3591 5216 termi-

2043 5277 2261 5339 num,
2300 5256 2511 5331 sicut
2544 5257 2674 5330 hic
2726 5256 3104 5349 praecedit
3155 5258 3450 5331 anima.
3492 5263 3593 5334 Et

2042 5372 2235 5447 licet
2289 5374 2369 5446 in
2400 5374 2547 5448 tali
2592 5374 2951 5466 subJecto
2992 5395 3153 5447 non
3188 5376 3450 5468 possit
3480 5398 3596 5450 es-

2043 5512 2127 5562 se
2162 5489 2435 5581 aliqua
2473 5489 2901 5582 dispositio
2944 5490 3435 5585 simpliciter
3460 5511 3593 5565 ne-

2041 5605 2467 5689 cessitans,
2502 5610 2773 5679 tamen
2809 5610 3075 5699 potest
3117 5629 3297 5681 esse
3338 5607 3597 5702 dispo-
