4255 6375
474 1292 483 1301 .
498 1229 692 1301 Duplex

472 1298 702 1342 intentio.

455 3587 775 3666 Error⁶hae-
903 3652 913 3664 .
956 3651 968 3663 .
1165 3652 1177 3665 .
1842 3655 1853 3668 .
2247 3659 2272 3678 η

472 3678 768 3729 retiam-um.
807 3668 972 3730 quiri
1021 3667 1103 3713 ex
1150 3652 1314 3714 laiso
1358 3653 1695 3734 dogmate,
1747 3672 1898 3733 quia
1960 3663 2190 3735 putant
2237 3665 2345 3720 ba-

770 345 887 409 568

774 511 1053 584 stantia;
1087 515 1152 575 in
1197 513 1502 591 sequenti
1548 512 1632 574 de
1690 513 2000 592 qualitate
2054 510 2316 572 disseri—

782 632 906 698 tur,
952 642 1074 689 seu
1123 627 1203 688 de
1248 628 1446 689 modo
1502 630 1675 708 ejus,

857 742 1205 821 Distinguit
1275 746 1514 806 Doctor
1570 742 1760 815 infra,
1818 745 1856 823 S
1922 748 2048 805 Hoc
2108 751 2324 805 autem

776 860 1166 922 rationabile
1226 869 1335 935 est,
1404 867 1528 923 etc.
1603 862 2039 924 intentionem
2099 864 2323 924 huma·

780 989 932 1033 nam
1001 980 1312 1050 respectu
1356 975 1697 1038 ministerii
1762 975 2165 1037 sacramenti
2212 975 2329 1037 du-

784 1086 1041 1165 plicem.
1106 1088 1333 1160 Aliam,
1389 1105 1516 1166 qua
1588 1094 1761 1151 esset
1824 1092 1991 1150 actio
2057 1089 2328 1168 quidem

782 1202 1013 1277 libera,
1071 1204 1192 1265 sed
1254 1220 1385 1265 non
1449 1205 1802 1268 formaliter
1863 1223 2021 1267 usus
2092 1209 2316 1267 Sacra-

784 1322 1013 1394 menli,
1084 1337 1213 1399 qua
1290 1324 1782 1384 Sacramentum
1861 1327 1984 1396 est,
2056 1322 2124 1384 id
2203 1329 2324 1394 est,

782 1439 1169 1499 caeremonia
1217 1454 1427 1511 sacra,
1488 1442 1557 1500 et
1604 1439 1711 1500 ille
1755 1455 1915 1500 usus
1967 1443 2146 1500 esset
2203 1456 2332 1499 ma·

787 1553 1049 1625 terialiS,
1134 1571 1356 1615 rerum
1459 1561 1526 1617 et
1612 1556 1996 1628 verborum,
2088 1572 2330 1634 nempe

784 1671 1132 1749 applicatio
1211 1672 1307 1733 rei
1352 1676 1418 1733 et
1461 1671 1683 1735 formae
1731 1675 2154 1746 sacramenti,
2201 1691 2333 1735 non

786 1793 1003 1848 lamen
1062 1805 1183 1865 per
1245 1789 1515 1851 modum
1580 1791 2007 1864 sacramenti,
2068 1789 2192 1851 sed
2249 1787 2335 1849 ad

785 1903 987 1965 alium
1046 1902 1269 1974 finem,
1342 1908 1412 1965 ut
1471 1904 1793 1979 irrisorie,
1859 1910 1924 1966 et
2001 1905 2334 1974 simulate,

786 2024 858 2080 ut
948 2017 1280 2096 quondam
1353 2019 1715 2082 illudebant
1770 2021 2076 2082 Ecclesiae
2122 2021 2336 2083 idolo-

674 2146 681 2151 “
787 2137 987 2208 latrae,
1069 2135 1172 2196 vel
1233 2135 1540 2210 malefici,
1618 2144 1693 2198 ut
1754 2138 2020 2216 quando
2082 2156 2166 2200 ex
2237 2142 2333 2200 in-

789 2252 1031 2313 stinctu
1077 2252 1400 2313 daemonis
1446 2253 1777 2331 baptizant
1823 2255 2014 2316 bruta
2059 2254 2143 2316 ad
2179 2270 2333 2313 con-

452 2360 732 2474 Πιῐέῑιζθνῖἑῑκῖε
795 2374 1117 2446 temptum
1175 2369 1620 2441 Sacramenti;
1682 2371 1788 2431 vel
1836 2374 1887 2433 si
1941 2371 2087 2449 quis
2132 2372 2339 2433 inten-

482 2486 729 2601 gonrtffltliig.
797 2484 984 2547 deret
1043 2486 1262 2548 dicere
1340 2484 1614 2548 formam
1671 2489 2006 2549 recitative
2060 2496 2336 2558 tantum,

795 2608 861 2663 et
912 2618 1044 2663 non
1104 2608 1176 2664 ut
1229 2608 1330 2664 est
1384 2604 1647 2683 signum
1720 2605 2095 2681 practicam.
2160 2608 2340 2666 Alius

794 2716 1032 2779 modus
1089 2724 1209 2792 est,
1273 2718 1541 2797 quando
1595 2720 1664 2781 fit
1718 2737 1876 2782 usus
1930 2722 2340 2783 sacramenti

790 2832 1169 2909 formaliter,
1203 2839 1274 2895 ut
1311 2840 1412 2896 est
1442 2840 1823 2899 caeremonia
1873 2852 2081 2908 sacra,
2115 2839 2333 2899 inten-

793 2948 1015 3011 dendo
1066 2948 1284 3012 facere
1328 2951 1510 3030 quod
1562 2951 1714 3013 fecit
1763 2951 2076 3025 ChristuS,
2112 2959 2179 3015 et
2221 2954 2343 3014 Ec-

793 3066 990 3127 clesia
1060 3085 1182 3129 seu
1265 3067 1598 3130 Christiani
1687 3066 1957 3140 faciunt,
2008 3069 2175 3131 'sive
2257 3086 2339 3130 ex

792 3184 1155 3246 intentione
1213 3185 1509 3261 speciali,
1565 3185 1701 3248 sive
1743 3202 1825 3247 ex
1884 3187 2179 3265 generali
2241 3191 2344 3249 in-

795 3299 1133 3372 tentione;
1209 3305 1278 3361 et
1359 3300 1440 3362 de
1517 3303 1880 3364 intentione
1940 3304 2065 3365 hoc
2144 3306 2344 3368 modo

797 3422 1051 3494 sumpta
1104 3420 1416 3481 Doctores
1448 3420 1552 3482 hic
1585 3420 1938 3484 disserunt.

882 3533 1166 3595 Haeretici
1217 3542 1462 3616 negant
1510 3535 1683 3598 illam
1740 3539 2174 3601 intentionem
2237 3556 2347 3602 re-

807 3774 1135 3831 cramenta
1207 3787 1339 3832 non
1408 3786 1553 3833 esse
1627 3788 1858 3832 causas
1920 3772 2168 3850 gratiae,
2227 3773 2348 3835 sed

801 3884 1013 3946 solum
1071 3888 1418 3952 excitantia
1490 3891 1677 3967 signa
1731 3886 1909 3960 fidei,
1987 3888 2168 3967 quod
2228 3906 2351 3968 pe-

798 4002 985 4063 rinde
1053 4004 1212 4080 ipsis
1293 4004 1625 4079 competit,
1695 4004 1831 4064 sive
1882 4004 2006 4064 hoc
2064 4022 2100 4065 a
2163 4005 2350 4066 mini-

796 4123 1043 4179 strante
1106 4117 1508 4191 intendatur,
1573 4120 1709 4182 sive
1767 4135 1924 4190 non,
2000 4121 2154 4199 quia
2214 4122 2350 4183 hfec

798 4236 1102 4297 excitatio
1183 4237 1497 4312 competit
1560 4236 1718 4312 ipsis
1789 4253 1868 4298 ex
1933 4238 2350 4302 institutione

795 4370 914 4414 sua
969 4353 1336 4431 respective
1380 4352 1460 4413 ad
1509 4369 1686 4429 eum,
1751 4354 1862 4432 qui
1922 4352 2131 4415 fidem
2192 4371 2351 4416 con-

801 4470 1022 4544 cipere
1103 4472 1341 4544 potest,
1412 4467 1603 4541 sicut,
1676 4470 1725 4529 si
1800 4467 2171 4546 proferatur
2217 4470 2353 4533 haec

802 4584 1001 4646 dictio
1032 4585 1246 4653 homo,
1280 4590 1389 4645 aul
1419 4585 1607 4645 homo
1640 4589 1871 4660 currit,
1905 4603 2351 4665 quaecumque

801 4700 884 4758 sit
942 4699 1213 4760 intentio
1293 4697 1710 4774 proferentis,
1776 4703 2052 4779 perinde
2114 4707 2354 4767 excitat

804 4813 886 4875 ad
945 4817 1330 4877 memoriam
1385 4815 1624 4895 signati
1683 4817 2084 4890 audientem,
2139 4825 2206 4881 et
2254 4838 2357 4883 se-

807 4931 1097 4993 cundum
1139 4932 1263 4994 hoc
1310 4933 1504 4994 etiam
1578 4940 2065 5012 consequenter
2132 4935 2354 5000 dicere

805 5048 1079 5119 debent,
1127 5066 1251 5111 nec
1312 5066 1505 5110 usum
1563 5053 1831 5114 rationis
1890 5054 2062 5131 exigi
2106 5057 2174 5117 in
2233 5056 2349 5117 mi-

803 5167 1032 5236 nistrO,
1128 5165 1212 5225 ad
1311 5166 1484 5226 hunc
1559 5168 1731 5229 enim
1814 5168 2122 5229 effectum
2197 5171 2353 5233 nihil

807 5279 1137 5351 conducit,
1187 5297 1335 5341 cum
1394 5281 1607 5341 solum
1679 5280 2061 5360 dependeat
2118 5287 2199 5345 ab
2261 5289 2356 5346 in-

807 5399 1142 5459 stitutione
1189 5399 1383 5476 signi,
1437 5402 1503 5459 et
1555 5401 1912 5476 capacitate
1979 5401 2350 5474 audientis;

811 5516 992 5595 quod
1038 5523 1255 5581 tamen
1309 5526 1511 5599 negat
1561 5518 1915 5582 Kemnitius
1958 5521 2027 5580 in
2078 5523 2358 5584 secunda

1948 348 2090 410 Lm.
2140 348 2238 409 iv.
2283 345 2879 409 SENTENTIARUM

2427 514 2619 587 parce
2683 488 3030 577 examinis,
3077 524 3335 588 negans
3386 506 3706 567 actionem
3755 516 3929 560 sacra-

2435 626 2786 686 mentalem
2860 641 3006 685 esse
3075 623 3324 686 dehere
3398 621 3934 683 subsannationem

2437 745 2785 815 mimicam,
2820 747 2931 805 aut
2956 743 3198 804 lusum.
3245 742 3556 802 Eri-orem
3607 734 3936 813 praedictum

2439 860 2658 921 docuit
2702 860 3018 921 Lutherus
3061 860 3128 919 in
3178 857 3291 918 lib.
3340 857 3422 916 de
3468 856 3818 931 captivitate
3845 856 3940 913 Ba-

2439 976 2756 1051 bylonica,
2817 992 2961 1051 cap.
3007 976 3084 1036 de
3138 973 3517 1049 Baptismo,·
3559 973 3629 1029 et
3694 970 3759 1030 in
3813 970 3940 1027 arti-

2438 1092 2585 1151 culo
2637 1091 2731 1151 12.
2781 1088 3089 1151 damnato
3122 1105 3161 1149 a
3201 1090 3421 1149 Leone
3452 1086 3530 1146 X.
3577 1083 3857 1144 Calvinus
3896 1086 3945 1145 in

2442 1209 2726 1270 Antidota
2758 1209 2848 1268 ad
2886 1222 3106 1268 canon.
3148 1208 3241 1267 ll.
3282 1203 3662 1271 Tridentini,
3703 1200 3944 1261 Tilman·

2443 1338 2566 1384 nus
2596 1323 2662 1382 in
2693 1321 2805 1382 lib.
2854 1324 2932 1382 de
2974 1319 3306 1383 erroribus
3359 1316 3857 1390 Pontificiorvm.

2522 1440 2643 1502 Alii
2701 1441 3019 1501 Doctores
3064 1437 3395 1507 Catholici,
3454 1435 3608 1496 licet
3650 1432 3954 1495 admittant
4001 1522 4016 1529 -
4053 1464 4084 1508 ;ί

2445 1572 2671 1617 sanam
2734 1555 3100 1617 doctrinam
3157 1552 3244 1614 de
3306 1550 3698 1614 intentionis
3750 1530 4093 1633 neces-522:

2443 1673 2660 1743 sitate,
2712 1676 2927 1732 tamen
2983 1669 3181 1749 aliqui
3224 1684 3375 1729 earn
3429 1667 3600 1729 dure
3646 1666 3959 1744 explicant.

2447 1789 2852 1860 CatherinuS,
2936 1786 3000 1846 in
3076 1783 3397 1861 opusculo
3469 1782 3554 1844 de
3629 1782 3960 1848 intentione

2446 1905 2718 1968 ministri
2789 1905 3388 1973 sacramentorum,
3458 1899 3619 1963 dicit
3693 1897 3961 1960 sufficere

2447 2021 2880 2083 intentionem
2953 2020 3239 2080 exterius
3319 2016 3640 2088 faciendi,
3722 2035 3804 2078 ea
3861 2034 3971 2095 qua

2449 2135 2596 2197 facit
2669 2136 2978 2208 Ecclesia,
3069 2150 3310 2211 nempe
3387 2132 3694 2208 ponendi
3774 2132 3970 2193 abluti·

2451 2270 2672 2324 onem,
2747 2258 2812 2314 et
2864 2252 3066 2315 verba
3137 2252 3381 2325 debita,
3458 2265 3671 2328 quam
3740 2250 3976 2310 intenti·

2451 2387 2647 2431 onem
2704 2369 2933 2447 nequit
2997 2384 3131 2430 non
3201 2368 3474 2440 habere,
3563 2366 3623 2427 si
3694 2368 3776 2427 sit
3845 2382 3978 2426 sana

2451 2484 2711 2553 mentis,
2774 2483 3068 2560 quamvis
3137 2496 3358 2559 neque
3432 2480 3800 2541 Ecclesiam
3862 2497 3976 2541 esse

2455 2598 2700 2671 credat,
2760 2604 2872 2660 aut
2927 2598 3133 2659 ullum
3178 2598 3491 2659 effectum
3568 2599 3974 2663 sacramenti,

2454 2733 2674 2795 neque
2713 2716 2913 2777 ullam
2946 2714 3134 2776 aliam
3186 2715 3644 2790 intentionem,
3691 2731 3835 2793 quae
3859 2731 3974 2775 cum

2454 2831 2577 2892 hac
2611 2835 2911 2893 constare
2945 2834 3185 2905 potest,
3230 2828 3501 2892 officere
3551 2831 3969 2897 Sacramenta.

2456 2949 2613 3026 quin
2659 2946 3055 3024 perficiatur.

2538 3063 2782 3124 Citatur
2838 3080 2954 3140 pro
3001 3063 3239 3125 eadem
3302 3065 3636 3126 sententia
3685 3065 3971 3143 Angelus,

2455 3181 2658 3243 verbo
2716 3184 3082 3258 Baptismus
3125 3182 3184 3242 5.
3233 3197 3298 3242 n.
3350 3183 3412 3242 7.
3470 3181 3596 3242 sed
3657 3186 3973 3254 immerito,

2457 3298 2606 3376 quia
2658 3296 2812 3358 dicit
2863 3313 2994 3358 non
3052 3294 3356 3359 sufficere
3400 3298 3841 3360 intentionem
3886 3315 3969 3359 so·

2458 3415 2594 3477 lum
2649 3414 2907 3476 lavandi
2977 3433 3238 3494 corpuS,
3317 3420 3384 3478 et
3457 3418 3712 3496 requiri
3775 3419 3970 3479 saltem

2457 3532 2914 3605 intentionem,
2963 3548 3092 3612 qua
3151 3532 3262 3594 fiat
3332 3549 3454 3611 per
3499 3532 3773 3596 modum
3816 3551 3972 3597 θωπε-

2459 3656 2688 3717 monia}
2732 3660 3094 3728 consuetae,
3142 3661 3208 3717 et
3255 3658 3321 3716 in
3370 3657 3594 3734 reipsa
3639 3660 3808 3721 hanc
3852 3676 3968 3740 esse

2459 3772 2887 3834 intentionem
2941 3769 3245 3846 faciendi,
3321 3773 3503 3852 quod
3565 3772 3725 3836 facit
3784 3777 3969 3837 Eccle-

2462 3888 2578 3957 sia,
2626 3887 2778 3948 licet
2820 3903 2949 3948 non
3006 3886 3128 3948 sub
3184 3888 3296 3948 illo
3345 3903 3670 3965 expresso
3728 3890 3964 3951 motivo.

2465 4001 2643 4062 idem
2699 4002 2904 4063 sensit
2974 4004 3393 4065 innocentius
3451 4004 3547 4063 tv.
3602 4007 3671 4066 in
3731 4023 3862 4084 cap.
3918 4006 3978 4064 Si

2464 4123 2609 4195 quis
2668 4135 2975 4195 puerum,
3042 4119 3125 4181 de
3187 4122 3537 4196 Baptismo,
3606 4129 3739 4185 etc.
3810 4141 3971 4204 quem

2464 4236 2635 4297 male
2681 4237 2743 4297 in
2787 4252 2977 4298 suum
3014 4253 3303 4300 errorem
3335 4237 3582 4318 allegat
3626 4240 3969 4303 Kemnitius.

2466 4353 2835 4414 Paludanus
2902 4354 2967 4413 in
3036 4353 3173 4414 solo
3246 4356 3664 4417 matrimonio
3738 4360 3971 4437 requirit

2465 4471 2890 4535 intentionem
2967 4475 3218 4535 ratione
3291 4480 3697 4549 contractuS,
3745 4479 3818 4539 ¹in
3868 4493 3967 4556 quo

2467 4589 2856 4669 perficitur;
2930 4590 2995 4651 in
3070 4591 3209 4653 aliis
3293 4591 3506 4652 solum
3575 4595 3970 4656 intentionem

2466 4704 2841 4784 proferendi
2885 4706 3083 4766 verba
3128 4704 3446 4785 legitime,
3506 4713 3573 4768 et
3626 4709 3756 4772 hoc
3809 4715 3971 4787 potis·

2467 4824 2705 4883 simum
2738 4821 2973 4882 asserit
3013 4825 3078 4884 in
3113 4822 3470 4898 Baptismo,
3526 4828 3680 4904 quia
3726 4827 3975 4887 minister

2468 4955 2599 4999 non
2645 4942 2745 4999 est
2798 4954 2992 4998 causa
3050 4939 3451 5017 principalis,
3499 4940 3625 5002 sed
3678 4944 3972 5020 applicans

2469 5055 2677 5117 activa
2732 5055 3027 5132 passivis.
3099 5054 3262 5117 Vide
3323 5058 3468 5118 dist.
3538 5059 3605 5120 6.
3667 5066 3879 5137 quaest.
3921 5061 3968 5121 Ξ.

2469 5175 2594 5230 are.
2631 5171 2688 5231 3.
2741 5170 3143 5231 Sententiam
3187 5170 3363 5231 illam
3422 5173 3756 5256 catherini
3797 5177 3970 5254 sequi·

2472 5290 2573 5345 tur
2604 5286 2935 5365 Sylvester·
2978 5287 3178 5348 verbo
3225 5288 3600 5364 Baptismus
3649 5293 3734 5353 ι3.
3787 5296 3848 5352 et
3884 5306 3972 5368 pro

2469 5400 2706 5461 eadem
2765 5401 2998 5461 citatur
3059 5401 3133 5461 D.
3201 5402 3489 5463 Thomas
3563 5408 3634 5465 in
3687 5408 3806 5468 hac
3863 5385 4093 5502 ἀίειῐξξῖξζ

2463 5511 2679 5593 quaese.
2735 5516 2792 5579 1.
2841 5521 2967 5577 arc.
3019 5515 3081 5577 2.
3132 5518 3602 5593 quaestiuncula
3643 5524 3697 5582 1.
3729 5525 3815 5585 ad
3844 5523 3894 5582 2.
3927 5525 3969 5581 d
