4255 6375
518 1037 774 1152 υεὲἷῗοῗιῑε
836 1084 1172 1172 Baptismi‚
1240 1098 1370 1151 tam
1433 1093 1679 1151 remota
1788 1099 1981 1170 quam
2051 1077 2373 1167 proxima,

517 1179 770 1215 ¹'¹⁵¹⁰⁰¹⁸'
834 1214 983 1282 quoe
1039 1204 1142 1260 est
1203 1192 1403 1258 altera
1481 1211 1629 1277 pars
1697 1187 2120 1267 sacramenti,
2186 1188 2377 1273 Juxta

529 3759 742 3811 Materia

522 3822 771 3892 Baptismi

502 3899 755 3952 proxima,

522 3949 709 3999 ablutio
731 3965 745 4010 ς

531 4016 748 4072 remota,

557 4089 707 4138 aqua.

1273 727 1930 798 COMMENTARIUS.

921 969 991 1031 In
1057 967 1180 1033 hac
1255 966 1617 1053 quaestione
1673 962 1892 1049 agitur
1956 960 2037 1026 de
2110 957 2380 1025 materia

834 1310 1224 1379 sententiam
1285 1310 1714 1396 praemissam‚
1784 1307 1851 1372 in
1895 1304 2138 1393 'prima
2196 1326 2376 1391 quae-

830 1429 1066 1508 stione,
1154 1427 1258 1494 vel
1342 1437 1546 1494 totum
1626 1424 2117 1492 fundamentum
2187 1421 2377 1509 juxta

830 1544 1093 1612 modum
1155 1542 1523 1631 exponendi
1586 1542 1976 1609 sententiam
2049 1536 2370 1625 Magistri.

829 1662 1045 1728 Primo
1094 1660 1456 1749 suppositis
1512 1657 1919 1747 argumentis
1984 1655 2064 1722 ad
2116 1654 2378 1743 opposi-

828 1789 967 1845 tum
1041 1775 1324 1863 explicat
1394 1775 1728 1843 materiam
1813 1785 2183 1859 utramque.
2258 1773 2374 1836 Se-

827 1897 1040 1963 cundo
1097 1892 1505 1962 conditiones
1565 1889 1917 1978 requisitas
1974 1887 2054 1955 ad
2115 1885 2378 1953 materi-

826 2033 932 2079 am
994 2024 1334 2089 remotam,
1395 2022 1459 2077 et
1525 2007 1875 2095 respondet
1906 2004 2370 2093 {argumentis,

1397 2284 1805 2343 SCHOLIUM.

903 2577 1144 2642 Aquam
1175 2583 1310 2626 esse
1389 2568 1719 2625 materiam
1788 2569 2086 2623 remotam
2118 2570 2180 2622 et
2210 2564 2382 2621 lotio-

832 2684 974 2727 nem
1032 2669 1375 2741 proximam
1434 2665 1755 2737 Baptismi,
1812 2679 1882 2719 ex
1947 2665 2121 2720 Joan.
2207 2663 2263 2718 3.
2322 2665 2383 2719 et

831 2768 1082 2853 Mami..
1124 2769 1180 2823 3.
1273 2768 1546 2824 Trident.
1601 2779 1751 2822 sesS.
1809 2766 1864 2821 7.
1921 2778 2058 2819 can.
2119 2765 2175 2818 2.
2207 2765 2377 2817 Flor-

832 2872 1059 2931 decret.
1123 2876 1357 2949 Eugen.
1419 2875 1801 2929 Lateranen.
1876 2884 2010 2941 cap.
2062 2869 2376 2934 Firmiter,

832 2971 908 3028 de
1010 2972 1179 3028 Sum.
1265 2972 1437 3027 Trin.
1534 2975 1594 3027 et
1681 2968 1855 3041 ponit
1937 2968 2379 3039 congruentias

828 3071 1095 3142 optimas
1169 3071 1312 3127 talis
1399 3070 1838 3127 institutionis.
1928 3068 2227 3138 Proprius
2286 3071 2380 3124 ta-

831 3184 972 3226 men
1030 3168 1358 3242 loquendo,
1418 3174 1612 3228 totum
1674 3168 2148 3226 fundamentum
2210 3165 2379 3224 rela-

835 3269 1022 3326 tionis
1102 3273 1196 3328 est
1270 3269 1558 3337 materia,
1638 3283 1715 3325 ex
1802 3271 2022 3340 quaest.
2109 3263 2377 3337 praeced.

829 3380 1003 3423 num.
1060 3367 1114 3424 3.

925 3591 1076 3666 Hic
1118 3591 1535 3665 dicendum
1578 3594 1682 3682 (a)
1720 3595 1845 3664 est
1907 3591 2377 3685 proportio-

830 3709 1216 3784 nabiliter
1300 3709 1395 3780 ad
1481 3708 1699 3792 illud,
1792 3708 1995 3800 quod
2068 3707 2373 3781 dictum

830 3829 953 3898 est
1094 3825 1174 3898 in
1306 3825 1710 3919 principio
1847 3824 2374 3918 praecedentis

832 3942 1333 4033 quaestionis,
1442 3941 1791 4014 Materia
1873 3931 2115 4023 enim,
2191 3962 2376 4035 pro-

832 4060 1009 4152 prie
1100 4060 1591 4154 accipiendo,
1683 4059 1893 4134 sicut
2006 4059 2202 4132 illud
2295 4060 2375 4132 in

831 4198 989 4268 quo
1081 4180 1204 4249 est
1301 4177 1569 4249 forma
1661 4175 1802 4257 rei,
1894 4179 2017 4248 est
2103 4180 2373 4250 totum

832 4294 1026 4366 illud
1110 4294 1313 4386 quod
1407 4299 1530 4367 est
1614 4293 1719 4366 ibi
1791 4293 2194 4375 sensibile,
2294 4293 2371 4366 in

830 4432 985 4504 quo
1056 4411 1440 4484 fundatur
1528 4409 1821 4484 relatio
1868 4410 2107 4503 signi,
2167 4411 2375 4504 quod

827 4532 954 4602 cst
1057 4526 1405 4600 formale
1492 4527 1570 4600 in
1679 4527 2147 4620 Baptismo;
2240 4528 2374 4600 sed

828 4644 1043 4718 sicut
1109 4643 1189 4716 in
1296 4643 1435 4716 illo
1531 4647 1706 4717 toto
1803 4643 2166 4717 sensibili
2234 4645 2375 4718 ali·

833 4759 1015 4853 quid
1083 4764 1209 4834 est
1280 4757 1835 4852 principalius,
1897 4765 1984 4835 ut
2046 4760 2374 4835 ultima-

829 4880 910 4950 te
984 4873 1562 4958 determinanS,
1650 4880 1732 4950 et
1813 4876 1985 4948 ideo
2074 4877 2376 4950 dieitur

828 4993 1123 5076 forma,
1239 4992 1353 5065 ita
1464 4991 1764 5084 aliquid
1875 4995 1998 5064 est
2106 4993 2373 5066 minus

827 5108 1279 5202 principale
1384 5106 1510 5179 vel
1591 5105 2229 5189 determinabile‚
2294 5111 2370 5180 et

826 5223 1022 5297 illud
1106 5220 1410 5294 dieitur
1487 5223 1899 5301 materia;,
1977 5222 2111 5294 sed
2209 5223 2372 5296 tale

828 5344 1097 5436 potest
1209 5337 1555 5430 intelligi
1655 5335 1782 5412 vel
1906 5338 2369 5430 proximum

826 5458 920 5529 ad
992 5455 1632 5547 significandum,
1721 5451 1850 5525 vel
1930 5457 2364 5528 remotum.

828 5573 1303 5658 Proximum
1379 5578 1504 5646 est
1567 5573 1745 5666 ipsa
1811 5575 2119 5651 ablutio
2181 5574 2369 5649 visi-

1986 412 2132 481 [ΑΒ.
2182 408 2284 477 lV.
2326 407 2927 476 SENTENTIARUM

2490 571 2703 656 bilis,
2749 573 2927 666 ipsa
3002 573 3218 647 enim
3284 592 3472 646 cum
3528 571 3780 645 verbis
3822 576 3949 646 taur

2495 710 2731 784 quam
2813 691 3130 783 signum
3203 690 3640 783 proximum
3713 689 3953 780 signifi

2492 813 2624 882 eat
2687 808 3065 881 effectum
3150 806 3568 900 Baptismi.
3652 809 3756 880 Et
3834 805 3958 877 ideo

2490 943 2650 995 non
2753 928 2993 1016 urget
3094 944 3241 996 nos
3344 923 3487 995 illa
3593 922 3959 1003 dubitatio.

2493 1039 2760 1130 prima
2864 1061 2935 1132 q.
3043 1042 3107 1110 1.
3222 1042 3528 1119 Detrahe,
3611 1058 3710 1109 ne
3803 1036 4007 1113 sol-tei

2490 1154 2767 1228 asinus
2835 1154 3055 1227 bibat
3134 1157 3775 1234 Sacramentum.
3839 1174 3962 1243 quae

2487 1291 2679 1345 vere
2745 1273 2868 1344 est
2953 1269 3350 1345 dubitatio
3425 1270 3764 1350 asinina,
3830 1270 4000 1362 quia-

2490 1387 2631 1460 illa
2714 1387 3019 1462 ablutio
3114 1408 3275 1460 non
3369 1388 3601 1460 durat
3687 1385 3847 1458 nisi
3915 1386 3967 1456 'u

2485 1508 2664 1590 fieri,
2769 1509 2850 1579 et
2969 1509 3709 1597 quantumcumque
3817 1522 3963 1593 aqua

2490 1623 2764 1713 posset
2869 1620 3054 1703 bibi,
3150 1620 3279 1693 vel
3370 1619 3524 1693 huc
3606 1618 3741 1692 vel
3840 1617 3971 1691 illue

2486 1735 2972 1817 transfundi,
3011 1735 3188 1829 ipsa
3227 1735 3537 1808 ablutio
3605 1754 3793 1807 non.

2577 1853 2679 1926 Et
2737 1851 3236 1945 intelligitur
3315 1851 3439 1953 (b).
3493 1849 3805 1925 ablutio
3867 1848 3975 1925 hic.

2485 1987 2647 2041 non
2707 1972 3023 2043 tantum
3123 1967 3338 2042 sicut
3421 1987 3632 2059 aqua
3740 1967 3981 2039 dicitnr

2486 2087 2768 2161 lavare
2854 2106 3152 2180 corpus
3224 2085 3454 2179 quasi
3532 2085 3979 2163 formaliter.

2492 2205 2625 2275 sed
2710 2203 2919 2278 sicut
3018 2203 3259 2276 homo
3352 2202 3653 2277 dicitur
3761 2202 3980 2273 lavare

2488 2339 2789 2412 corpus
2850 2341 3033 2393 cum
3104 2340 3338 2412 aqua,
3403 2319 3636 2411 quasi
3703 2317 3979 2412 proprie

2486 2435 2774 2509 active.
2829 2436 3040 2508 Nam
3090 2435 3312 2509 solus
3380 2438 3817 2509 contactus
3852 2453 3978 2506 cor·

2488 2552 2713 2647 poris
2804 2552 2903 2625 ab
2998 2573 3231 2645 aqua,
3323 2573 3498 2646 quae
3577 2557 3709 2627 est
3809 2549 3979 2644 quasi

2489 2669 2797 2743 ablutio
2849 2668 3250 2749 formalis,
3316 2689 3477 2741 non
3537 2674 3666 2743 est
3721 2668 3980 2741 institu-

2487 2788 2574 2857 ta
2676 2789 3068 2877 tanquam
3166 2785 3517 2876 signum,
3616 2784 3752 2857 vel
3846 2802 3981 2876 pars

2491 2902 2727 2993 signi.
2847 2903 2981 2975 sed
3081 2902 3257 2994 ipsa
3352 2901 3556 2975 lotio
3674 2900 3984 2974 effective

2490 3018 2708 3092 facta
2804 3017 2903 3090 ab
3007 3017 3279 3110 aliquo
3381 3017 3789 3091 abluente.
3870 3018 3980 3088 Nec

2493 3137 2845 3229 oportet.
2894 3136 3102 3228 quod
3151 3136 3258 3211 sit
3301 3135 3406 3208 ibi
3440 3134 3759 3211 ablutio
3803 3139 3987 3230 prout

2487 3251 3022 3344 distinguitur
3107 3252 3396 3325 contra
3471 3251 3888 3329 lotionem.
3934 3257 3985 3321 et

2490 3347 2828 3437 includit
2931 3363 3427 3437 amotionem
3544 3363 3898 3438 sordium
3956 3381 3985 3432 a

2489 3499 2842 3573 corpore
2955 3499 3101 3573 per
3208 3484 3692 3555 contactum
3790 3499 3984 3572 aquae.

2490 3597 2624 3669 sed
2681 3596 2984 3670 sufficit
3033 3595 3236 3671 lotio
3280 3597 3360 3669 in
3401 3598 3824 3671 communi
3868 3595 3982 3668 dic-

2487 3717 2573 3786 ta
2662 3712 3042 3806 corporis
3135 3711 3235 3783 ab
3336 3730 3572 3804 aqua,
3633 3713 3805 3785 alio
3881 3709 3984 3780 hoc

2483 3834 2798 3922 agente,
2874 3830 3078 3923 quod
3127 3828 3332 3901 nihil
3398 3829 3619 3902 aliud
3664 3835 3815 3910 est,
3870 3825 3981 3899 nisi

2489 3947 2695 4038 quod
2792 3949 3115 4038 oportet
3221 3945 3471 4019 istum
3569 3948 3980 4018 contactum

2487 4060 2866 4161 corporis
2955 4060 3053 4131 ab
3131 4079 3341 4152 aqua
3401 4059 3609 4140 fieri,
3701 4060 3796 4132 ab
3868 4057 3983 4130 alio

2486 4182 2879 4251 causante
2919 4179 3393 4251 contactum
3437 4175 3726 4250 istum.
3752 4179 3841 4250 Et
3870 4175 3983 4246 isto

2488 4294 2719 4367 modo
2740 4292 3258 4385 intelligendo
3292 4292 3797 4367 ablutionem
3825 4290 3983 4364 etlo-

2487 4410 2819 4496 tionem,
2928 4408 3127 4482 lotio
3196 4412 3321 4482 est
3364 4411 3727 4483 materia
3760 4402 3977 4502 proxi·

2489 4546 2641 4606 ma,
2681 4523 2910 4618 quasi
2938 4544 3080 4616 per
3113 4545 3197 4597 se
3237 4522 3866 4605 fundamentum,
3896 4517 3976 4591 vel

2487 4661 2679 4733 pars
2769 4639 3268 4713 fundamenti
3323 4639 3568 4714 istius
3630 4640 3974 4733 significa·

2484 4757 2785 4839 tionis;
2857 4777 3069 4850 aqua
3137 4761 3412 4831 autem
3487 4764 3618 4831 est
3699 4752 3972 4832 materia

2487 4879 2831 4955 remota.
2943 4896 3119 4968 quae
3195 4874 3681 4968 applicatur
3758 4888 3974 4963 corpe

2486 4991 2560 5063 ri
2634 4991 2713 5064 in
2808 4990 2968 5064 ista
3040 4991 3367 5066 lotione.

2578 5112 2678 5184 Et
2739 5108 2978 5200 hujus
3066 5108 3443 5202 probatio
3512 5113 3614 5202 (c)
3697 5105 3965 5185 nonest

2486 5226 2677 5307 alia,
2786 5224 2943 5298 nisi
3070 5225 3257 5320 quia
3338 5225 3455 5299 sic
3562 5226 3962 5304 institutum

2482 5347 2631 5423 est,
2709 5347 2797 5416 ut
2857 5347 3083 5435 patet
3140 5346 3335 5413 Joan.
3404 5343 3471 5414 3.
3545 5360 3614 5414 et
3672 5344 3868 5415 Mami.
3910 5338 3953 5405 3.

2484 5467 2752 5543 Quare
2828 5465 3101 5534 autem
3162 5460 3266 5534 sit
3329 5461 3446 5534 sic
3525 5461 3949 5538 institutum,

2483 5581 2671 5650 sunt
2757 5582 3064 5669 apertae
3166 5579 3751 5670 congruentiae,
3817 5569 3951 5671 qui&
