<?xml version="1.0" encoding="UTF-8"?>
<!DOCTYPE html PUBLIC "-//W3C//DTD XHTML 1.0 Transitional//EN"
    "http://www.w3.org/TR/xhtml1/DTD/xhtml1-transitional.dtd">
<html xmlns="http://www.w3.org/1999/xhtml" xml:lang="en" lang="en">
 <head>
  <title>
</title>
<meta http-equiv="Content-Type" content="text/html;charset=utf-8" />
  <meta name='ocr-system' content='tesseract 3.04.00' />
  <meta name='ocr-capabilities' content='ocr_page ocr_carea ocr_par ocr_line ocrx_word'/>
</head>
<body>
  <div class='ocr_page' id='page_1' title='image "./joannisdunsscot02waddgoog_0366.png"; bbox 0 0 4255 6375; ppageno 0'>
   <div class='ocr_carea' id='block_1_1' title="bbox 469 1082 788 1277">
    <p class='ocr_par' dir='ltr' id='par_1_1' title="bbox 469 1082 788 1277">
     <span class='ocr_line' id='line_1_1' title="bbox 472 1082 788 1157; baseline -0.003 -22"><span class='ocrx_word' id='word_1_1' title='bbox 472 1082 679 1157; x_wconf 76' lang='lat' dir='ltr'>Veritas</span> <span class='ocrx_word' id='word_1_2' title='bbox 727 1100 788 1134; x_wconf 84' lang='lat' dir='ltr'>ex</span> 
     </span>
     <span class='ocr_line' id='line_1_2' title="bbox 551 1154 708 1197; baseline 0.006 -1"><span class='ocrx_word' id='word_1_3' title='bbox 551 1154 708 1197; x_wconf 76' lang='lat' dir='ltr'>certis</span> 
     </span>
     <span class='ocr_line' id='line_1_3' title="bbox 469 1211 744 1277; baseline 0.015 -18"><span class='ocrx_word' id='word_1_4' title='bbox 469 1213 477 1275; x_wconf 71' lang='grc' dir='ltr'>ζ</span> <span class='ocrx_word' id='word_1_5' title='bbox 507 1211 721 1277; x_wconf 87' lang='lat' dir='ltr'>petenda</span> <span class='ocrx_word' id='word_1_6' title='bbox 734 1252 744 1263; x_wconf 91' lang='lat'><strong><em>.</em></strong></span> 
     </span>
    </p>
   </div>
   <div class='ocr_carea' id='block_1_2' title="bbox 505 2608 760 2723">
    <p class='ocr_par' dir='ltr' id='par_1_2' title="bbox 505 2608 760 2723">
     <span class='ocr_line' id='line_1_4' title="bbox 505 2608 760 2661; baseline -0.004 0"><span class='ocrx_word' id='word_1_7' title='bbox 505 2608 738 2661; x_wconf 82' lang='lat' dir='ltr'>Bernard</span> <span class='ocrx_word' id='word_1_8' title='bbox 748 2647 760 2660; x_wconf 89' lang='lat'><strong><em>.</em></strong></span> 
     </span>
     <span class='ocr_line' id='line_1_5' title="bbox 514 2670 752 2723; baseline -0.004 0"><span class='ocrx_word' id='word_1_9' title='bbox 514 2670 731 2723; x_wconf 85' lang='lat' dir='ltr'>Trident</span> <span class='ocrx_word' id='word_1_10' title='bbox 741 2710 752 2722; x_wconf 92' lang='lat'><strong>.</strong></span> 
     </span>
    </p>
   </div>
   <div class='ocr_carea' id='block_1_3' title="bbox 514 3646 775 3824">
    <p class='ocr_par' dir='ltr' id='par_1_3' title="bbox 514 3646 775 3824">
     <span class='ocr_line' id='line_1_6' title="bbox 521 3646 775 3721; baseline 0 -22"><span class='ocrx_word' id='word_1_11' title='bbox 521 3646 675 3699; x_wconf 84' lang='lat' dir='ltr'>Ratio</span> <span class='ocrx_word' id='word_1_12' title='bbox 710 3665 775 3721; x_wconf 77' lang='lat' dir='ltr'>ex</span> 
     </span>
     <span class='ocr_line' id='line_1_7' title="bbox 514 3726 762 3824; baseline 0.004 -64"><span class='ocrx_word' id='word_1_13' title='bbox 514 3726 762 3824; x_wconf 46' lang='lat' dir='ltr'>coagun-</span> 
     </span>
    </p>
   </div>
   <div class='ocr_carea' id='block_1_4' title="bbox 1953 170 1984 185">
    <p class='ocr_par' dir='ltr' id='par_1_4' title="bbox 1953 170 1984 185">
     <span class='ocr_line' id='line_1_8' title="bbox 1953 170 1984 185; baseline 0 0"><span class='ocrx_word' id='word_1_14' title='bbox 1953 170 1984 185; x_wconf 42' lang='lat' dir='ltr'>Q</span> 
     </span>
    </p>
   </div>
   <div class='ocr_carea' id='block_1_5' title="bbox 815 429 932 493">
    <p class='ocr_par' dir='ltr' id='par_1_5' title="bbox 815 429 932 493">
     <span class='ocr_line' id='line_1_9' title="bbox 815 429 932 493; baseline -0.009 0"><span class='ocrx_word' id='word_1_15' title='bbox 815 429 932 493; x_wconf 81' lang='lat'>360</span> 
     </span>
    </p>
   </div>
   <div class='ocr_carea' id='block_1_6' title="bbox 817 592 2384 4175">
    <p class='ocr_par' dir='ltr' id='par_1_6' title="bbox 818 592 2374 1019">
     <span class='ocr_line' id='line_1_10' title="bbox 823 592 2369 672; baseline 0 -18"><span class='ocrx_word' id='word_1_16' title='bbox 823 595 1020 671; x_wconf 89' lang='lat' dir='ltr'>cepti,</span> <span class='ocrx_word' id='word_1_17' title='bbox 1068 594 1238 658; x_wconf 84' lang='lat' dir='ltr'>sicut</span> <span class='ocrx_word' id='word_1_18' title='bbox 1295 596 1362 655; x_wconf 86' lang='lat' dir='ltr'>et</span> <span class='ocrx_word' id='word_1_19' title='bbox 1416 593 1695 656; x_wconf 86' lang='lat' dir='ltr'>alterum</span> <span class='ocrx_word' id='word_1_20' title='bbox 1758 592 1843 655; x_wconf 92' lang='lat' dir='ltr'>de</span> <span class='ocrx_word' id='word_1_21' title='bbox 1900 593 2369 672; x_wconf 74' lang='lat' dir='ltr'>publicatione,</span> 
     </span>
     <span class='ocr_line' id='line_1_11' title="bbox 819 709 2372 788; baseline 0 -18"><span class='ocrx_word' id='word_1_22' title='bbox 819 713 895 770; x_wconf 91' lang='lat' dir='ltr'>ut</span> <span class='ocrx_word' id='word_1_23' title='bbox 934 725 1091 771; x_wconf 91' lang='lat' dir='ltr'>vero</span> <span class='ocrx_word' id='word_1_24' title='bbox 1141 709 1423 787; x_wconf 90' lang='lat' dir='ltr'>primum</span> <span class='ocrx_word' id='word_1_25' title='bbox 1473 710 1871 788; x_wconf 90' lang='lat' dir='ltr'>publicatum</span> <span class='ocrx_word' id='word_1_26' title='bbox 1918 716 2037 780; x_wconf 92' lang='lat' dir='ltr'>est,</span> <span class='ocrx_word' id='word_1_27' title='bbox 2071 713 2372 787; x_wconf 88' lang='lat' dir='ltr'>respectu</span> 
     </span>
     <span class='ocr_line' id='line_1_12' title="bbox 824 827 2374 907; baseline 0.001 -22"><span class='ocrx_word' id='word_1_28' title='bbox 824 827 1333 898; x_wconf 81' lang='lat' dir='ltr'>communitatiS,</span> <span class='ocrx_word' id='word_1_29' title='bbox 1406 829 1497 889; x_wconf 88' lang='lat' dir='ltr'>sic</span> <span class='ocrx_word' id='word_1_30' title='bbox 1568 832 1669 889; x_wconf 90' lang='lat' dir='ltr'>est</span> <span class='ocrx_word' id='word_1_31' title='bbox 1725 827 2067 907; x_wconf 86' lang='lat' dir='ltr'>obligans,·</span> <span class='ocrx_word' id='word_1_32' title='bbox 2098 830 2151 890; x_wconf 90' lang='lat' dir='ltr'>si</span> <span class='ocrx_word' id='word_1_33' title='bbox 2196 831 2374 887; x_wconf 87' lang='lat' dir='ltr'>esset</span> 
     </span>
     <span class='ocr_line' id='line_1_13' title="bbox 818 940 1448 1019; baseline 0.005 -17"><span class='ocrx_word' id='word_1_34' title='bbox 818 940 950 1015; x_wconf 85' lang='lat' dir='ltr'>lex,</span> <span class='ocrx_word' id='word_1_35' title='bbox 984 947 1052 1004; x_wconf 89' lang='lat' dir='ltr'>et</span> <span class='ocrx_word' id='word_1_36' title='bbox 1079 957 1214 1004; x_wconf 90' lang='lat' dir='ltr'>non</span> <span class='ocrx_word' id='word_1_37' title='bbox 1245 946 1448 1019; x_wconf 67' lang='lat' dir='ltr'>prius,</span> 
     </span>
    </p>

    <p class='ocr_par' dir='ltr' id='par_1_7' title="bbox 817 1058 2378 2538">
     <span class='ocr_line' id='line_1_14' title="bbox 898 1058 2372 1138; baseline 0.001 -20"><span class='ocrx_word' id='word_1_38' title='bbox 898 1059 1134 1138; x_wconf 84' lang='lat' dir='ltr'>Neque</span> <span class='ocrx_word' id='word_1_39' title='bbox 1161 1058 1356 1121; x_wconf 92' lang='lat' dir='ltr'>video</span> <span class='ocrx_word' id='word_1_40' title='bbox 1401 1075 1518 1121; x_wconf 90' lang='lat' dir='ltr'>cur</span> <span class='ocrx_word' id='word_1_41' title='bbox 1566 1058 1652 1122; x_wconf 88' lang='lat' dir='ltr'>ad</span> <span class='ocrx_word' id='word_1_42' title='bbox 1695 1061 2133 1123; x_wconf 80' lang='lat' dir='ltr'>revelationes</span> <span class='ocrx_word' id='word_1_43' title='bbox 2164 1060 2372 1123; x_wconf 89' lang='lat' dir='ltr'>incer-</span> 
     </span>
     <span class='ocr_line' id='line_1_15' title="bbox 822 1174 2375 1248; baseline 0.002 -13"><span class='ocrx_word' id='word_1_44' title='bbox 822 1179 918 1237; x_wconf 90' lang='lat' dir='ltr'>tas</span> <span class='ocrx_word' id='word_1_45' title='bbox 963 1178 1030 1236; x_wconf 90' lang='lat' dir='ltr'>et</span> <span class='ocrx_word' id='word_1_46' title='bbox 1091 1174 1323 1237; x_wconf 91' lang='lat' dir='ltr'>dubias</span> <span class='ocrx_word' id='word_1_47' title='bbox 1381 1175 1856 1238; x_wconf 90' lang='lat' dir='ltr'>recurrendum</span> <span class='ocrx_word' id='word_1_48' title='bbox 1921 1178 2024 1248; x_wconf 88' lang='lat' dir='ltr'>sit,</span> <span class='ocrx_word' id='word_1_49' title='bbox 2084 1194 2234 1238; x_wconf 86' lang='lat' dir='ltr'>cum</span> <span class='ocrx_word' id='word_1_50' title='bbox 2292 1194 2375 1238; x_wconf 83' lang='lat' dir='ltr'>ex</span> 
     </span>
     <span class='ocr_line' id='line_1_16' title="bbox 817 1292 2372 1372; baseline 0.002 -19"><span class='ocrx_word' id='word_1_51' title='bbox 817 1293 960 1370; x_wconf 91' lang='lat' dir='ltr'>ipso</span> <span class='ocrx_word' id='word_1_52' title='bbox 1001 1292 1358 1372; x_wconf 84' lang='lat' dir='ltr'>Evangelio</span> <span class='ocrx_word' id='word_1_53' title='bbox 1402 1292 1546 1354; x_wconf 91' lang='lat' dir='ltr'>loco</span> <span class='ocrx_word' id='word_1_54' title='bbox 1602 1295 1792 1355; x_wconf 89' lang='lat' dir='ltr'>citato</span> <span class='ocrx_word' id='word_1_55' title='bbox 1846 1295 2081 1356; x_wconf 89' lang='lat' dir='ltr'>veritas</span> <span class='ocrx_word' id='word_1_56' title='bbox 2130 1293 2372 1356; x_wconf 88' lang='lat' dir='ltr'>habea·</span> 
     </span>
     <span class='ocr_line' id='line_1_17' title="bbox 822 1408 2372 1488; baseline 0.003 -21"><span class='ocrx_word' id='word_1_57' title='bbox 822 1412 947 1481; x_wconf 89' lang='lat' dir='ltr'>tur,</span> <span class='ocrx_word' id='word_1_58' title='bbox 995 1408 1291 1487; x_wconf 91' lang='lat' dir='ltr'>quamvis</span> <span class='ocrx_word' id='word_1_59' title='bbox 1346 1410 1431 1473; x_wconf 92' lang='lat' dir='ltr'>ibi</span> <span class='ocrx_word' id='word_1_60' title='bbox 1493 1409 1717 1471; x_wconf 90' lang='lat' dir='ltr'>datum</span> <span class='ocrx_word' id='word_1_61' title='bbox 1767 1417 2166 1488; x_wconf 57' lang='lat' dir='ltr'>praeceptum</span> <span class='ocrx_word' id='word_1_62' title='bbox 2216 1416 2372 1471; x_wconf 89' lang='lat' dir='ltr'>tunc</span> 
     </span>
     <span class='ocr_line' id='line_1_18' title="bbox 821 1525 2372 1609; baseline 0.005 -25"><span class='ocrx_word' id='word_1_63' title='bbox 821 1525 1090 1603; x_wconf 84' lang='lat' dir='ltr'>quidem</span> <span class='ocrx_word' id='word_1_64' title='bbox 1146 1528 1372 1590; x_wconf 88' lang='lat' dir='ltr'>habuit</span> <span class='ocrx_word' id='word_1_65' title='bbox 1440 1527 1570 1589; x_wconf 90' lang='lat' dir='ltr'>vim</span> <span class='ocrx_word' id='word_1_66' title='bbox 1627 1528 1988 1609; x_wconf 86' lang='lat' dir='ltr'>obligandi,</span> <span class='ocrx_word' id='word_1_67' title='bbox 2055 1535 2372 1608; x_wconf 90' lang='lat' dir='ltr'>quantum</span> 
     </span>
     <span class='ocr_line' id='line_1_19' title="bbox 822 1641 2372 1719; baseline 0.003 -19"><span class='ocrx_word' id='word_1_68' title='bbox 822 1645 923 1701; x_wconf 90' lang='lat' dir='ltr'>est</span> <span class='ocrx_word' id='word_1_69' title='bbox 962 1656 1045 1701; x_wconf 87' lang='lat' dir='ltr'>ex</span> <span class='ocrx_word' id='word_1_70' title='bbox 1102 1641 1647 1705; x_wconf 72' lang='lat' dir='ltr'>determinatione</span> <span class='ocrx_word' id='word_1_71' title='bbox 1705 1642 2057 1705; x_wconf 88' lang='lat' dir='ltr'>voluntatis</span> <span class='ocrx_word' id='word_1_72' title='bbox 2115 1643 2372 1719; x_wconf 75' lang='lat' dir='ltr'>Christi,</span> 
     </span>
     <span class='ocr_line' id='line_1_20' title="bbox 819 1755 2367 1839; baseline 0.003 -23"><span class='ocrx_word' id='word_1_73' title='bbox 819 1755 942 1817; x_wconf 91' lang='lat' dir='ltr'>sed</span> <span class='ocrx_word' id='word_1_74' title='bbox 998 1772 1133 1817; x_wconf 90' lang='lat' dir='ltr'>non</span> <span class='ocrx_word' id='word_1_75' title='bbox 1180 1774 1294 1835; x_wconf 91' lang='lat' dir='ltr'>pro</span> <span class='ocrx_word' id='word_1_76' title='bbox 1362 1763 1537 1831; x_wconf 89' lang='lat' dir='ltr'>tunc,</span> <span class='ocrx_word' id='word_1_77' title='bbox 1585 1759 1736 1839; x_wconf 90' lang='lat' dir='ltr'>quia</span> <span class='ocrx_word' id='word_1_78' title='bbox 1781 1761 1874 1819; x_wconf 87' lang='lat' dir='ltr'>sic</span> <span class='ocrx_word' id='word_1_79' title='bbox 1927 1761 2126 1822; x_wconf 85' lang='lat' dir='ltr'>eliam</span> <span class='ocrx_word' id='word_1_80' title='bbox 2185 1767 2367 1821; x_wconf 89' lang='lat' dir='ltr'>tene·</span> 
     </span>
     <span class='ocr_line' id='line_1_21' title="bbox 821 1874 2375 1954; baseline 0.003 -22"><span class='ocrx_word' id='word_1_81' title='bbox 821 1876 1050 1933; x_wconf 89' lang='lat' dir='ltr'>rentur</span> <span class='ocrx_word' id='word_1_82' title='bbox 1085 1875 1381 1951; x_wconf 80' lang='lat' dir='ltr'>Apostoli</span> <span class='ocrx_word' id='word_1_83' title='bbox 1427 1874 1803 1952; x_wconf 81' lang='lat' dir='ltr'>praedicare,</span> <span class='ocrx_word' id='word_1_84' title='bbox 1852 1876 2021 1954; x_wconf 89' lang='lat' dir='ltr'>quod</span> <span class='ocrx_word' id='word_1_85' title='bbox 2074 1882 2176 1938; x_wconf 90' lang='lat' dir='ltr'>est</span> <span class='ocrx_word' id='word_1_86' title='bbox 2223 1893 2375 1936; x_wconf 84' lang='lat' dir='ltr'>con·</span> 
     </span>
     <span class='ocr_line' id='line_1_22' title="bbox 823 1989 2378 2064; baseline 0.004 -14"><span class='ocrx_word' id='word_1_87' title='bbox 823 1996 919 2051; x_wconf 89' lang='lat' dir='ltr'>tra</span> <span class='ocrx_word' id='word_1_88' title='bbox 963 1989 1086 2051; x_wconf 86' lang='lat' dir='ltr'>alia</span> <span class='ocrx_word' id='word_1_89' title='bbox 1138 1991 1486 2054; x_wconf 86' lang='lat' dir='ltr'>constituta</span> <span class='ocrx_word' id='word_1_90' title='bbox 1538 2009 1573 2053; x_wconf 89' lang='lat' dir='ltr'>a</span> <span class='ocrx_word' id='word_1_91' title='bbox 1623 1992 1897 2064; x_wconf 80' lang='lat' dir='ltr'>Christe,</span> <span class='ocrx_word' id='word_1_92' title='bbox 1927 1997 2002 2054; x_wconf 89' lang='lat' dir='ltr'>ut</span> <span class='ocrx_word' id='word_1_93' title='bbox 2029 2000 2378 2056; x_wconf 87' lang='lat' dir='ltr'>manerent</span> 
     </span>
     <span class='ocr_line' id='line_1_23' title="bbox 825 2106 2375 2182; baseline 0.005 -19"><span class='ocrx_word' id='word_1_94' title='bbox 825 2110 1276 2182; x_wconf 81' lang='lat' dir='ltr'>expectanteS,</span> <span class='ocrx_word' id='word_1_95' title='bbox 1353 2106 1566 2170; x_wconf 89' lang='lat' dir='ltr'>donec</span> <span class='ocrx_word' id='word_1_96' title='bbox 1636 2108 2071 2171; x_wconf 89' lang='lat' dir='ltr'>induerentur</span> <span class='ocrx_word' id='word_1_97' title='bbox 2138 2111 2375 2172; x_wconf 91' lang='lat' dir='ltr'>virtute</span> 
     </span>
     <span class='ocr_line' id='line_1_24' title="bbox 826 2224 2370 2304; baseline 0.003 -21"><span class='ocrx_word' id='word_1_98' title='bbox 826 2238 910 2284; x_wconf 83' lang='lat' dir='ltr'>ex</span> <span class='ocrx_word' id='word_1_99' title='bbox 967 2224 1118 2297; x_wconf 93' lang='lat' dir='ltr'>alto,</span> <span class='ocrx_word' id='word_1_100' title='bbox 1189 2240 1312 2302; x_wconf 91' lang='lat' dir='ltr'>per</span> <span class='ocrx_word' id='word_1_101' title='bbox 1366 2224 1722 2287; x_wconf 90' lang='lat' dir='ltr'>adventum</span> <span class='ocrx_word' id='word_1_102' title='bbox 1785 2227 2059 2304; x_wconf 89' lang='lat' dir='ltr'>Spiritus</span> <span class='ocrx_word' id='word_1_103' title='bbox 2122 2227 2370 2302; x_wconf 88' lang='lat' dir='ltr'>sancti;</span> 
     </span>
     <span class='ocr_line' id='line_1_25' title="bbox 827 2341 2373 2425; baseline 0.005 -24"><span class='ocrx_word' id='word_1_104' title='bbox 827 2356 987 2419; x_wconf 88' lang='lat' dir='ltr'>ergo</span> <span class='ocrx_word' id='word_1_105' title='bbox 1025 2341 1157 2402; x_wconf 92' lang='lat' dir='ltr'>vim</span> <span class='ocrx_word' id='word_1_106' title='bbox 1196 2342 1533 2423; x_wconf 88' lang='lat' dir='ltr'>obligandi</span> <span class='ocrx_word' id='word_1_107' title='bbox 1592 2362 1706 2422; x_wconf 90' lang='lat' dir='ltr'>pro</span> <span class='ocrx_word' id='word_1_108' title='bbox 1761 2344 1977 2407; x_wconf 88' lang='lat' dir='ltr'>futuro</span> <span class='ocrx_word' id='word_1_109' title='bbox 2028 2347 2373 2425; x_wconf 89' lang='lat' dir='ltr'>supposita</span> 
     </span>
     <span class='ocr_line' id='line_1_26' title="bbox 826 2457 1377 2538; baseline 0.007 -21"><span class='ocrx_word' id='word_1_110' title='bbox 826 2457 1377 2538; x_wconf 85' lang='lat' dir='ltr'>promulgatione.</span> 
     </span>
    </p>

    <p class='ocr_par' dir='ltr' id='par_1_8' title="bbox 820 2571 2384 4175">
     <span class='ocr_line' id='line_1_27' title="bbox 908 2571 2373 2655; baseline 0.004 -22"><span class='ocrx_word' id='word_1_111' title='bbox 908 2571 1124 2635; x_wconf 85' lang='lat' dir='ltr'>Tertio</span> <span class='ocrx_word' id='word_1_112' title='bbox 1198 2572 1434 2637; x_wconf 89' lang='lat' dir='ltr'>eadem</span> <span class='ocrx_word' id='word_1_113' title='bbox 1507 2580 1608 2637; x_wconf 90' lang='lat' dir='ltr'>est</span> <span class='ocrx_word' id='word_1_114' title='bbox 1677 2579 2000 2640; x_wconf 89' lang='lat' dir='ltr'>sententia</span> <span class='ocrx_word' id='word_1_115' title='bbox 2061 2593 2373 2655; x_wconf 84' lang='lat' dir='ltr'>expressa</span> 
     </span>
     <span class='ocr_line' id='line_1_28' title="bbox 823 2685 2379 2771; baseline 0.006 -25"><span class='ocrx_word' id='word_1_116' title='bbox 823 2685 886 2747; x_wconf 93' lang='lat' dir='ltr'>S.</span> <span class='ocrx_word' id='word_1_117' title='bbox 951 2687 1263 2750; x_wconf 86' lang='lat' dir='ltr'>Bernardi</span> <span class='ocrx_word' id='word_1_118' title='bbox 1312 2693 1490 2765; x_wconf 71' lang='lat' dir='ltr'>epist.</span> <span class='ocrx_word' id='word_1_119' title='bbox 1556 2691 1650 2751; x_wconf 92' lang='grc'>77.</span> <span class='ocrx_word' id='word_1_120' title='bbox 1721 2696 1788 2753; x_wconf 89' lang='lat' dir='ltr'>et</span> <span class='ocrx_word' id='word_1_121' title='bbox 1823 2707 1994 2754; x_wconf 76' lang='lat' dir='ltr'>⁴eam</span> <span class='ocrx_word' id='word_1_122' title='bbox 2064 2692 2379 2771; x_wconf 87' lang='lat' dir='ltr'>supponit</span> 
     </span>
     <span class='ocr_line' id='line_1_29' title="bbox 820 2802 2373 2883; baseline 0.003 -18"><span class='ocrx_word' id='word_1_123' title='bbox 820 2802 1274 2866; x_wconf 78' lang='lat' dir='ltr'>&#39;l&#39;ridentinum</span> <span class='ocrx_word' id='word_1_124' title='bbox 1315 2822 1463 2867; x_wconf 83' lang='lat' dir='ltr'>sess.</span> <span class='ocrx_word' id='word_1_125' title='bbox 1521 2807 1581 2868; x_wconf 89' lang='grc'>6.</span> <span class='ocrx_word' id='word_1_126' title='bbox 1640 2824 1782 2883; x_wconf 84' lang='lat' dir='ltr'>cap.</span> <span class='ocrx_word' id='word_1_127' title='bbox 1835 2809 1893 2868; x_wconf 87' lang='grc'>4.</span> <span class='ocrx_word' id='word_1_128' title='bbox 1955 2808 2210 2882; x_wconf 78' lang='lat' dir='ltr'>dicenS,</span> <span class='ocrx_word' id='word_1_129' title='bbox 2258 2810 2373 2870; x_wconf 90' lang='lat' dir='ltr'>Ba·</span> 
     </span>
     <span class='ocr_line' id='line_1_30' title="bbox 822 2923 2371 3008; baseline 0.004 -23"><span class='ocrx_word' id='word_1_130' title='bbox 822 2923 1133 3000; x_wconf 85' lang='lat' dir='ltr'>ptismum</span> <span class='ocrx_word' id='word_1_131' title='bbox 1163 2926 1578 3005; x_wconf 89' lang='lat' dir='ltr'>promulgato</span> <span class='ocrx_word' id='word_1_132' title='bbox 1611 2929 1962 3008; x_wconf 83' lang='lat' dir='ltr'>Evangelio</span> <span class='ocrx_word' id='word_1_133' title='bbox 2007 2927 2211 2992; x_wconf 82' lang='lat' dir='ltr'>fuisse</span> <span class='ocrx_word' id='word_1_134' title='bbox 2256 2947 2371 2991; x_wconf 91' lang='lat' dir='ltr'>ne-</span> 
     </span>
     <span class='ocr_line' id='line_1_31' title="bbox 824 3041 2374 3122; baseline 0.003 -21"><span class='ocrx_word' id='word_1_135' title='bbox 824 3042 1208 3115; x_wconf 86' lang='lat' dir='ltr'>cessarium,</span> <span class='ocrx_word' id='word_1_136' title='bbox 1262 3058 1338 3103; x_wconf 92' lang='lat' dir='ltr'>ac</span> <span class='ocrx_word' id='word_1_137' title='bbox 1393 3041 1685 3117; x_wconf 85' lang='lat' dir='ltr'>tandem,</span> <span class='ocrx_word' id='word_1_138' title='bbox 1738 3048 1812 3105; x_wconf 92' lang='lat' dir='ltr'>ut</span> <span class='ocrx_word' id='word_1_139' title='bbox 1857 3045 1922 3107; x_wconf 92' lang='lat' dir='ltr'>in</span> <span class='ocrx_word' id='word_1_140' title='bbox 1977 3045 2374 3122; x_wconf 83' lang='lat' dir='ltr'>praecedenti</span> 
     </span>
     <span class='ocr_line' id='line_1_32' title="bbox 827 3158 2378 3242; baseline 0.005 -23"><span class='ocrx_word' id='word_1_141' title='bbox 827 3165 1196 3221; x_wconf 90' lang='lat' dir='ltr'>commento</span> <span class='ocrx_word' id='word_1_142' title='bbox 1244 3158 1487 3221; x_wconf 88' lang='lat' dir='ltr'>dictum</span> <span class='ocrx_word' id='word_1_143' title='bbox 1549 3164 1671 3233; x_wconf 85' lang='lat' dir='ltr'>est,</span> <span class='ocrx_word' id='word_1_144' title='bbox 1732 3161 1916 3238; x_wconf 90' lang='lat' dir='ltr'>plura</span> <span class='ocrx_word' id='word_1_145' title='bbox 1975 3162 2142 3242; x_wconf 89' lang='lat' dir='ltr'>legis</span> <span class='ocrx_word' id='word_1_146' title='bbox 2196 3181 2378 3228; x_wconf 78' lang='lat' dir='ltr'>novae</span> 
     </span>
     <span class='ocr_line' id='line_1_33' title="bbox 823 3273 2373 3358; baseline 0.006 -24"><span class='ocrx_word' id='word_1_147' title='bbox 823 3274 1136 3354; x_wconf 84' lang='lat' dir='ltr'>mysteria</span> <span class='ocrx_word' id='word_1_148' title='bbox 1193 3273 1410 3337; x_wconf 87' lang='lat' dir='ltr'>adhuc</span> <span class='ocrx_word' id='word_1_149' title='bbox 1467 3292 1599 3336; x_wconf 88' lang='lat' dir='ltr'>non</span> <span class='ocrx_word' id='word_1_150' title='bbox 1658 3286 1843 3340; x_wconf 86' lang='lat' dir='ltr'>erant</span> <span class='ocrx_word' id='word_1_151' title='bbox 1913 3280 2239 3358; x_wconf 91' lang='lat' dir='ltr'>completa</span> <span class='ocrx_word' id='word_1_152' title='bbox 2311 3285 2373 3344; x_wconf 91' lang='lat' dir='ltr'>in</span> 
     </span>
     <span class='ocr_line' id='line_1_34' title="bbox 825 3393 2375 3468; baseline 0.005 -17"><span class='ocrx_word' id='word_1_153' title='bbox 825 3396 1038 3453; x_wconf 90' lang='lat' dir='ltr'>morte</span> <span class='ocrx_word' id='word_1_154' title='bbox 1072 3397 1138 3454; x_wconf 89' lang='lat' dir='ltr'>et</span> <span class='ocrx_word' id='word_1_155' title='bbox 1165 3395 1652 3455; x_wconf 89' lang='lat' dir='ltr'>resurrectione</span> <span class='ocrx_word' id='word_1_156' title='bbox 1696 3393 1949 3468; x_wconf 88' lang='lat' dir='ltr'>Christi,</span> <span class='ocrx_word' id='word_1_157' title='bbox 2002 3401 2073 3458; x_wconf 87' lang='lat' dir='ltr'>ut</span> <span class='ocrx_word' id='word_1_158' title='bbox 2122 3398 2375 3460; x_wconf 84' lang='lat' dir='ltr'>institu-</span> 
     </span>
     <span class='ocr_line' id='line_1_35' title="bbox 827 3511 2381 3596; baseline 0.006 -26"><span class='ocrx_word' id='word_1_159' title='bbox 827 3512 915 3571; x_wconf 86' lang='lat' dir='ltr'>tio</span> <span class='ocrx_word' id='word_1_160' title='bbox 951 3511 1181 3588; x_wconf 85' lang='lat' dir='ltr'>capitis</span> <span class='ocrx_word' id='word_1_161' title='bbox 1212 3511 1278 3573; x_wconf 92' lang='lat' dir='ltr'>in</span> <span class='ocrx_word' id='word_1_162' title='bbox 1309 3512 1620 3586; x_wconf 82' lang='lat' dir='ltr'>Ecclesia,</span> <span class='ocrx_word' id='word_1_163' title='bbox 1672 3530 1818 3591; x_wconf 84' lang='lat' dir='ltr'>quae</span> <span class='ocrx_word' id='word_1_164' title='bbox 1857 3513 2028 3578; x_wconf 89' lang='lat' dir='ltr'>facta</span> <span class='ocrx_word' id='word_1_165' title='bbox 2080 3523 2181 3579; x_wconf 89' lang='lat' dir='ltr'>est</span> <span class='ocrx_word' id='word_1_166' title='bbox 2230 3523 2381 3596; x_wconf 89' lang='lat' dir='ltr'>post</span> 
     </span>
     <span class='ocr_line' id='line_1_36' title="bbox 829 3621 2383 3705; baseline 0.008 -25"><span class='ocrx_word' id='word_1_167' title='bbox 829 3621 1423 3697; x_wconf 85' lang='lat' dir='ltr'>resurrectionem;</span> <span class='ocrx_word' id='word_1_168' title='bbox 1501 3641 1864 3705; x_wconf 90' lang='lat' dir='ltr'>congruum</span> <span class='ocrx_word' id='word_1_169' title='bbox 1948 3636 2171 3691; x_wconf 91' lang='lat' dir='ltr'>autem</span> <span class='ocrx_word' id='word_1_170' title='bbox 2243 3637 2383 3692; x_wconf 89' lang='lat' dir='ltr'>erat</span> 
     </span>
     <span class='ocr_line' id='line_1_37' title="bbox 833 3738 2382 3827; baseline 0.008 -29"><span class='ocrx_word' id='word_1_171' title='bbox 833 3738 1262 3801; x_wconf 86' lang='lat' dir='ltr'>hierarchiam</span> <span class='ocrx_word' id='word_1_172' title='bbox 1291 3741 1594 3804; x_wconf 83' lang='lat' dir='ltr'>Ecclesiae</span> <span class='ocrx_word' id='word_1_173' title='bbox 1643 3742 1972 3819; x_wconf 90' lang='lat' dir='ltr'>ordinare,</span> <span class='ocrx_word' id='word_1_174' title='bbox 2024 3751 2382 3827; x_wconf 85' lang='lat' dir='ltr'>antequam</span> 
     </span>
     <span class='ocr_line' id='line_1_38' title="bbox 834 3851 2384 3941; baseline 0.008 -28"><span class='ocrx_word' id='word_1_175' title='bbox 834 3851 1103 3916; x_wconf 90' lang='lat' dir='ltr'>daretur</span> <span class='ocrx_word' id='word_1_176' title='bbox 1156 3855 1265 3918; x_wconf 83' lang='lat' dir='ltr'>lex</span> <span class='ocrx_word' id='word_1_177' title='bbox 1305 3855 1427 3934; x_wconf 89' lang='lat' dir='ltr'>ipsi</span> <span class='ocrx_word' id='word_1_178' title='bbox 1482 3856 1565 3919; x_wconf 91' lang='lat' dir='ltr'>de</span> <span class='ocrx_word' id='word_1_179' title='bbox 1617 3859 2030 3923; x_wconf 89' lang='lat' dir='ltr'>observantia</span> <span class='ocrx_word' id='word_1_180' title='bbox 2071 3864 2384 3941; x_wconf 89' lang='lat' dir='ltr'>Baptismi</span> 
     </span>
     <span class='ocr_line' id='line_1_39' title="bbox 834 3967 2384 4056; baseline 0.009 -29"><span class='ocrx_word' id='word_1_181' title='bbox 834 3967 1160 4048; x_wconf 84' lang='lat' dir='ltr'>obligans.</span> <span class='ocrx_word' id='word_1_182' title='bbox 1217 3970 1371 4033; x_wconf 76' lang='lat' dir='ltr'>Aliae</span> <span class='ocrx_word' id='word_1_183' title='bbox 1429 3973 1872 4052; x_wconf 86' lang='lat' dir='ltr'>congruentiae</span> <span class='ocrx_word' id='word_1_184' title='bbox 1927 3976 2169 4039; x_wconf 85' lang='lat' dir='ltr'>adduci</span> <span class='ocrx_word' id='word_1_185' title='bbox 2226 3995 2384 4056; x_wconf 89' lang='lat' dir='ltr'>pos-</span> 
     </span>
     <span class='ocr_line' id='line_1_40' title="bbox 829 4085 2380 4175; baseline 0.008 -28"><span class='ocrx_word' id='word_1_186' title='bbox 829 4091 1007 4160; x_wconf 88' lang='lat' dir='ltr'>sunt,</span> <span class='ocrx_word' id='word_1_187' title='bbox 1053 4085 1175 4148; x_wconf 89' lang='lat' dir='ltr'>sed</span> <span class='ocrx_word' id='word_1_188' title='bbox 1225 4086 1396 4151; x_wconf 90' lang='lat' dir='ltr'>dicta</span> <span class='ocrx_word' id='word_1_189' title='bbox 1453 4088 1802 4168; x_wconf 87' lang='lat' dir='ltr'>sufficiant,</span> <span class='ocrx_word' id='word_1_190' title='bbox 1859 4111 1941 4156; x_wconf 86' lang='lat' dir='ltr'>ex</span> <span class='ocrx_word' id='word_1_191' title='bbox 1993 4098 2232 4175; x_wconf 91' lang='lat' dir='ltr'>quibus</span> <span class='ocrx_word' id='word_1_192' title='bbox 2276 4115 2380 4161; x_wconf 88' lang='lat' dir='ltr'>re·</span> 
     </span>
    </p>
   </div>
   <div class='ocr_carea' id='block_1_7' title="bbox 716 4202 2388 4283">
    <p class='ocr_par' dir='ltr' id='par_1_9' title="bbox 716 4202 2388 4283">
     <span class='ocr_line' id='line_1_41' title="bbox 716 4202 2388 4283; baseline 0.01 -20"><span class='ocrx_word' id='word_1_193' title='bbox 716 4260 731 4279; x_wconf 80' lang='grc'><strong><em>,</em></strong></span> <span class='ocrx_word' id='word_1_194' title='bbox 831 4202 1146 4281; x_wconf 88' lang='lat' dir='ltr'>sponderi</span> <span class='ocrx_word' id='word_1_195' title='bbox 1215 4210 1437 4283; x_wconf 89' lang='lat' dir='ltr'>potest</span> <span class='ocrx_word' id='word_1_196' title='bbox 1514 4206 1962 4276; x_wconf 82' lang='lat' dir='ltr'>fundamentis</span> <span class='ocrx_word' id='word_1_197' title='bbox 2050 4220 2388 4281; x_wconf 81' lang='lat' dir='ltr'>contrariae</span> 
     </span>
    </p>
   </div>
   <div class='ocr_carea' id='block_1_8' title="bbox 482 4482 801 4860">
    <p class='ocr_par' dir='ltr' id='par_1_10' title="bbox 482 4482 801 4860">
     <span class='ocr_line' id='line_1_42' title="bbox 592 4482 675 4533; baseline -0.024 0"><span class='ocrx_word' id='word_1_198' title='bbox 592 4482 675 4533; x_wconf 84' lang='lat'>53.</span> 
     </span>
     <span class='ocr_line' id='line_1_43' title="bbox 541 4543 778 4617; baseline 0.004 -24"><span class='ocrx_word' id='word_1_199' title='bbox 541 4543 778 4617; x_wconf 70' lang='lat' dir='ltr'>objectio</span> 
     </span>
     <span class='ocr_line' id='line_1_44' title="bbox 519 4620 781 4669; baseline 0.008 -14"><span class='ocrx_word' id='word_1_200' title='bbox 519 4620 682 4669; x_wconf 78' lang='lat' dir='ltr'>prima</span> <span class='ocrx_word' id='word_1_201' title='bbox 720 4623 781 4657; x_wconf 87' lang='lat' dir='ltr'>ex</span> 
     </span>
     <span class='ocr_line' id='line_1_45' title="bbox 482 4684 801 4723; baseline -0.006 0"><span class='ocrx_word' id='word_1_202' title='bbox 482 4684 801 4723; x_wconf 86' lang='lat' dir='ltr'>eonsumma-</span> 
     </span>
     <span class='ocr_line' id='line_1_46' title="bbox 583 4733 720 4783; baseline -0.007 0"><span class='ocrx_word' id='word_1_203' title='bbox 583 4733 720 4783; x_wconf 79' lang='lat' dir='ltr'>tione</span> 
     </span>
     <span class='ocr_line' id='line_1_47' title="bbox 563 4798 710 4860; baseline 0.007 -13"><span class='ocrx_word' id='word_1_204' title='bbox 563 4798 688 4860; x_wconf 84' lang='lat' dir='ltr'>legis</span> <span class='ocrx_word' id='word_1_205' title='bbox 699 4835 710 4848; x_wconf 90' lang='lat'><em>.</em></span> 
     </span>
    </p>
   </div>
   <div class='ocr_carea' id='block_1_9' title="bbox 835 4330 1058 4410">
    <p class='ocr_par' dir='ltr' id='par_1_11' title="bbox 835 4330 1058 4410">
     <span class='ocr_line' id='line_1_48' title="bbox 835 4330 1058 4410; baseline 0.013 -17"><span class='ocrx_word' id='word_1_206' title='bbox 835 4330 1058 4410; x_wconf 79' lang='lat' dir='ltr'>partis·</span> 
     </span>
    </p>
   </div>
   <div class='ocr_carea' id='block_1_10' title="bbox 841 4463 2391 4682">
    <p class='ocr_par' dir='ltr' id='par_1_12' title="bbox 841 4463 2391 4682">
     <span class='ocr_line' id='line_1_49' title="bbox 924 4463 2391 4546; baseline 0.012 -19"><span class='ocrx_word' id='word_1_207' title='bbox 924 4463 1255 4542; x_wconf 85' lang='lat' dir='ltr'>Objiciunt</span> <span class='ocrx_word' id='word_1_208' title='bbox 1283 4469 1462 4546; x_wconf 89' lang='lat' dir='ltr'>quod</span> <span class='ocrx_word' id='word_1_209' title='bbox 1506 4470 1614 4532; x_wconf 83' lang='lat' dir='ltr'>lex</span> <span class='ocrx_word' id='word_1_210' title='bbox 1643 4478 1831 4535; x_wconf 90' lang='lat' dir='ltr'>vetus</span> <span class='ocrx_word' id='word_1_211' title='bbox 1861 4474 2056 4539; x_wconf 88' lang='lat' dir='ltr'>fuerit</span> <span class='ocrx_word' id='word_1_212' title='bbox 2085 4494 2391 4543; x_wconf 91' lang='lat' dir='ltr'>consum-</span> 
     </span>
     <span class='ocr_line' id='line_1_50' title="bbox 841 4594 2388 4682; baseline 0.009 -29"><span class='ocrx_word' id='word_1_213' title='bbox 841 4595 1011 4654; x_wconf 85' lang='lat' dir='ltr'>mata</span> <span class='ocrx_word' id='word_1_214' title='bbox 1067 4594 1134 4655; x_wconf 91' lang='lat' dir='ltr'>in</span> <span class='ocrx_word' id='word_1_215' title='bbox 1201 4600 1409 4656; x_wconf 90' lang='lat' dir='ltr'>morte</span> <span class='ocrx_word' id='word_1_216' title='bbox 1468 4596 1732 4673; x_wconf 82' lang='lat' dir='ltr'>Christi3</span> <span class='ocrx_word' id='word_1_217' title='bbox 1792 4618 1952 4682; x_wconf 84' lang='lat' dir='ltr'>ergo</span> <span class='ocrx_word' id='word_1_218' title='bbox 2003 4601 2232 4665; x_wconf 88' lang='lat' dir='ltr'>debuit</span> <span class='ocrx_word' id='word_1_219' title='bbox 2281 4604 2388 4667; x_wconf 86' lang='lat' dir='ltr'>lex</span> 
     </span>
    </p>
   </div>
   <div class='ocr_carea' id='block_1_11' title="bbox 829 4720 2388 4946">
    <p class='ocr_par' dir='ltr' id='par_1_13' title="bbox 829 4720 2388 4946">
     <span class='ocr_line' id='line_1_51' title="bbox 831 4720 2385 4807; baseline 0.01 -29"><span class='ocrx_word' id='word_1_220' title='bbox 831 4735 997 4780; x_wconf 90' lang='lat' dir='ltr'>nova</span> <span class='ocrx_word' id='word_1_221' title='bbox 1045 4720 1336 4797; x_wconf 83' lang='lat' dir='ltr'>incipere</span> <span class='ocrx_word' id='word_1_222' title='bbox 1384 4724 1700 4804; x_wconf 85' lang='lat' dir='ltr'>obligare,</span> <span class='ocrx_word' id='word_1_223' title='bbox 1756 4733 1823 4789; x_wconf 91' lang='lat' dir='ltr'>et</span> <span class='ocrx_word' id='word_1_224' title='bbox 1867 4731 2269 4807; x_wconf 89' lang='lat' dir='ltr'>potissimum</span> <span class='ocrx_word' id='word_1_225' title='bbox 2303 4729 2385 4792; x_wconf 90' lang='lat' dir='ltr'>ad</span> 
     </span>
     <span class='ocr_line' id='line_1_52' title="bbox 829 4853 2388 4946; baseline 0.01 -33"><span class='ocrx_word' id='word_1_226' title='bbox 829 4853 1257 4930; x_wconf 87' lang='lat' dir='ltr'>Baptismum,</span> <span class='ocrx_word' id='word_1_227' title='bbox 1328 4858 1439 4937; x_wconf 88' lang='lat' dir='ltr'>qui</span> <span class='ocrx_word' id='word_1_228' title='bbox 1499 4861 1708 4939; x_wconf 87' lang='lat' dir='ltr'>janua</span> <span class='ocrx_word' id='word_1_229' title='bbox 1769 4868 1835 4924; x_wconf 90' lang='lat' dir='ltr'>et</span> <span class='ocrx_word' id='word_1_230' title='bbox 1890 4863 2230 4946; x_wconf 86' lang='lat' dir='ltr'>ingressus</span> <span class='ocrx_word' id='word_1_231' title='bbox 2289 4875 2388 4932; x_wconf 88' lang='lat' dir='ltr'>est</span> 
     </span>
    </p>
   </div>
   <div class='ocr_carea' id='block_1_12' title="bbox 829 4979 2385 5200">
    <p class='ocr_par' dir='ltr' id='par_1_14' title="bbox 829 4979 2385 5200">
     <span class='ocr_line' id='line_1_53' title="bbox 829 4979 2382 5069; baseline 0.009 -26"><span class='ocrx_word' id='word_1_232' title='bbox 829 4979 1036 5058; x_wconf 90' lang='lat' dir='ltr'>ipsius</span> <span class='ocrx_word' id='word_1_233' title='bbox 1082 4979 1271 5061; x_wconf 78' lang='lat' dir='ltr'>legis,</span> <span class='ocrx_word' id='word_1_234' title='bbox 1322 4987 1746 5051; x_wconf 90' lang='lat' dir='ltr'>Antecedens</span> <span class='ocrx_word' id='word_1_235' title='bbox 1792 4995 1974 5069; x_wconf 89' lang='lat' dir='ltr'>patet</span> <span class='ocrx_word' id='word_1_236' title='bbox 2031 5008 2115 5054; x_wconf 85' lang='lat' dir='ltr'>ex</span> <span class='ocrx_word' id='word_1_237' title='bbox 2161 4994 2382 5069; x_wconf 89' lang='lat' dir='ltr'>Paulo,</span> 
     </span>
     <span class='ocr_line' id='line_1_54' title="bbox 829 5075 2385 5200; baseline 0.011 -35"><span class='ocrx_word' id='word_1_238' title='bbox 829 5105 992 5170; x_wconf 89' lang='lat' dir='ltr'>locis</span> <span class='ocrx_word' id='word_1_239' title='bbox 1033 5122 1231 5185; x_wconf 88' lang='lat' dir='ltr'>supra</span> <span class='ocrx_word' id='word_1_240' title='bbox 1283 5075 1520 5182; x_wconf 84' lang='lat' dir='ltr'>citatiS,</span> <span class='ocrx_word' id='word_1_241' title='bbox 1573 5110 1657 5172; x_wconf 94' lang='lat' dir='ltr'>ad</span> <span class='ocrx_word' id='word_1_242' title='bbox 1708 5113 2036 5188; x_wconf 81' lang='lat' dir='ltr'>HebraeOS,</span> <span class='ocrx_word' id='word_1_243' title='bbox 2085 5119 2198 5180; x_wconf 89' lang='lat' dir='ltr'>ubi</span> <span class='ocrx_word' id='word_1_244' title='bbox 2250 5122 2385 5200; x_wconf 86' lang='lat' dir='ltr'>agit</span> 
     </span>
    </p>
   </div>
   <div class='ocr_carea' id='block_1_13' title="bbox 838 5233 2381 5318">
    <p class='ocr_par' dir='ltr' id='par_1_15' title="bbox 838 5233 2381 5318">
     <span class='ocr_line' id='line_1_55' title="bbox 838 5233 2381 5318; baseline 0.008 -23"><span class='ocrx_word' id='word_1_245' title='bbox 838 5233 920 5295; x_wconf 90' lang='lat' dir='ltr'>de</span> <span class='ocrx_word' id='word_1_246' title='bbox 955 5235 1379 5299; x_wconf 90' lang='lat' dir='ltr'>translatione</span> <span class='ocrx_word' id='word_1_247' title='bbox 1414 5237 1843 5316; x_wconf 86' lang='lat' dir='ltr'>tabernaculi,</span> <span class='ocrx_word' id='word_1_248' title='bbox 1881 5247 1947 5303; x_wconf 88' lang='lat' dir='ltr'>et</span> <span class='ocrx_word' id='word_1_249' title='bbox 1992 5243 2381 5318; x_wconf 81' lang='lat' dir='ltr'>sacerdotii,</span> 
     </span>
    </p>
   </div>
   <div class='ocr_carea' id='block_1_14' title="bbox 832 5361 2386 5704">
    <p class='ocr_par' dir='ltr' id='par_1_16' title="bbox 832 5361 2386 5704">
     <span class='ocr_line' id='line_1_56' title="bbox 837 5361 2385 5442; baseline 0.008 -21"><span class='ocrx_word' id='word_1_250' title='bbox 837 5368 904 5422; x_wconf 91' lang='lat' dir='ltr'>et</span> <span class='ocrx_word' id='word_1_251' title='bbox 933 5361 1129 5442; x_wconf 83' lang='lat' dir='ltr'>legis,</span> <span class='ocrx_word' id='word_1_252' title='bbox 1178 5363 1262 5425; x_wconf 90' lang='lat' dir='ltr'>de</span> <span class='ocrx_word' id='word_1_253' title='bbox 1316 5363 1807 5431; x_wconf 86' lang='lat' dir='ltr'>confirmatione</span> <span class='ocrx_word' id='word_1_254' title='bbox 1860 5371 2260 5433; x_wconf 84' lang='lat' dir='ltr'>Testamenti</span> <span class='ocrx_word' id='word_1_255' title='bbox 2319 5374 2385 5434; x_wconf 90' lang='lat' dir='ltr'>in</span> 
     </span>
     <span class='ocr_line' id='line_1_57' title="bbox 834 5488 2381 5572; baseline 0.008 -27"><span class='ocrx_word' id='word_1_256' title='bbox 834 5488 1157 5566; x_wconf 90' lang='lat' dir='ltr'>sanguine</span> <span class='ocrx_word' id='word_1_257' title='bbox 1193 5492 1523 5554; x_wconf 86' lang='lat' dir='ltr'>testatoris</span> <span class='ocrx_word' id='word_1_258' title='bbox 1553 5497 1753 5572; x_wconf 89' lang='lat' dir='ltr'>atque</span> <span class='ocrx_word' id='word_1_259' title='bbox 1785 5501 2018 5556; x_wconf 91' lang='lat' dir='ltr'>morte.</span> <span class='ocrx_word' id='word_1_260' title='bbox 2055 5496 2156 5556; x_wconf 88' lang='lat' dir='ltr'>Sic</span> <span class='ocrx_word' id='word_1_261' title='bbox 2188 5497 2381 5559; x_wconf 86' lang='lat' dir='ltr'>etiam</span> 
     </span>
     <span class='ocr_line' id='line_1_58' title="bbox 832 5613 2386 5704; baseline 0.005 -28"><span class='ocrx_word' id='word_1_262' title='bbox 832 5613 1209 5696; x_wconf 89' lang='lat' dir='ltr'>intelligunt</span> <span class='ocrx_word' id='word_1_263' title='bbox 1248 5617 1655 5698; x_wconf 77' lang='lat' dir='ltr'>Augustinus</span> <span class='ocrx_word' id='word_1_264' title='bbox 1715 5625 1781 5682; x_wconf 89' lang='lat' dir='ltr'>et</span> <span class='ocrx_word' id='word_1_265' title='bbox 1838 5621 2272 5704; x_wconf 85' lang='lat' dir='ltr'>Hieronymus</span> <span class='ocrx_word' id='word_1_266' title='bbox 2319 5625 2386 5684; x_wconf 90' lang='lat' dir='ltr'>in</span> 
     </span>
    </p>
   </div>
   <div class='ocr_carea' id='block_1_15' title="bbox 1963 431 2909 523">
    <p class='ocr_par' dir='ltr' id='par_1_17' title="bbox 1963 431 2909 523">
     <span class='ocr_line' id='line_1_59' title="bbox 1963 431 2909 523; baseline 0.001 -30"><span class='ocrx_word' id='word_1_267' title='bbox 1963 431 2122 523; x_wconf 60' lang='lat' dir='ltr'>⁴LlB.</span> <span class='ocrx_word' id='word_1_268' title='bbox 2170 433 2268 494; x_wconf 84' lang='lat' dir='ltr'>IV.</span> <span class='ocrx_word' id='word_1_269' title='bbox 2317 433 2909 496; x_wconf 81' lang='lat' dir='ltr'><strong>SENTENTIARUM</strong></span> 
     </span>
    </p>
   </div>
   <div class='ocr_carea' id='block_1_16' title="bbox 2482 594 4090 1024">
    <p class='ocr_par' dir='ltr' id='par_1_18' title="bbox 2482 594 3976 790">
     <span class='ocr_line' id='line_1_60' title="bbox 2482 594 3976 673; baseline 0 -18"><span class='ocrx_word' id='word_1_270' title='bbox 2482 596 2618 657; x_wconf 91' lang='lat' dir='ltr'>suis</span> <span class='ocrx_word' id='word_1_271' title='bbox 2689 594 3004 673; x_wconf 77' lang='lat' dir='ltr'>epistoliS,</span> <span class='ocrx_word' id='word_1_272' title='bbox 3067 611 3360 658; x_wconf 85' lang='lat' dir='ltr'>cessasse</span> <span class='ocrx_word' id='word_1_273' title='bbox 3408 597 3733 668; x_wconf 87' lang='lat' dir='ltr'>veterem,</span> <span class='ocrx_word' id='word_1_274' title='bbox 3792 610 3976 655; x_wconf 82' lang='lat' dir='ltr'>novam</span> 
     </span>
     <span class='ocr_line' id='line_1_61' title="bbox 2482 711 3432 790; baseline -0.001 -17"><span class='ocrx_word' id='word_1_275' title='bbox 2482 711 2810 790; x_wconf 77' lang='lat' dir='ltr'>obligasse</span> <span class='ocrx_word' id='word_1_276' title='bbox 2841 712 2908 772; x_wconf 86' lang='lat' dir='ltr'>in</span> <span class='ocrx_word' id='word_1_277' title='bbox 2941 717 3144 773; x_wconf 90' lang='lat' dir='ltr'>morte</span> <span class='ocrx_word' id='word_1_278' title='bbox 3177 712 3432 774; x_wconf 90' lang='lat' dir='ltr'>Christi.</span> 
     </span>
    </p>

    <p class='ocr_par' dir='ltr' id='par_1_19' title="bbox 2484 827 4090 1024">
     <span class='ocr_line' id='line_1_62' title="bbox 2563 827 4090 929; baseline 0.001 -40"><span class='ocrx_word' id='word_1_279' title='bbox 2563 827 3022 905; x_wconf 87' lang='lat' dir='ltr'>Respondetur</span> <span class='ocrx_word' id='word_1_280' title='bbox 3089 845 3208 908; x_wconf 90' lang='lat' dir='ltr'>per</span> <span class='ocrx_word' id='word_1_281' title='bbox 3276 828 3438 890; x_wconf 90' lang='lat' dir='ltr'>illud</span> <span class='ocrx_word' id='word_1_282' title='bbox 3504 831 3979 890; x_wconf 73' lang='lat' dir='ltr'>consummatum</span> <span class='ocrx_word' id='word_1_283' title='bbox 3999 866 4090 929; x_wconf 59' lang='lat' dir='ltr'>aqu</span> 
     </span>
     <span class='ocr_line' id='line_1_63' title="bbox 2484 938 4090 1024; baseline 0.001 -22"><span class='ocrx_word' id='word_1_284' title='bbox 2484 948 2594 1015; x_wconf 77' lang='lat' dir='ltr'>est,</span> <span class='ocrx_word' id='word_1_285' title='bbox 2637 946 2692 1005; x_wconf 89' lang='lat' dir='ltr'>si</span> <span class='ocrx_word' id='word_1_286' title='bbox 2737 941 3064 1004; x_wconf 84' lang='lat' dir='ltr'>referatur</span> <span class='ocrx_word' id='word_1_287' title='bbox 3111 942 3195 1004; x_wconf 93' lang='lat' dir='ltr'>ad</span> <span class='ocrx_word' id='word_1_288' title='bbox 3239 944 3461 1024; x_wconf 90' lang='lat' dir='ltr'>legem</span> <span class='ocrx_word' id='word_1_289' title='bbox 3504 949 3797 1005; x_wconf 85' lang='lat' dir='ltr'>veterem</span> <span class='ocrx_word' id='word_1_290' title='bbox 3838 945 3979 1005; x_wconf 86' lang='lat' dir='ltr'>intel·</span> <span class='ocrx_word' id='word_1_291' title='bbox 4022 938 4090 977; x_wconf 51' lang='grc' dir='ltr'>ω·</span> 
     </span>
    </p>
   </div>
   <div class='ocr_carea' id='block_1_17' title="bbox 2482 992 4090 1141">
    <p class='ocr_par' dir='ltr' id='par_1_20' title="bbox 2482 992 4090 1141">
     <span class='ocr_line' id='line_1_64' title="bbox 4046 992 4090 1038; baseline 0 0"><span class='ocrx_word' id='word_1_292' title='bbox 4046 992 4090 1038; x_wconf 56' lang='lat' dir='ltr'>a</span> 
     </span>
     <span class='ocr_line' id='line_1_65' title="bbox 2482 1056 4090 1141; baseline -0.002 -20"><span class='ocrx_word' id='word_1_293' title='bbox 2482 1060 2596 1137; x_wconf 87' lang='lat' dir='ltr'>ligi</span> <span class='ocrx_word' id='word_1_294' title='bbox 2627 1059 2848 1138; x_wconf 91' lang='lat' dir='ltr'>quoad</span> <span class='ocrx_word' id='word_1_295' title='bbox 2881 1059 3349 1141; x_wconf 83' lang='lat' dir='ltr'>obligationem</span> <span class='ocrx_word' id='word_1_296' title='bbox 3383 1061 3467 1122; x_wconf 90' lang='lat' dir='ltr'>ad</span> <span class='ocrx_word' id='word_1_297' title='bbox 3498 1075 3846 1132; x_wconf 89' lang='lat' dir='ltr'>summum,</span> <span class='ocrx_word' id='word_1_298' title='bbox 3884 1078 3980 1123; x_wconf 88' lang='lat' dir='ltr'>non</span> <span class='ocrx_word' id='word_1_299' title='bbox 4051 1056 4090 1117; x_wconf 61' lang='lat' dir='ltr'>is</span> 
     </span>
    </p>
   </div>
   <div class='ocr_carea' id='block_1_18' title="bbox 2482 1133 4090 5555">
    <p class='ocr_par' dir='ltr' id='par_1_21' title="bbox 2482 1133 4090 2764">
     <span class='ocr_line' id='line_1_66' title="bbox 2482 1133 4090 1290; baseline 0 -54"><span class='ocrx_word' id='word_1_300' title='bbox 2482 1191 2637 1236; x_wconf 84' lang='lat' dir='ltr'>vero</span> <span class='ocrx_word' id='word_1_301' title='bbox 2688 1174 2909 1253; x_wconf 90' lang='lat' dir='ltr'>quoad</span> <span class='ocrx_word' id='word_1_302' title='bbox 2951 1172 3278 1249; x_wconf 86' lang='lat' dir='ltr'>fructum;</span> <span class='ocrx_word' id='word_1_303' title='bbox 3339 1175 3591 1238; x_wconf 88' lang='lat' dir='ltr'>deinde</span> <span class='ocrx_word' id='word_1_304' title='bbox 3649 1176 3700 1235; x_wconf 88' lang='lat' dir='ltr'>si</span> <span class='ocrx_word' id='word_1_305' title='bbox 3758 1133 4090 1290; x_wconf 46' lang='lat' dir='ltr'>negeturss}</span> 
     </span>
     <span class='ocr_line' id='line_1_67' title="bbox 2486 1292 4090 1370; baseline 0.003 -21"><span class='ocrx_word' id='word_1_306' title='bbox 2486 1305 2781 1352; x_wconf 88' lang='lat' dir='ltr'>cessasse</span> <span class='ocrx_word' id='word_1_307' title='bbox 2868 1306 2950 1351; x_wconf 86' lang='lat' dir='ltr'>ex</span> <span class='ocrx_word' id='word_1_308' title='bbox 3035 1296 3167 1354; x_wconf 91' lang='lat' dir='ltr'>toto</span> <span class='ocrx_word' id='word_1_309' title='bbox 3246 1292 3468 1369; x_wconf 89' lang='lat' dir='ltr'>quoad</span> <span class='ocrx_word' id='word_1_310' title='bbox 3541 1292 3983 1370; x_wconf 79' lang='lat' dir='ltr'>obligationem,</span> <span class='ocrx_word' id='word_1_311' title='bbox 4027 1306 4090 1354; x_wconf 59' lang='lat' dir='ltr'>&amp;a</span> 
     </span>
     <span class='ocr_line' id='line_1_68' title="bbox 2484 1383 4090 1484; baseline 0.001 -18"><span class='ocrx_word' id='word_1_312' title='bbox 2484 1410 2677 1482; x_wconf 91' lang='lat' dir='ltr'>prout</span> <span class='ocrx_word' id='word_1_313' title='bbox 2705 1407 2892 1469; x_wconf 91' lang='lat' dir='ltr'>multi</span> <span class='ocrx_word' id='word_1_314' title='bbox 2925 1407 3351 1484; x_wconf 89' lang='lat' dir='ltr'>probabiliter</span> <span class='ocrx_word' id='word_1_315' title='bbox 3380 1406 3658 1478; x_wconf 89' lang='lat' dir='ltr'>docent,</span> <span class='ocrx_word' id='word_1_316' title='bbox 3693 1407 3795 1468; x_wconf 90' lang='lat' dir='ltr'>illa</span> <span class='ocrx_word' id='word_1_317' title='bbox 3830 1406 3985 1468; x_wconf 75' lang='lat' dir='ltr'>verba</span> <span class='ocrx_word' id='word_1_318' title='bbox 4020 1383 4090 1480; x_wconf 52' lang='grc' dir='ltr'>ζ’</span> 
     </span>
     <span class='ocr_line' id='line_1_69' title="bbox 2483 1522 3987 1603; baseline 0.001 -19"><span class='ocrx_word' id='word_1_319' title='bbox 2483 1522 2911 1602; x_wconf 89' lang='lat' dir='ltr'>intelligenda</span> <span class='ocrx_word' id='word_1_320' title='bbox 2968 1540 3115 1585; x_wconf 88' lang='lat' dir='ltr'>esse</span> <span class='ocrx_word' id='word_1_321' title='bbox 3171 1528 3391 1603; x_wconf 89' lang='lat' dir='ltr'>quoad</span> <span class='ocrx_word' id='word_1_322' title='bbox 3463 1524 3889 1586; x_wconf 89' lang='lat' dir='ltr'>cessationem</span> <span class='ocrx_word' id='word_1_323' title='bbox 3940 1529 3987 1586; x_wconf 87' lang='lat' dir='ltr'>in</span> 
     </span>
     <span class='ocr_line' id='line_1_70' title="bbox 2487 1641 3986 1719; baseline 0.003 -20"><span class='ocrx_word' id='word_1_324' title='bbox 2487 1656 2705 1717; x_wconf 90' lang='lat' dir='ltr'>causa,</span> <span class='ocrx_word' id='word_1_325' title='bbox 2741 1643 2892 1719; x_wconf 91' lang='lat' dir='ltr'>quia</span> <span class='ocrx_word' id='word_1_326' title='bbox 2925 1656 3007 1702; x_wconf 85' lang='lat' dir='ltr'>ex</span> <span class='ocrx_word' id='word_1_327' title='bbox 3034 1647 3247 1705; x_wconf 88' lang='lat' dir='ltr'>morte</span> <span class='ocrx_word' id='word_1_328' title='bbox 3280 1641 3515 1703; x_wconf 88' lang='lat' dir='ltr'>Christi</span> <span class='ocrx_word' id='word_1_329' title='bbox 3549 1645 3845 1718; x_wconf 85' lang='lat' dir='ltr'>cessavit,</span> <span class='ocrx_word' id='word_1_330' title='bbox 3889 1647 3986 1704; x_wconf 83' lang='lat' dir='ltr'>tan-</span> 
     </span>
     <span class='ocr_line' id='line_1_71' title="bbox 2487 1759 3988 1840; baseline 0.003 -22"><span class='ocrx_word' id='word_1_331' title='bbox 2487 1774 2685 1836; x_wconf 87' lang='lat' dir='ltr'>quam</span> <span class='ocrx_word' id='word_1_332' title='bbox 2729 1774 2812 1819; x_wconf 85' lang='lat' dir='ltr'>ex</span> <span class='ocrx_word' id='word_1_333' title='bbox 2845 1775 3041 1821; x_wconf 90' lang='lat' dir='ltr'>causa</span> <span class='ocrx_word' id='word_1_334' title='bbox 3073 1760 3307 1821; x_wconf 89' lang='lat' dir='ltr'>motiva</span> <span class='ocrx_word' id='word_1_335' title='bbox 3346 1766 3411 1824; x_wconf 89' lang='lat' dir='ltr'>et</span> <span class='ocrx_word' id='word_1_336' title='bbox 3438 1759 3646 1832; x_wconf 87' lang='lat' dir='ltr'>finali,</span> <span class='ocrx_word' id='word_1_337' title='bbox 3684 1763 3828 1840; x_wconf 90' lang='lat' dir='ltr'>quia</span> <span class='ocrx_word' id='word_1_338' title='bbox 3851 1762 3988 1823; x_wconf 80' lang='lat' dir='ltr'>illum</span> 
     </span>
     <span class='ocr_line' id='line_1_72' title="bbox 2484 1870 3993 1952; baseline 0 -19"><span class='ocrx_word' id='word_1_339' title='bbox 2484 1870 2829 1951; x_wconf 87' lang='lat' dir='ltr'>figuravit;</span> <span class='ocrx_word' id='word_1_340' title='bbox 2875 1889 3010 1934; x_wconf 91' lang='lat' dir='ltr'>non</span> <span class='ocrx_word' id='word_1_341' title='bbox 3044 1877 3264 1934; x_wconf 90' lang='lat' dir='ltr'>tamen</span> <span class='ocrx_word' id='word_1_342' title='bbox 3297 1878 3582 1936; x_wconf 90' lang='lat' dir='ltr'>cessavit</span> <span class='ocrx_word' id='word_1_343' title='bbox 3623 1872 3841 1952; x_wconf 88' lang='lat' dir='ltr'>quoad</span> <span class='ocrx_word' id='word_1_344' title='bbox 3875 1874 3993 1934; x_wconf 86' lang='lat' dir='ltr'>obli-</span> 
     </span>
     <span class='ocr_line' id='line_1_73' title="bbox 2484 1989 3996 2068; baseline 0 -18"><span class='ocrx_word' id='word_1_345' title='bbox 2484 1989 2817 2066; x_wconf 87' lang='lat' dir='ltr'>gationem</span> <span class='ocrx_word' id='word_1_346' title='bbox 2852 2006 2968 2067; x_wconf 91' lang='lat' dir='ltr'>pro</span> <span class='ocrx_word' id='word_1_347' title='bbox 3004 1995 3182 2064; x_wconf 88' lang='lat' dir='ltr'>tunc,</span> <span class='ocrx_word' id='word_1_348' title='bbox 3224 1989 3344 2051; x_wconf 90' lang='lat' dir='ltr'>sed</span> <span class='ocrx_word' id='word_1_349' title='bbox 3388 2006 3506 2067; x_wconf 89' lang='lat' dir='ltr'>pro</span> <span class='ocrx_word' id='word_1_350' title='bbox 3560 1996 3855 2068; x_wconf 87' lang='lat' dir='ltr'>tempore</span> <span class='ocrx_word' id='word_1_351' title='bbox 3876 2006 3996 2051; x_wconf 88' lang='lat' dir='ltr'>con·</span> 
     </span>
     <span class='ocr_line' id='line_1_74' title="bbox 2485 2104 3997 2184; baseline 0 -20"><span class='ocrx_word' id='word_1_352' title='bbox 2485 2121 2651 2184; x_wconf 91' lang='lat' dir='ltr'>gruo</span> <span class='ocrx_word' id='word_1_353' title='bbox 2686 2104 3012 2167; x_wconf 85' lang='lat' dir='ltr'>destinato</span> <span class='ocrx_word' id='word_1_354' title='bbox 3048 2122 3171 2183; x_wconf 86' lang='lat' dir='ltr'>per</span> <span class='ocrx_word' id='word_1_355' title='bbox 3211 2105 3495 2169; x_wconf 90' lang='lat' dir='ltr'>divinam</span> <span class='ocrx_word' id='word_1_356' title='bbox 3539 2105 3997 2184; x_wconf 85' lang='lat' dir='ltr'>providentiam,</span> 
     </span>
     <span class='ocr_line' id='line_1_75' title="bbox 2488 2221 3997 2302; baseline 0.001 -21"><span class='ocrx_word' id='word_1_357' title='bbox 2488 2224 2682 2297; x_wconf 85' lang='lat' dir='ltr'>prout</span> <span class='ocrx_word' id='word_1_358' title='bbox 2722 2221 2982 2283; x_wconf 88' lang='lat' dir='ltr'>utilitati</span> <span class='ocrx_word' id='word_1_359' title='bbox 3029 2223 3440 2302; x_wconf 84' lang='lat' dir='ltr'>congruebat</span> <span class='ocrx_word' id='word_1_360' title='bbox 3466 2221 3865 2291; x_wconf 68' lang='lat' dir='ltr'>sud-aeorum,</span> <span class='ocrx_word' id='word_1_361' title='bbox 3898 2222 3997 2300; x_wconf 83' lang='lat' dir='ltr'>qui·</span> 
     </span>
     <span class='ocr_line' id='line_1_76' title="bbox 2484 2334 3998 2417; baseline 0.001 -20"><span class='ocrx_word' id='word_1_362' title='bbox 2484 2334 2610 2397; x_wconf 90' lang='lat' dir='ltr'>bus</span> <span class='ocrx_word' id='word_1_363' title='bbox 2642 2334 2794 2399; x_wconf 89' lang='lat' dir='ltr'>data</span> <span class='ocrx_word' id='word_1_364' title='bbox 2840 2342 2974 2413; x_wconf 86' lang='lat' dir='ltr'>est;</span> <span class='ocrx_word' id='word_1_365' title='bbox 3010 2345 3078 2401; x_wconf 91' lang='lat' dir='ltr'>et</span> <span class='ocrx_word' id='word_1_366' title='bbox 3103 2338 3274 2399; x_wconf 89' lang='lat' dir='ltr'>sicut</span> <span class='ocrx_word' id='word_1_367' title='bbox 3300 2336 3423 2402; x_wconf 84' lang='lat' dir='ltr'>fuit</span> <span class='ocrx_word' id='word_1_368' title='bbox 3451 2340 3726 2417; x_wconf 89' lang='lat' dir='ltr'>publice</span> <span class='ocrx_word' id='word_1_369' title='bbox 3758 2338 3914 2412; x_wconf 81' lang='lat' dir='ltr'>data,</span> <span class='ocrx_word' id='word_1_370' title='bbox 3934 2339 3998 2400; x_wconf 84' lang='lat' dir='ltr'>sic</span> 
     </span>
     <span class='ocr_line' id='line_1_77' title="bbox 2488 2453 3989 2537; baseline 0.001 -23"><span class='ocrx_word' id='word_1_371' title='bbox 2488 2454 2682 2516; x_wconf 91' lang='lat' dir='ltr'>etiam</span> <span class='ocrx_word' id='word_1_372' title='bbox 2716 2454 2979 2532; x_wconf 89' lang='lat' dir='ltr'>publice</span> <span class='ocrx_word' id='word_1_373' title='bbox 3013 2453 3244 2517; x_wconf 89' lang='lat' dir='ltr'>debuit</span> <span class='ocrx_word' id='word_1_374' title='bbox 3271 2453 3607 2537; x_wconf 89' lang='lat' dir='ltr'>derogari.</span> <span class='ocrx_word' id='word_1_375' title='bbox 3664 2459 3805 2519; x_wconf 79' lang='lat' dir='ltr'>Haec</span> <span class='ocrx_word' id='word_1_376' title='bbox 3843 2457 3989 2517; x_wconf 84' lang='lat' dir='ltr'>solu·</span> 
     </span>
     <span class='ocr_line' id='line_1_78' title="bbox 2489 2569 3997 2648; baseline 0.001 -18"><span class='ocrx_word' id='word_1_377' title='bbox 2489 2569 2574 2630; x_wconf 90' lang='lat' dir='ltr'>tio</span> <span class='ocrx_word' id='word_1_378' title='bbox 2604 2570 2672 2630; x_wconf 91' lang='lat' dir='ltr'>in</span> <span class='ocrx_word' id='word_1_379' title='bbox 2699 2571 2918 2648; x_wconf 90' lang='lat' dir='ltr'>reipsa</span> <span class='ocrx_word' id='word_1_380' title='bbox 2948 2575 3049 2632; x_wconf 89' lang='lat' dir='ltr'>est</span> <span class='ocrx_word' id='word_1_381' title='bbox 3079 2571 3142 2632; x_wconf 91' lang='lat' dir='ltr'>S.</span> <span class='ocrx_word' id='word_1_382' title='bbox 3178 2572 3671 2635; x_wconf 84' lang='lat' dir='ltr'>Bonaventurae</span> <span class='ocrx_word' id='word_1_383' title='bbox 3705 2578 3771 2635; x_wconf 90' lang='lat' dir='ltr'>et</span> <span class='ocrx_word' id='word_1_384' title='bbox 3811 2573 3997 2633; x_wconf 81' lang='lat' dir='ltr'>Docto·</span> 
     </span>
     <span class='ocr_line' id='line_1_79' title="bbox 2488 2687 3086 2764; baseline 0.003 -18"><span class='ocrx_word' id='word_1_385' title='bbox 2488 2687 2576 2747; x_wconf 90' lang='lat' dir='ltr'>ris</span> <span class='ocrx_word' id='word_1_386' title='bbox 2603 2687 2671 2746; x_wconf 78' lang='lat' dir='ltr'>in</span> <span class='ocrx_word' id='word_1_387' title='bbox 2698 2688 3086 2764; x_wconf 80' lang='lat' dir='ltr'>Repertatis.</span> 
     </span>
    </p>

    <p class='ocr_par' dir='ltr' id='par_1_22' title="bbox 2485 2800 4090 3823">
     <span class='ocr_line' id='line_1_80' title="bbox 2567 2800 4090 2882; baseline 0.006 -20"><span class='ocrx_word' id='word_1_388' title='bbox 2567 2801 2627 2862; x_wconf 91' lang='lat' dir='ltr'>Si</span> <span class='ocrx_word' id='word_1_389' title='bbox 2700 2800 3104 2881; x_wconf 85' lang='lat' dir='ltr'>intelligatur</span> <span class='ocrx_word' id='word_1_390' title='bbox 3174 2806 3668 2867; x_wconf 88' lang='lat' dir='ltr'>consummatio</span> <span class='ocrx_word' id='word_1_391' title='bbox 3740 2810 3999 2882; x_wconf 69' lang='lat' dir='ltr'>respectu</span> <span class='ocrx_word' id='word_1_392' title='bbox 4063 2824 4090 2871; x_wconf 69' lang='lat' dir='ltr'>a</span> 
     </span>
     <span class='ocr_line' id='line_1_81' title="bbox 2485 2900 4089 3013; baseline 0.002 -35"><span class='ocrx_word' id='word_1_393' title='bbox 2485 2918 2652 2998; x_wconf 90' lang='lat' dir='ltr'>legis</span> <span class='ocrx_word' id='word_1_394' title='bbox 2683 2933 2884 2991; x_wconf 83' lang='lat' dir='ltr'>novae,</span> <span class='ocrx_word' id='word_1_395' title='bbox 2920 2918 3206 2982; x_wconf 87' lang='lat' dir='ltr'>nonfuit</span> <span class='ocrx_word' id='word_1_396' title='bbox 3248 2924 3313 2982; x_wconf 92' lang='lat' dir='ltr'>in</span> <span class='ocrx_word' id='word_1_397' title='bbox 3361 2926 3494 2983; x_wconf 91' lang='lat' dir='ltr'>toto</span> <span class='ocrx_word' id='word_1_398' title='bbox 3553 2922 3879 3000; x_wconf 89' lang='lat' dir='ltr'>completa</span> <span class='ocrx_word' id='word_1_399' title='bbox 3912 2900 4089 3013; x_wconf 43' lang='lat' dir='ltr'>pro&amp;</span> 
     </span>
     <span class='ocr_line' id='line_1_82' title="bbox 2487 3026 4089 3121; baseline 0 -26"><span class='ocrx_word' id='word_1_400' title='bbox 2487 3040 2664 3107; x_wconf 87' lang='lat' dir='ltr'>tunc,</span> <span class='ocrx_word' id='word_1_401' title='bbox 2711 3033 2833 3095; x_wconf 90' lang='lat' dir='ltr'>sed</span> <span class='ocrx_word' id='word_1_402' title='bbox 2877 3034 2944 3095; x_wconf 90' lang='lat' dir='ltr'>in</span> <span class='ocrx_word' id='word_1_403' title='bbox 2990 3051 3208 3111; x_wconf 91' lang='lat' dir='ltr'>causa,</span> <span class='ocrx_word' id='word_1_404' title='bbox 3258 3051 3504 3116; x_wconf 89' lang='lat' dir='ltr'>nempe</span> <span class='ocrx_word' id='word_1_405' title='bbox 3548 3046 3763 3101; x_wconf 90' lang='lat' dir='ltr'>morte</span> <span class='ocrx_word' id='word_1_406' title='bbox 3793 3038 3997 3106; x_wconf 86' lang='lat' dir='ltr'>Christi,</span> <span class='ocrx_word' id='word_1_407' title='bbox 4048 3026 4089 3121; x_wconf 54' lang='lat' dir='ltr'>„f</span> 
     </span>
     <span class='ocr_line' id='line_1_83' title="bbox 2488 3149 4090 3248; baseline 0.001 -36"><span class='ocrx_word' id='word_1_408' title='bbox 2488 3155 2555 3212; x_wconf 90' lang='lat' dir='ltr'>et</span> <span class='ocrx_word' id='word_1_409' title='bbox 2584 3149 3043 3229; x_wconf 86' lang='lat' dir='ltr'>redemptione</span> <span class='ocrx_word' id='word_1_410' title='bbox 3074 3155 3338 3233; x_wconf 88' lang='lat' dir='ltr'>generis</span> <span class='ocrx_word' id='word_1_411' title='bbox 3369 3154 3670 3232; x_wconf 87' lang='lat' dir='ltr'>humani,</span> <span class='ocrx_word' id='word_1_412' title='bbox 3711 3157 3858 3234; x_wconf 89' lang='lat' dir='ltr'>quia</span> <span class='ocrx_word' id='word_1_413' title='bbox 3896 3153 3997 3230; x_wconf 87' lang='lat' dir='ltr'>plu·</span> <span class='ocrx_word' id='word_1_414' title='bbox 4034 3149 4090 3248; x_wconf 47' lang='grc' dir='ltr'>ζ’,</span> 
     </span>
     <span class='ocr_line' id='line_1_84' title="bbox 2487 3262 4090 3349; baseline 0.001 -23"><span class='ocrx_word' id='word_1_415' title='bbox 2487 3282 2558 3327; x_wconf 91' lang='lat' dir='ltr'>ra</span> <span class='ocrx_word' id='word_1_416' title='bbox 2587 3267 2893 3346; x_wconf 87' lang='lat' dir='ltr'>mysteria</span> <span class='ocrx_word' id='word_1_417' title='bbox 2923 3267 3142 3331; x_wconf 86' lang='lat' dir='ltr'>adhuc</span> <span class='ocrx_word' id='word_1_418' title='bbox 3173 3275 3362 3332; x_wconf 88' lang='lat' dir='ltr'>erant</span> <span class='ocrx_word' id='word_1_419' title='bbox 3394 3269 3816 3349; x_wconf 89' lang='lat' dir='ltr'>complenda.</span> <span class='ocrx_word' id='word_1_420' title='bbox 3851 3268 3999 3330; x_wconf 83' lang='lat' dir='ltr'>lntel-</span> <span class='ocrx_word' id='word_1_421' title='bbox 4045 3262 4090 3310; x_wconf 54' lang='grc' dir='ltr'>ΒΞ·</span> 
     </span>
     <span class='ocr_line' id='line_1_85' title="bbox 2486 3382 4001 3466; baseline -0.001 -22"><span class='ocrx_word' id='word_1_422' title='bbox 2486 3382 2708 3462; x_wconf 88' lang='lat' dir='ltr'>ligitur</span> <span class='ocrx_word' id='word_1_423' title='bbox 2764 3385 2959 3446; x_wconf 71' lang='lat' dir='ltr'>etiam</span> <span class='ocrx_word' id='word_1_424' title='bbox 3017 3389 3495 3448; x_wconf 90' lang='lat' dir='ltr'>consummatio</span> <span class='ocrx_word' id='word_1_425' title='bbox 3559 3387 3788 3466; x_wconf 88' lang='lat' dir='ltr'>quoad</span> <span class='ocrx_word' id='word_1_426' title='bbox 3838 3388 4001 3464; x_wconf 75' lang='lat' dir='ltr'>ipsam</span> 
     </span>
     <span class='ocr_line' id='line_1_86' title="bbox 2488 3499 4003 3578; baseline 0.001 -18"><span class='ocrx_word' id='word_1_427' title='bbox 2488 3499 3040 3578; x_wconf 90' lang='lat' dir='ltr'>redemptionem,</span> <span class='ocrx_word' id='word_1_428' title='bbox 3068 3499 3439 3577; x_wconf 87' lang='lat' dir='ltr'>passionem</span> <span class='ocrx_word' id='word_1_429' title='bbox 3472 3509 3543 3563; x_wconf 91' lang='lat' dir='ltr'>et</span> <span class='ocrx_word' id='word_1_430' title='bbox 3571 3509 3850 3564; x_wconf 88' lang='lat' dir='ltr'>mortem</span> <span class='ocrx_word' id='word_1_431' title='bbox 3869 3500 4003 3563; x_wconf 78' lang='lat' dir='ltr'>Clu-i-</span> 
     </span>
     <span class='ocr_line' id='line_1_87' title="bbox 2491 3615 3998 3698; baseline 0.003 -21"><span class='ocrx_word' id='word_1_432' title='bbox 2491 3617 2594 3689; x_wconf 91' lang='lat' dir='ltr'>sti,</span> <span class='ocrx_word' id='word_1_433' title='bbox 2627 3631 2772 3693; x_wconf 84' lang='lat' dir='ltr'>quae</span> <span class='ocrx_word' id='word_1_434' title='bbox 2815 3616 2879 3678; x_wconf 91' lang='lat' dir='ltr'>in</span> <span class='ocrx_word' id='word_1_435' title='bbox 2923 3615 3076 3695; x_wconf 91' lang='lat' dir='ltr'>lege</span> <span class='ocrx_word' id='word_1_436' title='bbox 3122 3620 3189 3677; x_wconf 82' lang='lat' dir='ltr'>et</span> <span class='ocrx_word' id='word_1_437' title='bbox 3232 3616 3576 3694; x_wconf 87' lang='lat' dir='ltr'>Prophetis</span> <span class='ocrx_word' id='word_1_438' title='bbox 3626 3629 3780 3681; x_wconf 90' lang='lat' dir='ltr'>sunt</span> <span class='ocrx_word' id='word_1_439' title='bbox 3813 3617 3998 3698; x_wconf 79' lang='lat' dir='ltr'>praedi-</span> 
     </span>
     <span class='ocr_line' id='line_1_88' title="bbox 2496 3731 3239 3823; baseline -0.001 -30"><span class='ocrx_word' id='word_1_440' title='bbox 2496 3737 2615 3795; x_wconf 83' lang='lat' dir='ltr'>ctae</span> <span class='ocrx_word' id='word_1_441' title='bbox 2658 3739 2725 3793; x_wconf 91' lang='lat' dir='ltr'>et</span> <span class='ocrx_word' id='word_1_442' title='bbox 2765 3731 3077 3812; x_wconf 66' lang='lat' dir='ltr'>figuratae.</span> <span class='ocrx_word' id='word_1_443' title='bbox 3228 3814 3239 3823; x_wconf 89' lang='lat'><strong><em>.</em></strong></span> 
     </span>
    </p>

    <p class='ocr_par' dir='ltr' id='par_1_23' title="bbox 2494 3851 4090 5445">
     <span class='ocr_line' id='line_1_89' title="bbox 2570 3851 4089 3932; baseline -0.002 -20"><span class='ocrx_word' id='word_1_444' title='bbox 2570 3851 2661 3912; x_wconf 84' lang='lat' dir='ltr'>Ex</span> <span class='ocrx_word' id='word_1_445' title='bbox 2719 3852 2960 3931; x_wconf 86' lang='lat' dir='ltr'>quibus</span> <span class='ocrx_word' id='word_1_446' title='bbox 3017 3857 3198 3930; x_wconf 89' lang='lat' dir='ltr'>patet</span> <span class='ocrx_word' id='word_1_447' title='bbox 3240 3853 3324 3915; x_wconf 88' lang='lat' dir='ltr'>ad</span> <span class='ocrx_word' id='word_1_448' title='bbox 3380 3853 3515 3927; x_wconf 90' lang='lat' dir='ltr'>illa,</span> <span class='ocrx_word' id='word_1_449' title='bbox 3570 3870 3719 3932; x_wconf 78' lang='lat' dir='ltr'>quae</span> <span class='ocrx_word' id='word_1_450' title='bbox 3765 3852 4001 3915; x_wconf 79' lang='lat' dir='ltr'>adducta</span> <span class='ocrx_word' id='word_1_451' title='bbox 4039 3883 4089 3932; x_wconf 57' lang='lat' dir='ltr'>*rvi</span> 
     </span>
     <span class='ocr_line' id='line_1_90' title="bbox 2494 3953 4090 4043; baseline 0.002 -17"><span class='ocrx_word' id='word_1_452' title='bbox 2494 3969 2649 4026; x_wconf 89' lang='lat' dir='ltr'>sunt</span> <span class='ocrx_word' id='word_1_453' title='bbox 2691 3968 2758 4028; x_wconf 93' lang='lat' dir='ltr'>in</span> <span class='ocrx_word' id='word_1_454' title='bbox 2807 3968 3265 4043; x_wconf 90' lang='lat' dir='ltr'>probationem</span> <span class='ocrx_word' id='word_1_455' title='bbox 3312 3970 3798 4043; x_wconf 54' lang='lat' dir='ltr'>antecedentis</span> <span class='ocrx_word' id='word_1_456' title='bbox 3829 3977 3891 4031; x_wconf 91' lang='lat' dir='ltr'>et</span> <span class='ocrx_word' id='word_1_457' title='bbox 3911 3953 4090 4030; x_wconf 60' lang='lat' dir='ltr'>iic-3³¹³</span> 
     </span>
     <span class='ocr_line' id='line_1_91' title="bbox 2496 4085 4003 4163; baseline 0.001 -21"><span class='ocrx_word' id='word_1_458' title='bbox 2496 4085 2692 4161; x_wconf 88' lang='lat' dir='ltr'>gatur</span> <span class='ocrx_word' id='word_1_459' title='bbox 2762 4087 3236 4163; x_wconf 89' lang='lat' dir='ltr'>consequentia</span> <span class='ocrx_word' id='word_1_460' title='bbox 3346 4102 3427 4146; x_wconf 85' lang='lat' dir='ltr'>ex</span> <span class='ocrx_word' id='word_1_461' title='bbox 3499 4087 3875 4152; x_wconf 88' lang='lat' dir='ltr'>Tridentino</span> <span class='ocrx_word' id='word_1_462' title='bbox 3956 4088 4003 4145; x_wconf 84' lang='lat' dir='ltr'>et</span> 
     </span>
     <span class='ocr_line' id='line_1_92' title="bbox 2497 4196 4002 4277; baseline 0.001 -19"><span class='ocrx_word' id='word_1_463' title='bbox 2497 4196 2859 4272; x_wconf 87' lang='lat' dir='ltr'>Bernard0,</span> <span class='ocrx_word' id='word_1_464' title='bbox 2931 4205 2997 4258; x_wconf 89' lang='lat' dir='ltr'>et</span> <span class='ocrx_word' id='word_1_465' title='bbox 3064 4198 3208 4261; x_wconf 90' lang='lat' dir='ltr'>aliis</span> <span class='ocrx_word' id='word_1_466' title='bbox 3279 4215 3477 4277; x_wconf 91' lang='lat' dir='ltr'>supra</span> <span class='ocrx_word' id='word_1_467' title='bbox 3561 4200 3881 4263; x_wconf 86' lang='lat' dir='ltr'>adductis.</span> <span class='ocrx_word' id='word_1_468' title='bbox 3931 4203 4002 4260; x_wconf 86' lang='lat' dir='ltr'>An</span> 
     </span>
     <span class='ocr_line' id='line_1_93' title="bbox 2496 4315 4000 4380; baseline 0.001 -4"><span class='ocrx_word' id='word_1_469' title='bbox 2496 4317 2722 4376; x_wconf 89' lang='lat' dir='ltr'>autem</span> <span class='ocrx_word' id='word_1_470' title='bbox 2753 4315 3105 4375; x_wconf 87' lang='lat' dir='ltr'>cessaverit</span> <span class='ocrx_word' id='word_1_471' title='bbox 3134 4315 3242 4375; x_wconf 85' lang='lat' dir='ltr'>lex</span> <span class='ocrx_word' id='word_1_472' title='bbox 3270 4321 3458 4376; x_wconf 90' lang='lat' dir='ltr'>vetus</span> <span class='ocrx_word' id='word_1_473' title='bbox 3501 4317 3567 4378; x_wconf 91' lang='lat' dir='ltr'>in</span> <span class='ocrx_word' id='word_1_474' title='bbox 3615 4325 3825 4380; x_wconf 90' lang='lat' dir='ltr'>morte</span> <span class='ocrx_word' id='word_1_475' title='bbox 3860 4315 4000 4379; x_wconf 85' lang='lat' dir='ltr'>Chri·</span> 
     </span>
     <span class='ocr_line' id='line_1_94' title="bbox 2498 4429 3996 4512; baseline -0.001 -19"><span class='ocrx_word' id='word_1_476' title='bbox 2498 4433 2601 4507; x_wconf 89' lang='lat' dir='ltr'>sti,</span> <span class='ocrx_word' id='word_1_477' title='bbox 2675 4429 2895 4512; x_wconf 91' lang='lat' dir='ltr'>quoad</span> <span class='ocrx_word' id='word_1_478' title='bbox 2966 4431 3435 4511; x_wconf 82' lang='lat' dir='ltr'>obligationem</span> <span class='ocrx_word' id='word_1_479' title='bbox 3501 4434 3996 4502; x_wconf 76' lang='lat' dir='ltr'>circumcisionis,</span> 
     </span>
     <span class='ocr_line' id='line_1_95' title="bbox 2498 4547 3997 4631; baseline -0.002 -19"><span class='ocrx_word' id='word_1_480' title='bbox 2498 4547 2661 4613; x_wconf 85' lang='lat' dir='ltr'>infra</span> <span class='ocrx_word' id='word_1_481' title='bbox 2727 4548 3063 4622; x_wconf 89' lang='lat' dir='ltr'>dicemus;</span> <span class='ocrx_word' id='word_1_482' title='bbox 3134 4565 3219 4610; x_wconf 88' lang='lat' dir='ltr'>an</span> <span class='ocrx_word' id='word_1_483' title='bbox 3289 4549 3510 4628; x_wconf 91' lang='lat' dir='ltr'>quoad</span> <span class='ocrx_word' id='word_1_484' title='bbox 3566 4553 3839 4631; x_wconf 88' lang='lat' dir='ltr'>reliqua,</span> <span class='ocrx_word' id='word_1_485' title='bbox 3899 4565 3997 4612; x_wconf 91' lang='lat' dir='ltr'>non</span> 
     </span>
     <span class='ocr_line' id='line_1_96' title="bbox 2499 4664 3993 4744; baseline -0.001 -16"><span class='ocrx_word' id='word_1_486' title='bbox 2499 4674 2599 4729; x_wconf 85' lang='lat' dir='ltr'>est</span> <span class='ocrx_word' id='word_1_487' title='bbox 2628 4665 2816 4744; x_wconf 89' lang='lat' dir='ltr'>hujus</span> <span class='ocrx_word' id='word_1_488' title='bbox 2858 4664 2986 4729; x_wconf 89' lang='lat' dir='ltr'>loci</span> <span class='ocrx_word' id='word_1_489' title='bbox 3015 4670 3319 4727; x_wconf 89' lang='lat' dir='ltr'>tractare.</span> <span class='ocrx_word' id='word_1_490' title='bbox 3352 4664 3718 4732; x_wconf 85' lang='lat' dir='ltr'>videantur</span> <span class='ocrx_word' id='word_1_491' title='bbox 3743 4673 3993 4730; x_wconf 81' lang='lat' dir='ltr'>auctores</span> 
     </span>
     <span class='ocr_line' id='line_1_97' title="bbox 2502 4780 3992 4860; baseline -0.003 -14"><span class='ocrx_word' id='word_1_492' title='bbox 2502 4785 2676 4846; x_wconf 87' lang='lat' dir='ltr'>citati</span> <span class='ocrx_word' id='word_1_493' title='bbox 2704 4784 2770 4846; x_wconf 92' lang='lat' dir='ltr'>in</span> <span class='ocrx_word' id='word_1_494' title='bbox 2811 4782 3082 4843; x_wconf 89' lang='lat' dir='ltr'>materia</span> <span class='ocrx_word' id='word_1_495' title='bbox 3135 4780 3218 4842; x_wconf 89' lang='lat' dir='ltr'>de</span> <span class='ocrx_word' id='word_1_496' title='bbox 3266 4781 3549 4860; x_wconf 89' lang='lat' dir='ltr'>legibus.</span> <span class='ocrx_word' id='word_1_497' title='bbox 3606 4781 3773 4847; x_wconf 86' lang='lat' dir='ltr'>Illud</span> <span class='ocrx_word' id='word_1_498' title='bbox 3824 4791 3992 4844; x_wconf 85' lang='lat' dir='ltr'>tamen</span> 
     </span>
     <span class='ocr_line' id='line_1_98' title="bbox 2499 4898 3992 4978; baseline -0.001 -17"><span class='ocrx_word' id='word_1_499' title='bbox 2499 4903 2599 4961; x_wconf 86' lang='lat' dir='ltr'>est</span> <span class='ocrx_word' id='word_1_500' title='bbox 2629 4898 2805 4977; x_wconf 91' lang='lat' dir='ltr'>quod</span> <span class='ocrx_word' id='word_1_501' title='bbox 2839 4898 3281 4974; x_wconf 86' lang='lat' dir='ltr'>contenditur,</span> <span class='ocrx_word' id='word_1_502' title='bbox 3313 4915 3582 4978; x_wconf 90' lang='lat' dir='ltr'>nempe,</span> <span class='ocrx_word' id='word_1_503' title='bbox 3626 4918 3760 4964; x_wconf 90' lang='lat' dir='ltr'>non</span> <span class='ocrx_word' id='word_1_504' title='bbox 3788 4919 3858 4964; x_wconf 82' lang='lat' dir='ltr'>ex</span> <span class='ocrx_word' id='word_1_505' title='bbox 3885 4914 3992 4960; x_wconf 83' lang='lat' dir='ltr'>ces·</span> 
     </span>
     <span class='ocr_line' id='line_1_99' title="bbox 2497 5009 3989 5094; baseline -0.005 -18"><span class='ocrx_word' id='word_1_506' title='bbox 2497 5017 2750 5076; x_wconf 89' lang='lat' dir='ltr'>satione</span> <span class='ocrx_word' id='word_1_507' title='bbox 2809 5014 2955 5092; x_wconf 90' lang='lat' dir='ltr'>ejus</span> <span class='ocrx_word' id='word_1_508' title='bbox 3014 5013 3233 5092; x_wconf 86' lang='lat' dir='ltr'>quoad</span> <span class='ocrx_word' id='word_1_509' title='bbox 3281 5015 3782 5094; x_wconf 87' lang='lat' dir='ltr'>obligationem,</span> <span class='ocrx_word' id='word_1_510' title='bbox 3823 5009 3989 5076; x_wconf 81' lang='lat' dir='ltr'>inferri</span> 
     </span>
     <span class='ocr_line' id='line_1_100' title="bbox 2498 5129 3986 5210; baseline -0.002 -16"><span class='ocrx_word' id='word_1_511' title='bbox 2498 5135 2936 5195; x_wconf 90' lang='lat' dir='ltr'>cessationem</span> <span class='ocrx_word' id='word_1_512' title='bbox 2991 5132 3212 5210; x_wconf 89' lang='lat' dir='ltr'>quoad</span> <span class='ocrx_word' id='word_1_513' title='bbox 3270 5129 3584 5204; x_wconf 84' lang='lat' dir='ltr'>fructum,</span> <span class='ocrx_word' id='word_1_514' title='bbox 3649 5140 3758 5196; x_wconf 88' lang='lat' dir='ltr'>aut</span> <span class='ocrx_word' id='word_1_515' title='bbox 3794 5145 3986 5196; x_wconf 77' lang='lat' dir='ltr'>exusu</span> 
     </span>
     <span class='ocr_line' id='line_1_101' title="bbox 2497 5244 3982 5328; baseline -0.003 -19"><span class='ocrx_word' id='word_1_516' title='bbox 2497 5253 2929 5309; x_wconf 88' lang='lat' dir='ltr'>concurrente</span> <span class='ocrx_word' id='word_1_517' title='bbox 3003 5249 3166 5327; x_wconf 90' lang='lat' dir='ltr'>legis</span> <span class='ocrx_word' id='word_1_518' title='bbox 3237 5265 3420 5310; x_wconf 79' lang='lat' dir='ltr'>novae</span> <span class='ocrx_word' id='word_1_519' title='bbox 3488 5251 3555 5311; x_wconf 92' lang='lat' dir='ltr'>in</span> <span class='ocrx_word' id='word_1_520' title='bbox 3619 5257 3795 5328; x_wconf 90' lang='lat' dir='ltr'>parte</span> <span class='ocrx_word' id='word_1_521' title='bbox 3843 5244 3982 5324; x_wconf 84' lang='lat' dir='ltr'>sequi</span> 
     </span>
     <span class='ocr_line' id='line_1_102' title="bbox 2495 5361 3750 5445; baseline 0.002 -20"><span class='ocrx_word' id='word_1_522' title='bbox 2495 5362 2966 5443; x_wconf 85' lang='lat' dir='ltr'>obligationem</span> <span class='ocrx_word' id='word_1_523' title='bbox 2997 5367 3386 5440; x_wconf 73' lang='lat' dir='ltr'>praetensam</span> <span class='ocrx_word' id='word_1_524' title='bbox 3417 5361 3750 5445; x_wconf 82' lang='lat' dir='ltr'>Baptismi.</span> 
     </span>
    </p>

    <p class='ocr_par' dir='ltr' id='par_1_24' title="bbox 2575 5478 3978 5555">
     <span class='ocr_line' id='line_1_103' title="bbox 2575 5478 3978 5555; baseline 0.001 -14"><span class='ocrx_word' id='word_1_525' title='bbox 2575 5478 2877 5543; x_wconf 87' lang='lat' dir='ltr'>Secunda</span> <span class='ocrx_word' id='word_1_526' title='bbox 2949 5478 3280 5541; x_wconf 88' lang='lat' dir='ltr'>conclusio</span> <span class='ocrx_word' id='word_1_527' title='bbox 3353 5481 3653 5545; x_wconf 89' lang='lat' dir='ltr'>Doctoris</span> <span class='ocrx_word' id='word_1_528' title='bbox 3709 5487 3821 5554; x_wconf 87' lang='lat' dir='ltr'>est,</span> <span class='ocrx_word' id='word_1_529' title='bbox 3874 5479 3978 5555; x_wconf 81' lang='lat' dir='ltr'>post</span> 
     </span>
    </p>
   </div>
   <div class='ocr_carea' id='block_1_19' title="bbox 2495 5465 4090 5679">
    <p class='ocr_par' dir='ltr' id='par_1_25' title="bbox 2495 5465 4090 5679">
     <span class='ocr_line' id='line_1_104' title="bbox 4054 5465 4089 5518; baseline 0 0"><span class='ocrx_word' id='word_1_530' title='bbox 4054 5465 4089 5518; x_wconf 76' lang='grc' dir='ltr'>.ῖί</span> 
     </span>
     <span class='ocr_line' id='line_1_105' title="bbox 2495 5525 4090 5679; baseline -0.003 -19"><span class='ocrx_word' id='word_1_531' title='bbox 2495 5599 3090 5679; x_wconf 90' lang='lat' dir='ltr'>promulgationem</span> <span class='ocrx_word' id='word_1_532' title='bbox 3117 5598 3451 5677; x_wconf 84' lang='lat' dir='ltr'>Evangelii</span> <span class='ocrx_word' id='word_1_533' title='bbox 3478 5601 3852 5672; x_wconf 88' lang='lat' dir='ltr'>solemnem,</span> <span class='ocrx_word' id='word_1_534' title='bbox 3877 5602 3973 5657; x_wconf 80' lang='lat' dir='ltr'>tum</span> <span class='ocrx_word' id='word_1_535' title='bbox 3994 5525 4090 5657; x_wconf 55' lang='grc' dir='ltr'>Ἢ</span> 
     </span>
    </p>
   </div>
  </div>
 </body>
</html>
