4255 6375
1464 403 1641 464 Dls'r
1687 404 1759 466 V.
1809 403 2172 478 QUAESTIO
2220 406 2293 467 11.

241 571 508 641 mento,
563 562 738 648 quod
768 562 1153 650 ubicumque
1200 565 1478 643 invenit,
1533 585 1664 630 non
1698 566 1809 629 Ιιο-

244 676 549 757 minum,
604 677 721 744 sed
759 680 884 743 Dei
922 699 1058 745 esse
1087 682 1420 766 coynovit,
1465 681 1684 747 noluit
1729 702 1813 745 θα)

237 792 384 858 hac
415 794 556 860 vita
597 796 914 881 miyrare,
960 807 1084 862 etc.
1130 797 1407 863 habetur
1446 800 1552 863 24.
1614 818 1679 884 q.
1747 800 1807 864 1.

237 929 405 978 can.
477 911 558 977 Si
594 931 782 997 quem
845 915 1045 996 forte,
1103 925 1227 982 etc.
1303 916 1452 979 Mox
1502 913 1811 999 reprobat

233 1046 435 1108 eum,
473 1026 583 1114 qui
640 1028 783 1095 sine
813 1029 923 1096 tali
977 1029 1364 1098 necessitate
1424 1029 1655 1116 recipit
1686 1031 1811 1094 Ba-

236 1141 601 1227 ptismum,
685 1158 871 1213 extra
961 1146 1270 1213 unionem
1373 1145 1804 1223 Catholicam,

239 1259 566 1346 quamvis
615 1261 833 1329 animo
890 1274 1154 1348 paratus
1205 1262 1290 1328 sit
1331 1262 1568 1343 redire,
1628 1283 1810 1330 asse-

237 1395 415 1443 rens
446 1397 594 1443 esse
635 1398 1019 1463 perversum
1051 1390 1114 1446 et
1146 1380 1472 1467 iniquum,
1524 1379 1605 1446 de
1646 1401 1797 1446 con-

239 1503 500 1560 secrat.
579 1494 734 1560 dist.
801 1498 865 1561 4.
930 1517 1073 1581 cap.
1153 1496 1514 1571 Quomodo,
1632 1499 1808 1562 Hanc

112 1642 158 1675 a.
244 1623 633 1696 sequuntur
686 1612 1122 1680 communiter
1181 1617 1513 1692 Doctores,
1571 1624 1641 1679 ut
1693 1617 1805 1679 Ca-

112 1704 160 1801 ῘῘ
239 1727 526 1811 jetanus
590 1740 816 1815 quoest.
888 1733 999 1801 64.
1033 1742 1163 1797 art.
1201 1733 1264 1796 6.
1304 1733 1544 1797 Suarez
1574 1752 1798 1817 supra,

112 1829 208 1926 fig]
244 1844 416 1909 Soto
446 1843 602 1912 dist.
656 1850 716 1912 1.
764 1857 988 1932 quaest.
1037 1853 1100 1915 5.
1139 1859 1271 1914 art.
1319 1850 1381 1913 6.
1419 1849 1680 1935 Negare
1703 1861 1798 1915 ta-

246 1980 416 2027 men
476 1961 733 2028 videtur
798 1963 1125 2031 Adrianus
1155 1976 1380 2051 quoest.
1433 1969 1496 2031 3.
1561 1965 1644 2031 de
1674 1968 1804 2031 Ba-

234 2078 521 2163 ptism0,
585 2078 639 2146 si
676 2079 974 2147 minister
1035 2100 1164 2147 non
1198 2096 1294 2147 est
1337 2095 1598 2169 paratus
1649 2083 1804 2150 dare

240 2194 772 2275 Sacramentum,
857 2218 1069 2284 neque
1143 2219 1225 2264 ex
1264 2198 1478 2265 officio
1538 2210 1798 2266 tenetur

240 2308 431 2391 dare,
472 2330 588 2376 nec
656 2312 709 2378 si
770 2311 1045 2391 dederit,
1112 2314 1296 2400 juste
1343 2325 1444 2380 est
1501 2314 1800 2395 daturus,

245 2427 699 2496 convertendo
730 2450 966 2517 nempe
994 2444 1160 2509 se,et
1192 2431 1620 2498 ministrando
1652 2433 1805 2498 abs-

112 2588 188 2624 ur.
249 2567 391 2632 que
449 2560 730 2634 peccato,
814 2547 936 2612 Sed
1010 2546 1316 2613 resolutio
1357 2548 1707 2634 Augustini
1740 2561 1802 2618 et

250 2664 554 2732 Doctoris
585 2677 685 2732 est
732 2665 1158 2753 praeferenda,
1196 2666 1346 2754 quia
1380 2667 1555 2733 nulla
1594 2667 1652 2733 ei
1694 2689 1806 2734 ne-

246 2781 529 2849 cessitas
579 2783 940 2869 imponitur
975 2783 1280 2870 peccandi
1313 2805 1348 2848 a
1393 2794 1651 2868 petente
1686 2806 1701 2861 ;
1737 2796 1801 2850 et

245 2894 562 2981 quamvis
602 2916 682 2962 ex
720 2895 935 2963 officio
976 2917 1106 2963 non
1151 2907 1451 2963 teneatur
1489 2896 1665 2975 dare,
1720 2917 1798 2963 ex

177 3041 191 3046 ·
245 3023 583 3098 praecepto
617 3023 832 3080 tamen
873 3012 1098 3079 divino
1135 3023 1198 3078 et
1242 3011 1551 3094 naturali,
1608 3012 1672 3078 in
1727 3033 1801 3078 eo

244 3150 408 3199 casu
447 3142 704 3200 tenetur
743 3131 919 3213 dare,
1001 3131 1171 3219 quod
1233 3131 1501 3218 perinde
1551 3131 1803 3220 obligat

242 3248 324 3314 ad
356 3262 600 3328 actum,
658 3250 828 3315 sicut
867 3249 921 3316 si
955 3270 1037 3314 ex
1075 3247 1290 3315 officio
1323 3258 1677 3315 teneretur.

116 3425 160 3475 ri
334 3368 418 3431 Et
466 3364 916 3445 confirmatur,
955 3364 1107 3453 quia
1149 3366 1311 3432 nihil
1357 3378 1527 3432 vetat
1561 3380 1799 3453 practer

114 3503 195 3536 um
249 3496 655 3569 praeceptum
710 3481 1266 3563 Ecclesiasticum,
1310 3482 1523 3549 sedin
1554 3504 1631 3549 eo
1687 3504 1795 3551 ca—

112 3567 222 3663 ffen-
249 3618 328 3663 su
371 3610 776 3685 praeceptum
809 3620 937 3665 non
987 3598 1150 3685 ligat
1179 3620 1259 3665 ex
1313 3598 1528 3678 dictis,
1585 3620 1799 3686 neque

112 3799 421 3917 ³²³³·ergo
479 3831 542 3896 in
594 3851 749 3897 casu
794 3831 1200 3897 necessitatis
1246 3850 1585 3916 expresso,
1623 3830 1797 3897 licite

253 3946 587 4014 ministrat
635 3950 1150 4028 Sacramentum,
1199 3960 1515 4035 quantum
1566 3959 1666 4015 est
1713 3970 1794 4014 ex

251 4060 379 4129 hoc
410 4062 642 4148 capite,
672 4076 734 4126 et
755 4059 929 4127 licite
951 4061 1030 4126 ab
1062 4081 1138 4126 eo
1171 4061 1432 4147 petitur.
1457 4064 1534 4127 Et
1567 4084 1793 4149 quam-

245 4178 351 4245 vis
423 4177 569 4246 talis
644 4178 904 4245 adultus
973 4178 1181 4264 possit
1237 4178 1361 4244 sibi
1455 4179 1796 4265 providere

243 4307 563 4380 quantum
627 4294 706 4359 ad
776 4293 1384 4373 sanctificationem,
1450 4295 1551 4361 vel
1621 4308 1795 4362 certe

241 4410 403 4476 alias
435 4409 631 4476 fuerit
671 4408 1073 4495 justificatus
1146 4430 1259 4495 per
1334 4410 1791 4477 contritionem

242 4537 303 4592 et
337 4525 560 4608 fidem,
631 4546 840 4611 neque
898 4525 1202 4592 conscius
1247 4525 1333 4591 sit
1365 4525 1489 4591 sibi
1547 4525 1667 4611 ipsi
1712 4527 1790 4593 de

241 4643 520 4721 mortali,
559 4654 773 4709 tamen
817 4655 1008 4730 urget
1049 4656 1450 4730 praeceptum
1484 4644 1785 4713 divinum

238 4759 576 4846 Baptismi,
649 4765 718 4827 ut
750 4760 1076 4847 signatae„
1131 4771 1188 4826 et
1224 4770 1535 4846 tanquam
1579 4783 1787 4828 mem-

237 4874 428 4945 brum
468 4876 779 4944 Ecclesiae
819 4876 1112 4957 decedat,
1171 4876 1342 4964 quod
1385 4891 1784 4965 praeceptum

239 4994 550 5077 praevalet
628 5004 956 5080 praecepto
1032 4992 1522 5073 EcclesiasticO,
1613 4995 1784 5081 quod

241 5108 415 5175 nullo
483 5110 672 5176 modo
728 5108 1223 5196 comprehendit
1288 5130 1536 5176 casum.
1604 5111 1784 5186 Quod

252 5241 422 5308 patet
461 5246 541 5290 ex
572 5225 792 5305 simili,
830 5226 983 5313 quia
1023 5225 1307 5292 Ecclesia
1355 5246 1685 5312 nunquam
1718 5225 1782 5294 in

114 5325 175 5377 '¹¹³-
241 5343 508 5408 articulo
560 5342 788 5408 mortis
839 5353 1133 5408 reservat
1187 5363 1501 5409 censuras
1543 5344 1607 5408 in
1685 5344 1782 5410 fa-

241 5478 468 5526 vorem
494 5458 721 5525 salutis
751 5457 1014 5538 animae,
1054 5469 1122 5525 ut
1150 5480 1266 5544 per
1296 5481 1366 5526 se
1404 5473 1678 5538 constat,
1716 5460 1781 5526 in

244 5575 545 5642 omnibus
576 5574 867 5655 casibuS,
906 5573 971 5641 in
1022 5575 1261 5663 quibus
1304 5578 1445 5642 haec
1489 5576 1782 5662 exceptio

112 5216 205 5252 len·

112 5279 124 5309 Ι

112 3707 160 3788 *su
248 3714 543 3782 Ecclesia
600 3726 834 3801 potest,
878 3729 988 3782 aut
1037 3714 1315 3782 intendit
1357 3736 1506 3780 eum
1538 3714 1740 3801 ligare
1777 3739 1828 3819 ;1

3260 363 3287 381 ”
3387 409 3500 471 511

1924 565 2348 652 exprimitur,
2396 588 2429 634 a
2501 568 2743 655 quibus
2791 571 3044 639 absolvi
3109 592 3235 639 non
3271 573 3480 659 possit

1927 682 2055 749 nisi
2095 703 2133 749 a
2182 686 2473 751 Romano
2504 684 2839 769 pontifice,
2909 700 3358 777 praeterquam
3405 692 3479 757 in

1929 802 2160 866 mortis
2199 802 2534 884 articul0‚·
2576 815 2639 869 et
2672 802 3123 871 Tridentinum
3157 827 3317 874 sess.
3366 811 3471 875 14.
3552 841 3788 901 Trident,

1926 934 2068 999 cap.
2136 918 2199 980 Ἴ.
2277 915 2757 997 Verumtamen,
2807 916 3041 1006 inquit,
3090 921 3207 1006 pic
3243 921 3475 988 admo-

1925 1027 2083 1094 dum
2102 1049 2187 1093 ne
2229 1029 2353 1095 hac
2381 1030 2529 1115 ipsa
2567 1031 2909 1100 occasione
2940 1034 3191 1122 aliquis
3217 1047 3469 1122 pereat,

1925 1145 1996 1212 in
2040 1145 2338 1211 Ecclesia
2387 1149 2512 1213 Dei
2560 1128 2957 1216 custoditam
3013 1171 3272 1237 semper
3312 1153 3469 1237 fuit,

1928 1262 2215 1328 utnulla
2252 1264 2340 1329 sit
2368 1266 2733 1331 reservatio
2774 1267 2850 1332 in
2878 1266 3165 1333 articulo
3214 1270 3468 1349 mortis,

1921 1389 2116 1464 atque
2193 1380 2358 1446 adeo
2432 1389 2656 1448 omnes
2717 1382 3090 1451 sacerdotes
3160 1385 3476 1472 quoslibet

1917 1497 2311 1582 pcenitentes
2360 1521 2401 1565 a
2450 1500 2789 1585 quibusvis
2869 1505 3156 1588 peccatis
3220 1515 3281 1570 et
3328 1525 3474 1569 cen-

1917 1614 2093 1679 suris
2141 1613 2477 1681 absolvere
2518 1618 2799 1703 possint,
2845 1631 2970 1685 etc.
3038 1622 3217 1687 Hanc
3253 1631 3474 1686 aucto-

1920 1728 2173 1796 ritatem
2228 1751 2373 1797 esse
2434 1732 2608 1818 juris
2670 1733 2897 1802 ⁴divini
2972 1734 3159 1802 docet
3227 1739 3470 1803 Duran-

1918 1844 2041 1912 dus
2092 1849 2167 1913 in
2221 1851 2292 1914 4.
2353 1848 2510 1915 dist.
2569 1852 2673 1917 19.
2727 1861 2952 1936 qaoest.
3002 1854 3066 1918 ᾖ.
3118 1851 3469 1937 Capreolus

1919 1975 2145 2048 qaoest.
2198 1969 2260 2031 1.
2317 1965 2685 2033 Paludanus
2710 1968 2865 2033 dist.
2904 1971 3018 2035 20.
3064 1969 3363 2036 Ruardus
3394 1971 3468 2036 in
3521 1983 3815 2036 nun-andus.

1917 2080 2246 2158 articulis,
2292 2083 2485 2148 artic.
2532 2086 2596 2149 3.
2633 2094 2865 2150 contra
2908 2086 3288 2155 Calvinum.
3493 2046 3581 2159 19:1³
3592 2049 3812 2166 υῗᾎοιξὲἓζ

2009 2199 2083 2262 Et
2112 2195 2428 2284 quidquid
2478 2199 2564 2265 sit
2621 2199 2700 2266 de
2732 2201 2855 2268 hac
2893 2202 3238 2282 sententia,
3282 2224 3462 2270 com-
3521 2174 3784 2289 Ruiassruus.

1919 2310 2137 2377 munis
2177 2311 2349 2380 illam
2382 2314 2793 2382 autoritatem
2852 2316 3147 2382 extendit
3189 2317 3266 2383 ad
3301 2339 3464 2405 pra}-

1917 2429 2110 2509 cisos,
2164 2430 2361 2498 etiam
2405 2431 2772 2512 haereticOS,
2811 2434 3114 2519 quamvis
3161 2433 3361 2521 aliqui
3403 2434 3468 2501 id

1922 2558 2184 2630 negent.
2242 2550 2318 2614 Et
2347 2559 2523 2614 certe
2583 2550 2781 2634 verba
2838 2535 3102 2616 Concilii
3173 2551 3472 2618 absolute

1916 2673 1980 2728 et
2037 2661 2180 2729 sine
2238 2662 2627 2731 limitatione
2699 2666 3005 2752 quamvis
3066 2667 3469 2734 sacerdotem

1916 2779 2510 2864 comprehendunt,
2555 2791 2617 2846 et
2676 2781 2826 2847 finis
2887 2782 3081 2848 etiam
3136 2803 3472 2850 concessae

1915 2894 2345 2976 auctoritatis,
2405 2894 2471 2960 in
2533 2896 2823 2963 favorem
2865 2896 3209 2964 existentis
3258 2895 3323 2964 in
3362 2918 3471 2963 ar-

1915 3008 2137 3088 ticuIO,
2176 3010 2449 3096 perinde
2484 3010 2546 3077 id
2572 3011 2926 3100 importare
2965 3013 3265 3094 videtur;
3312 3035 3473 3101 ergo

1913 3126 2108 3193 etiam
2154 3128 2218 3193 in
2258 3126 2533 3197 articulo
2583 3129 2917 3217 praesenti.
2962 3131 3069 3198 Sic
3136 3129 3331 3199 etiam
3375 3130 3473 3198 in-

1910 3245 2263 3332 telligenda
2304 3258 2402 3313 est
2439 3268 2627 3313 mens
2684 3249 3017 3331 Ecclesiae,
3054 3268 3172 3315 sua
3234 3269 3472 3336 nempe

1912 3359 2352 3443 prohibitione
2437 3382 2566 3426 non
2647 3362 3203 3447 comprehendere
3266 3363 3463 3432 talem

1911 3476 2299 3561 articulum3
2338 3491 2402 3545 et
2449 3478 2600 3545 licet
2633 3478 2935 3546 minister
2983 3479 3068 3547 sit
3097 3479 3257 3563 alias
3293 3501 3465 3567 prae-

1909 3593 2108 3671 cisuS,
2176 3591 2241 3656 in
2292 3614 2448 3659 casu
2506 3594 2817 3681 praesenti
2882 3616 3011 3662 non
3040 3616 3188 3664 esse
3229 3596 3464 3682 prasci-

1908 3707 2142 3786 cisum,
2182 3709 2296 3774 sed
2331 3709 2703 3793 toleratum,
2735 3711 2799 3780 in
2826 3710 3114 3780 favorem
3152 3713 3456 3799 petentiS,

1909 3843 1984 3887 eo
2022 3844 2175 3890 casu
2218 3837 2533 3891 extremae
2585 3826 3027 3906 necessitatis,
3086 3829 3462 3900 Sacramen-

1911 3951 2071 4008 tum.
2109 3944 2331 4029 Neque
2365 3942 2544 4009 ullibi
2595 3943 2930 4011 invenitur
2977 3944 3124 4011 talis
3163 3946 3462 4011 extensio

1910 4058 2392 4145 prohibitionis,
2443 4080 2653 4146 neque
2697 4081 2777 4126 ex
2835 4059 3121 4146 generali
3171 4060 3460 4131 clausula

1909 4195 2121 4259 poenae
2165 4173 2432 4240 inssictae
2482 4176 2803 4257 aufertur,
2868 4188 2979 4244 aut
3028 4178 3459 4264 comprehen-

1906 4290 2081 4356 ditur
2117 4303 2341 4357 contra
2398 4291 2700 4378 pietatem
2757 4306 2821 4361 et
2884 4314 3072 4360 usum
3117 4291 3454 4375 Ecclesiae,

1904 4430 2032 4495 quo
2074 4409 2216 4477 vult
2244 4408 2519 4476 salutem
2551 4412 2849 4478 omnium
2889 4425 2957 4480 et
3020 4423 3245 4479 contra
3287 4434 3461 4500 prae-

1901 4526 2217 4611 scriptum
2253 4526 2499 4593 divinae
2553 4526 2740 4613 legis.

1991 4643 2196 4729 Major
2246 4663 2439 4729 porro
2502 4643 2666 4709 ratio
2718 4643 2782 4711 in
2845 4645 3178 4731 proposito
3226 4646 3452 4729 currit,

1899 4778 2099 4846 quam
2172 4760 2238 4826 in
2295 4761 3219 4855 absolutione.poenitentiali,
3304 4785 3453 4851 quae

1898 4875 2219 4962 dependet
2286 4878 2365 4944 ab
2423 4879 2809 4946 auctoritate
2882 4891 3313 4967 competente,
3376 4882 3458 4949 ab

1895 4992 2185 5058 Ecclesia
2216 5005 2511 5079 recepta;
2558 5015 2686 5061 non
2739 4994 2825 5062 ita
2891 4996 3289 5083 BaptismuS,
3347 4992 3459 5065 aut

1899 5108 2041 5195 ejus
2074 5110 2280 5190 valor,
2328 5110 2437 5199 qui
2470 5110 2666 5177 etiam
2722 5111 3041 5180 renitente
3097 5125 3162 5180 et
3237 5105 3455 5200 prohi-

1895 5224 2086 5291 bente
2146 5227 2432 5295 Ecclesia
2497 5228 2710 5295 valide
2788 5231 3146 5312 confertur,
3258 5245 3327 5300 ut
3395 5232 3449 5300 si

1897 5354 2225 5428 praesente
2273 5346 2561 5410 Paroclio
2620 5345 2785 5412 alius
2821 5346 3122 5434 baptizet,
3180 5350 3447 5431 tenebit,

1896 5458 2043 5525 licet
2090 5460 2336 5547 injuste
2386 5462 2624 5528 factum
2683 5476 2747 5528 et
2794 5477 3021 5531 contra
3106 5465 3450 5551 prohibiti-

1895 5594 2088 5643 onem
2127 5577 2457 5646 Ecclesiae.
2514 5577 2697 5646 Ratio
2725 5589 2942 5647 autem
2976 5579 3242 5647 Adriani
3320 5604 3450 5651 non
