4255 6375
164 3534 218 3586 2.
245 3536 309 3584 de

138 3599 346 3650 Anima.

118 3667 241 3714 text.
278 3663 339 3711 ⁴7
352 3701 367 3714 .

1625 464 1820 529 Dls'r.
1887 464 1930 526 l.
1987 463 2354 541 QUAESTIO
2389 467 2435 529 1.

409 624 826 698 versalior
858 624 1434 717 praedicatione
1465 627 1972 719 (inquantum

410 738 904 832 hujusmodi)
941 745 1417 834 potestesse
1450 743 1609 816 nisi
1642 764 1687 814 a
1729 765 1974 816 causa

415 857 997 930 universaliori
1081 861 1516 932 secundum
1602 859 1973 951 perfecti·

417 992 700 1052 onem;
748 972 935 1048 licet
968 974 1183 1045 enim
1229 972 1470 1046 homo
1506 975 1765 1066 possit
1796 996 1974 1048 esse

390 1089 512 1193 ‚ab
554 1087 902 1171 homine,
960 1110 1120 1161 non
1166 1095 1437 1163 tamen
1494 1090 1972 1185 inquantum

414 1204 662 1277 homo
732 1210 999 1299 potest
1075 1229 1276 1289 esse,
1361 1208 1515 1281 nisi
1594 1228 1640 1280 a
1727 1229 1973 1281 causa

417 1319 893 1413 perfectiori
971 1326 1143 1395 tota
1222 1325 1487 1415 specie
1574 1322 1967 1406 hominis;

415 1458 618 1529 ergo
696 1459 743 1509 a
821 1438 1094 1521 simili,
1188 1465 1322 1509 esse
1413 1440 1493 1512 in
1581 1448 1970 1533 quantum

421 1554 905 1647 hujusmodi,
984 1576 1143 1628 non
1218 1560 1484 1649 potest
1563 1579 1742 1629 esse
1811 1558 1971 1631 nisi

421 1690 469 1741 a
546 1691 795 1743 causa
882 1673 1459 1746 universaliori
1539 1675 1968 1746 secundum

424 1786 1009 1876 perfectionem
1086 1792 1263 1862 toto
1342 1809 1519 1861 esse
1589 1788 1967 1869 creabili;

423 1924 558 1996 esse
628 1923 854 1994 ergo,
935 1905 1412 1996 inquantum
1486 1903 1967 1996 hujusmodi,

423 2026 546 2093 est
669 2022 1065 2095 terminus
1150 2021 1652 2102 creationis;
1771 2020 1972 2092 unde

426 2138 653 2232 prius
719 2140 1020 2211 dictum
1087 2140 1236 2219 est,
1311 2140 1519 2230 quod
1586 2161 1742 2217 esse,
1812 2158 1972 2208 non

420 2256 897 2345 inquantum
955 2253 1105 2327 hoc
1161 2246 1285 2326 vel
1351 2254 1534 2335 tale,
1597 2254 1730 2326 sed
1786 2253 1971 2326 sim·

420 2371 773 2464 pliciter,
835 2376 960 2445 est
1022 2370 1421 2445 terminus
1491 2370 1962 2443 creationis,

422 2492 592 2562 Ista
632 2488 1151 2562 confirmatio
1213 2507 1374 2559 non
1435 2487 1673 2560 valet.
1740 2487 1968 2560 Hanc

422 2607 639 2678 enim
688 2605 1093 2678 rationem
1167 2603 1394 2696 ponit
1452 2605 1761 2677 Doctor
1811 2602 1972 2688 ille,

424 2722 658 2813 cujus
693 2726 842 2805 est,
890 2721 967 2793 in
1000 2719 1141 2793 illa
1162 2720 1648 2817 quaestione,
1698 2724 1975 2794 utrum

427 2838 684 2911 solius
750 2838 897 2911 Dei
966 2838 1073 2911 sit
1148 2858 1434 2910 creare
1476 2842 1511 2908 ἰ’
1590 2841 1969 2930 Suppono

424 2952 640 3023 enim
691 2951 897 3043 quod
941 2971 1101 3025 non
1152 2951 1491 3026 intendit
1547 2972 1963 3044 quaerere:

426 3074 707 3141 utrum
751 3068 1005 3140 solius
1047 3068 1193 3141 Dei
1232 3069 1336 3140 sit
1396 3089 1682 3141 creare
1736 3090 1968 3142 omne

426 3182 803 3267 creabile,
874 3183 1062 3275 quia
1130 3187 1319 3258 tunc
1400 3184 1556 3257 ista
1626 3184 1968 3277 quaestio

433 3304 900 3382 includeret,
956 3323 1057 3374 an
1106 3302 1405 3394 aliquid
1455 3304 1667 3375 aliud
1721 3324 1768 3375 a
1809 3306 1975 3377 Deo

436 3421 696 3514 possit
729 3440 1015 3493 creare
1049 3420 1431 3512 seipsum,
1476 3420 1570 3492 de
1614 3442 1764 3512 quo
1806 3420 1978 3493 nul-

431 3537 555 3609 lus
627 3556 980 3628 unquam
1039 3536 1408 3609 dubitare
1487 3536 1780 3629 potuit,
1862 3556 1978 3607 se-

431 3653 776 3726 cundum
829 3652 1370 3743 Augustinum
1428 3657 1648 3741 primo
1696 3655 1779 3720 de
1836 3655 1978 3720 Tri-

430 3775 554 3840 nit.
623 3794 770 3858 cap.
822 3774 886 3842 1.
951 3788 1151 3859 ergo
1214 3768 1552 3842 intendit
1613 3788 1979 3860 quaerere

430 3886 792 3978 aliquam
846 3886 1372 3978 quaestionem
1425 3885 1977 3966 dubitabilem,

431 3998 746 4073 scilicet
809 4026 825 4068 :
881 4001 999 4071 An
1061 3999 1363 4091 aliquid
1430 3998 1645 4070 aliud
1712 4020 1758 4070 a
1816 4000 1982 4071 Deo

436 4118 695 4208 possit
744 4137 1056 4200 creare,
1104 4115 1397 4190 saltem
1447 4116 1747 4208 aliquid
1792 4115 1984 4188 infe·

434 4237 605 4307 rius
648 4258 758 4316 se,
796 4240 876 4308 et
908 4235 1023 4307 sic
1059 4236 1473 4309 intellecta
1506 4234 1976 4326 quaestione,

432 4356 650 4424 tenet
722 4357 1039 4444 partem
1098 4352 1561 4442 negativam
1642 4355 1981 4444 propter

435 4468 838 4541 rationem
882 4468 1127 4542 istam
1192 4469 1564 4560 positam.
1621 4468 1977 4559 Accipia-

431 4586 570 4655 tur
592 4603 793 4674 ergo
832 4585 1097 4675 major
1127 4584 1561 4656 secundum
1591 4583 1981 4675 expositi-

440 4719 672 4771 onem
710 4700 951 4772 istam
1005 4728 1018 4771 :
1072 4698 1414 4773 effectus
1459 4700 1981 4772 universalis-

439 4816 694 4888 simus
792 4815 1401 4908 praedicatione,
1503 4815 1981 4907 inquantum

441 4933 925 5025 hujusmodi,
970 4940 1093 5007 est
1134 4954 1181 5005 a
1230 4953 1477 5005 causa
1538 4931 1978 5004 universali

440 5050 875 5121 secundum
953 5048 1583 5141 perfectionem;
1664 5072 1796 5116 esse
1862 5050 1985 5119 est

440 5165 951 5257 hujusmodi;
997 5166 1368 5257 sequitur
1441 5166 1601 5237 ista
1668 5163 1988 5237 conclu-

440 5282 586 5362 sio,
622 5301 823 5374 ergo
866 5306 1017 5364 esse,
1070 5283 1544 5373 inquantum
1582 5280 1987 5371 hujusmo-

438 5399 538 5479 di,
598 5398 720 5469 vel
773 5401 888 5487 (ut
951 5399 1125 5487 plus
1200 5399 1437 5470 detur
1485 5397 1602 5469 eis
1654 5397 1745 5467 ad
1810 5417 1987 5489 pro-

443 5516 826 5607 positum)
859 5533 1057 5604 ergo
1090 5538 1224 5581 esse
1251 5513 1626 5594 creabile,
1662 5512 1993 5604 inquan-

443 5640 615 5708 tum
686 5631 1172 5723 hujusmodi,
1227 5650 1386 5702 non
1469 5631 1735 5723 potest
1814 5650 1991 5701 esse

3587 468 3660 532 19

2089 625 2247 699 nisi
2310 648 2356 699 a
2415 648 2663 702 causa
2723 629 3307 705 universaliori
3374 652 3650 706 secun·

2088 744 2275 815 dum
2327 742 2934 835 perfectionem,
2982 751 3159 822 toto
3207 769 3387 823 esse
3427 770 3649 824 crea·

2089 858 2227 931 bili
2259 885 2273 940 ;
2309 882 2406 932 ex
2448 859 2598 933 hoc
2642 880 2802 934 non
2836 864 3231 956 sequitur,
3269 885 3469 958 ergo
3504 887 3647 940 nec

2086 1002 2221 1047 esse
2324 978 2786 1069 hujusmodi
2907 982 3289 1057 creabilis
3378 989 3649 1077 potest

2086 1115 2264 1167 esse
2305 1096 2462 1169 nisi
2521 1116 2566 1167 a
2618 1118 2865 1170 causa
2924 1099 3101 1171 tali.
3153 1101 3385 1174 Patet
3427 1100 3643 1172 enim
3675 1104 3964 1157 Secundum

2089 1212 2295 1301 quod
2379 1211 2451 1282 in
2546 1211 2688 1285 illa
2774 1213 3140 1288 illatione
3224 1220 3349 1289 est
3409 1214 3640 1288 falla·

3673 1170 3877 1230 probat.
3916 1171 3987 1224 Ι).

3734 1232 3896 1281 Thom
3919 1269 3932 1282 .

3697 1307 3757 1342 co
3768 1295 3966 1344 ntincre

2088 1329 2216 1400 cia
2263 1331 2877 1422 consequentis;
2942 1352 3142 1425 ergo
3207 1335 3638 1407 secundum
3700 1354 3951 1406 fallaciam

2088 1444 2332 1518 istam
2400 1447 2997 1539 expositionem
3079 1450 3366 1542 primae
3445 1450 3642 1525 rati·

2090 1562 2292 1644 oniS,
2353 1563 2478 1635 vel
2540 1564 2877 1655 quaestio
2932 1565 3154 1637 nulla
3198 1572 3364 1648 est;
3400 1567 3526 1639 vel
3571 1566 3640 1639 si

2089 1678 2194 1749 sit
2261 1679 2753 1761 dubitabilis,
2836 1686 2917 1754 et
2994 1686 3373 1756 teneatur
3440 1703 3635 1775 pars

2088 1796 2494 1883 negativa.
2583 1800 2922 1887 propter
3018 1797 3424 1872 rationem
3522 1798 3637 1871 sic

2090 1909 2615 1991 intellectam,
2681 1911 2897 1985 ratio
2958 1911 3118 1986 erit
3186 1912 3639 2006 sophistica

2090 2026 2523 2098 secundum
2564 2047 3089 2120 consequens.

2177 2143 2396 2224 Quod
2448 2143 2511 2213 si
2556 2143 2800 2224 dicas,
2837 2148 2963 2217 est
2993 2145 3515 2218 considerare
3557 2144 3638 2217 in

2091 2256 2249 2331 isto
2289 2259 2682 2349 producto
2714 2283 2846 2326 esse
2877 2259 3141 2352 huju8,
3178 2265 3258 2334 et
3289 2285 3423 2329 esse
3456 2240 3642 2333 sisn-

2094 2371 2442 2464 pliciter,
2487 2377 2567 2445 et
2611 2375 2953 2447 secundo
3014 2375 3248 2448 modo
3290 2380 3416 2450 est
3463 2375 3645 2449 effe-

2092 2495 2271 2563 ctus
2347 2490 2518 2569 Dei,
2589 2489 2716 2563 vel
2786 2511 3051 2562 causae
3124 2490 3647 2564 universalis-

2092 2606 2317 2678 simfe
2353 2607 2785 2678 secundum
2818 2603 3447 2699 perfectionem;
3486 2610 3648 2700 pri-

2095 2741 2224 2792 mo
2257 2727 2529 2793 autem
2569 2722 2826 2804 modo,
2861 2727 2987 2795 est
3017 2721 3350 2795 effectus
3383 2744 3647 2797 causae

2094 2837 2651 2930 particularis.
2709 2840 2880 2912 Hoc
2930 2859 3088 2910 non
3142 2840 3412 2923 solvit,
3460 2841 3647 2934 quia

2089 2979 2224 3022 esse
2256 2953 2747 3046 Simpliciter
2778 2954 2859 3026 in
2895 2955 3082 3037 iStO,
3118 2958 3196 3027 et
3228 2980 3364 3023 esse
3404 2954 3644 3049 hujus

2091 3091 2249 3142 non
2310 3071 2423 3143 sic
2466 3069 3026 3162 distinguitur,
3079 3072 3286 3165 quod
3328 3072 3426 3144 ab
3477 3072 3642 3145 alia

2091 3206 2340 3260 causa
2389 3207 2567 3259 esse
2611 3187 2870 3279 possit
2933 3212 3068 3256 esse
3117 3187 3381 3282 hujuS,
3455 3187 3642 3281 quin

2091 3303 2190 3375 ab
2230 3303 2506 3375 eadem
2552 3304 2656 3376 sit
2710 3329 2843 3371 esse
2882 3304 3393 3396 simpliciter,
3439 3307 3646 3396 quod

2089 3425 2218 3493 est
2275 3421 2357 3491 in
2394 3420 2577 3502 isto,
2634 3421 2824 3513 quia
2867 3421 3036 3494 sive
3072 3420 3178 3494 sit
3219 3422 3639 3495 distinctio

2093 3536 2440 3610 rationis
2469 3537 2545 3609 in
2590 3538 3036 3619 intellectu,
3086 3538 3213 3611 vel
3257 3538 3647 3632 qualiter-

2089 3675 2457 3746 cumque,
2506 3655 2710 3747 quod
2785 3655 2921 3727 dat
2980 3655 3118 3727 isti
3186 3679 3321 3723 esse
3375 3654 3641 3749 hujuS,

2086 3771 2221 3842 dat
2263 3770 2415 3843 sibi
2480 3795 2615 3839 esse
2676 3770 3190 3863 simpliciter,
3256 3770 3464 3862 quod
3521 3775 3646 3844 est

2093 3886 2170 3957 in
2262 3886 2448 3960 ist0.

2178 4003 2398 4084 Quod
2446 4001 2695 4075 etiam
2746 4000 3065 4074 additur
3095 4004 3191 4092 (e)
3230 4002 3322 4074 de
3357 4002 3652 4075 instru-

3672 1431 3993 1489 consequen-

3784 1485 3873 1532 tis.

3676 4072 3917 4125 Probatio
3940 4071 3986 4122 1.

2092 4124 2389 4199 mento,
2454 4118 2655 4199 dico,
2739 4119 2944 4210 quod
3018 4121 3287 4212 major
3375 4122 3644 4211 potest
3673 4136 3976 4187 uuonan.

3733 4201 3895 4251 Thom
3906 4237 3920 4250 .

2089 4237 2288 4306 bene
2336 4235 2461 4306 vel
2519 4235 2727 4307 male
2768 4234 3155 4325 intelligi3
3206 4256 3366 4308 non
3427 4236 3641 4308 enim
3696 4263 3975 4312 refutatur.

3703 4325 3990 4375 Concursus

2091 4351 2317 4422 debet
2364 4349 2852 4441 intelligi,qu
2870 4352 2964 4423 od
3006 4350 3638 4423 instrumentum
3666 4385 3994 4437 instrumenti

2096 4466 2385 4539 habeat
2472 4465 2877 4538 actionem
2965 4466 3415 4557 propriam,
3509 4470 3640 4540 sed

2097 4583 2302 4674 quod
2374 4602 2516 4672 per
2583 4581 2882 4672 aliquid
2969 4581 3118 4653 sibi
3216 4583 3642 4675 proprium

2098 4703 2315 4787 agat.
2383 4698 2479 4767 Et
2523 4696 2618 4767 ad
2675 4696 2823 4768 hoc
2878 4696 3196 4771 adducit
3238 4697 3649 4791 probatio·

2099 4834 2238 4885 nes
2283 4833 2496 4894 suas,
2535 4833 2708 4903 quae
2745 4817 3082 4904 possunt
3118 4814 3469 4893 concedi,
3507 4834 3652 4888 nec

2106 4936 2375 5001 tamen
2413 4949 2554 5021 per
2588 4929 2779 5002 illud
2814 4930 3237 5023 proprium
3266 4929 3463 5022 agit,
3495 4929 3652 5003 nisi

2102 5048 2181 5118 in
2213 5049 2523 5121 virtute
2569 5047 3045 5141 principalis
3079 5049 3424 5139 agentis,
3463 5047 3652 5141 quia

2108 5165 2186 5236 in
2248 5184 2752 5255 quacumque
2820 5163 3140 5238 actione
3211 5183 3450 5256 quam
3522 5166 3655 5237 ha-

2105 5280 2355 5358 beret,
2446 5300 2602 5351 non
2676 5281 2753 5350 in
2823 5279 3131 5353 virtute
3174 5280 3658 5374 principalis

2106 5396 2451 5486 agentis,
2526 5395 2603 5465 in
2648 5395 2789 5466 illa
2848 5415 3007 5466 non
3075 5400 3289 5468 esset
3356 5396 3659 5470 instru-

2109 5516 2493 5590 mentum,
2534 5513 2667 5584 sed
2712 5512 3161 5604 principale
3193 5531 3483 5604 agens3
3531 5534 3660 5587 ac-

2105 5627 2305 5719 cipit
2385 5644 2612 5717 ergo‚
2721 5626 2927 5719 quod
3020 5627 3657 5702 instrumentum

3723 4447 3886 4514 qualis
3907 4449 3926 4498 Ι
