4255 6375
1409 401 1608 478 ols'r.
1647 418 1744 479 ιν.
1781 416 2143 492 QuAEs'mo
2190 419 2262 481 ιι.

195 564 288 635 et
336 562 540 636 ideo.
576 566 679 641 ibi
751 566 1042 645 habent
1086 573 1319 655 solvi,
1368 576 1584 649 sicut
1645 575 1751 646 ibi

193 677 454 754 habet
500 682 896 759 declarari
964 695 1305 781 propter
1369 692 1551 782 quid
1619 713 1753 784 po-

195 797 468 869 nenda
507 805 628 873 est
689 802 905 874 fides.
950 806 1091 877 Vel
1156 807 1362 878 enim
1423 808 1755 899 ponitur

196 911 510 985 habere
567 916 920 1009 aliquam
995 923 1561 997 causalitatem
1635 946 1755 997 re—

197 1040 490 1123 spectu
559 1041 814 1117 actus,
888 1046 966 1112 et
1036 1046 1226 1115 tunc
1296 1049 1524 1117 actus
1597 1066 1755 1117 non

201 1156 490 1241 posset
563 1175 741 1226 esse
820 1157 1031 1237 talis,
1089 1160 1260 1231 sine
1328 1182 1420 1231 ea
1492 1162 1755 1254 qualis

196 1267 544 1359 est.ipsa
579 1269 838 1360 posita
868 1298 881 1349 ;
917 1274 1042 1344 vel
1074 1274 1408 1356 nullam,
1444 1282 1524 1349 et
1565 1281 1757 1352 tunc

200 1383 732 1457 manifestum
776 1393 924 1470 est,
965 1392 1169 1481 quod
1211 1413 1307 1462 ex
1359 1398 1546 1465 actu
1596 1413 1756 1465 non

205 1511 486 1595 potest
531 1508 911 1599 perpendi
951 1510 1141 1582 fides
1198 1512 1483 1584 inesse.

295 1621 450 1694 Sed
513 1622 668 1694 etsi
746 1623 1103 1723 aliquam
1185 1629 1755 1703 causalitatem

201 1736 525 1815 habeat,
572 1739 826 1813 adhuc
880 1740 1029 1813 hoc
1079 1748 1344 1834 potest
1402 1766 1580 1817 esse
1628 1746 1759 1817 du-

200 1853 538 1945 pliciter
602 1881 615 1922 :
673 1857 798 1927 vel
893 1859 1323 1951 praecisam
1413 1862 1751 1945 scilicet,

198 1971 414 2062 quod
472 1972 671 2044 nulli
733 1974 874 2045 alii
932 1977 1186 2067 possit
1249 1983 1750 2071 competerc;

197 2087 323 2158 vel
394 2108 547 2159 non
627 2092 1080 2181 praecisam,
1151 2100 1346 2185 puta
1425 2094 1491 2167 si
1563 2096 1754 2169 talis

197 2205 655 2277 causalitas
719 2209 980 2298 possit
1033 2216 1499 2302 competere
1577 2212 1754 2285 fidei

200 2320 656 2411 acquisitae.
719 2325 819 2396 Et
863 2323 927 2395 si
986 2327 1338 2417 primum
1405 2329 1753 2401 istorum

207 2443 680 2527 poneretur,
745 2450 1019 2532 posset
1065 2442 1274 2515 forte
1342 2445 1755 2518 certitudi-

199 2554 505 2627 naliter
572 2556 761 2628 fides
825 2560 1203 2648 cognosci
1272 2562 1555 2643 inesse,
1617 2583 1757 2654 per

201 2670 351 2743 hoc
420 2675 622 2764 quod
680 2676 975 2766 aliquis
1044 2686 1582 2765 cognosceret
1636 2685 1755 2754 ta-

203 2788 362 2859 lem
407 2789 948 2864 conditionem
1003 2815 1147 2864 suo
1204 2795 1423 2867 actui
1460 2796 1751 2882 inesse,

204 2926 381 2996 quae
462 2927 619 2977 non
693 2915 964 3001 posset
1036 2911 1298 2983 inesse
1371 2913 1542 2985 sine
1608 2915 1757 2987 fide

208 3022 501 3095 infusa.

292 3140 376 3214 Si
441 3143 876 3216 secundum
940 3148 1316 3237 ponatur,
1362 3149 1752 3241 simplici-

215 3261 337 3329 ter
436 3279 594 3331 non
693 3263 960 3351 potest
1038 3267 1423 3351 cognosci
1524 3266 1757 3341 fidem

150 3433 159 3463 ,
217 3374 566 3446 infusam
626 3375 888 3448 inesse
938 3398 1036 3448 ex
1078 3381 1288 3459 actu,
1343 3401 1599 3473 neque
1657 3406 1755 3456 ex

153 3479 166 3526 ¹
217 3490 487 3582 aliqua
528 3491 986 3564 conditione
1047 3494 1303 3585 ipsius
1362 3499 1620 3578 actus,
1674 3507 1754 3575 et

221 3609 401 3679 tunc
473 3613 689 3680 esset
774 3608 1215 3693 dicendum,
1296 3614 1502 3702 quod
1568 3613 1751 3685 licet

212 3723 408 3796 nihil
452 3724 557 3798 sit
620 3725 698 3796 in
740 3729 950 3807 actu,
1011 3748 1156 3799 nec
1202 3728 1614 3820 pertinens
1658 3732 1751 3802 ad

212 3845 504 3922 actum,
543 3843 623 3915 in
658 3862 811 3933 quo
855 3843 1410 3934 distinguatur
1450 3845 1749 3920 habens

210 3955 432 4029 tidem
492 3978 539 4030 a
602 3979 765 4031 non
824 3958 1187 4043 habente,
1260 3983 1351 4033 ac
1413 3983 1558 4055 per
1598 3964 1746 4037 hoc

209 4091 360 4144 non
408 4079 681 4167 posset
728 4096 907 4147 esso
967 4081 1247 4149 notum
1313 4080 1743 4151 secundum

213 4191 601 4264 rationem
652 4193 1140 4274 naturalem,
1175 4195 1408 4266 fidem
1453 4196 1739 4275 inesse.

215 4305 471 4376 tamen
531 4305 680 4378 hoc
747 4310 872 4380 est
949 4308 1382 4391 creditum;
1462 4313 1542 4382 et
1628 4311 1743 4383 sic

219 4427 476 4508 posset
508 4421 660 4493 dici
695 4423 1217 4512 generaliter,
1276 4425 1478 4516 quod
1523 4428 1747 4500 nulla

156 4563 161 4568 ·
217 4534 466 4606 virtus
528 4538 1184 4628 supernaturalis
1243 4543 1510 4632 potest
1570 4564 1744 4634 pro-

220 4646 380 4721 bari
413 4652 699 4734 inesse,
755 4674 1009 4745 neque
1060 4676 1158 4727 ex
1207 4662 1392 4730 actu
1442 4658 1740 4750 aliquo,

221 4784 459 4858 neque
516 4790 615 4841 ex
683 4770 958 4863 aliqua
1059 4774 1518 4848 conditione
1605 4778 1747 4849 ali-

218 4884 433 4973 qu‘us
537 4892 818 4970 actus;
893 4892 1024 4962 sed
1118 4911 1262 4962 nec
1360 4889 1575 4966 forte
1668 4895 1746 4966 in

218 5000 643 5076 universali
695 5009 963 5098 potest
1018 5009 1349 5100 probari
1422 5030 1566 5102 per
1628 5031 1748 5084 ra-

219 5114 503 5193 tionem
548 5123 1034 5206 naturalem,
1093 5125 1445 5216 aliquam
1498 5128 1750 5200 virtu-

226 5235 364 5307 tem
453 5242 1164 5331 supernaturalem
1246 5243 1533 5316 inesse.
1632 5246 1746 5318 De

224 5346 384 5424 istis
450 5357 795 5449 amplius
866 5363 938 5428 in
999 5363 1064 5432 3.
1139 5364 1251 5429 lib.
1326 5365 1399 5429 in
1465 5368 1749 5432 materia

222 5466 294 5533 de
325 5475 695 5555 virtutibus,
750 5475 1050 5547 dictum
1094 5481 1243 5549 est.

303 5587 409 5662 Ad
450 5594 880 5668 secundum
925 5597 1022 5688 (c)
1076 5596 1524 5690 principale
1563 5596 1751 5671 dici-

3283 400 3429 475 391*

1866 579 2029 656 tur,
2114 578 2325 668 quod·
2399 577 2789 670 parvulus
2886 573 3530 700 conJungiturffii
3564 588 3769 660 apag.

1866 694 2034 766 Deo
2084 715 2226 785 per
2268 695 2495 765 fidem
2541 698 2998 791 parentum.
3520 668 3605 702 ‘³¹'
3640 668 3694 700 ¹¹¹
3724 653 3773 703 ⁴⁶

3443 720 3581 777 part.
3623 729 3761 765 sum.

1957 814 2288 890 Contra,
2332 831 2535 903 pone
2575 815 2951 901 parentes
2986 808 3415 919 haereticos
3446 776 3770 910 ‘'t'c‘ss‘i'tfffft'

1870 927 1991 999 vel
2052 926 2433 1009 infideles,
2497 927 2800 999 dicitur
2889 927 3143 1000 adhuc
3210 925 3415 1017 quod
3441 899 3768 1027 zssssdi'gffgffi,

1873 1064 2015 1135 per
2068 1045 2298 1116 fidem
2375 1045 2778 1118 Ecclesiae.
2837 1048 3168 1122 Contra,
3240 1046 3417 1114 esto
3443 1024 3771 1159 Nugssa‘ffiu‘

1873 1162 2080 1251 quod
2131 1161 2208 1232 in
2267 1163 2633 1235 Ecclesia
2698 1163 3104 1235 militante
3143 1160 3414 1232 nullus
3473 1151 3760 1265 332⁸?ng

1869 1284 2085 1351 esset
2146 1278 2422 1360 tidelis,
2472 1284 2743 1352 tamen
2804 1277 3254 1351 intenderet
3308 1275 3419 1348 sa-

1872 1416 2079 1478 cere,
2130 1397 2335 1486 quod
2399 1397 2779 1470 Christus
2838 1394 3055 1476 fecit,
3130 1414 3422 1486 parvu-

1874 1513 1996 1584 lus
2074 1512 2330 1586 adhuc
2401 1534 2592 1585 vere
2666 1512 3255 1605 baptizaretur,
3342 1513 3421 1583 et

1874 1637 2279 1729 reciperet
2330 1637 2713 1725 gratiam.

1959 1753 2157 1825 Dico
2198 1774 2398 1843 ergo
2432 1753 2525 1823 ad
2568 1756 3167 1844 argumentum,
3215 1752 3423 1843 quod

1870 1872 1959 1943 de
2011 1868 2227 1943 sacto
2296 1870 2496 1942 nulli
2564 1871 2805 1942 datur
2881 1869 3180 1961 gratia,
3259 1868 3423 1941 nisi

1875 2007 2017 2079 per
2067 1986 2424 2079 aliquam
2486 2007 2813 2059 causam
2873 1985 3417 2068 meritoriam,

1872 2126 2046 2196 quae
2110 2109 2475 2178 meretur
2523 2104 3192 2196 conjunctionem·
3241 2102 3418 2193 ejus

1873 2221 2224 2313 primam
2286 2242 2468 2295 cum
2508 2224 2703 2304 De0,
2792 2223 2869 2293 et
2940 2221 3108 2293 haec
3176 2240 3425 2292 causa

1871 2337 2301 2410 meritoria
2342 2340 2464 2409 est
2501 2337 2914 2417 Christus3
2953 2336 3083 2408 sed
3122 2342 3426 2429 praeter

1871 2455 2114 2526 istam
2157 2475 2316 2526 non
2362 2458 2687 2546 oportet
2746 2455 2936 2524 dare
2994 2453 3241 2524 aliam
3312 2453 3423 2524 in-

1862 2571 2313 2643 trinsecam
2374 2572 2450 2642 in
2506 2570 2974 2663 recipiente,
3029 2590 3185 2661 qua
3234 2589 3419 2642 con-

1859 2686 2263 2778 jungatur
2314 2689 2506 2769 Deo,
2577 2692 3010 2780 antequam
3074 2685 3416 2777 recipiat

1868 2804 2251 2897 gratiam.

2305 3126 2943 3190 COMMENTARIUS.

1944 3384 2029 3467 (a)
2077 3386 2172 3447 Ad
2218 3386 2623 3461 quaestwnem
2674 3384 2838 3456 dice,
2888 3386 3007 3443 etc.
3066 3379 3410 3442 Conclusio
3576 3417 3624 3467 1.

1862 3503 2160 3566 Doctoris
2212 3506 2313 3562 est
2358 3498 2638 3572 de'fide,
2685 3499 2818 3561 dari
2863 3496 3141 3578 gratiam
3184 3495 3413 3558 infanti
3464 3479 3734 3530 0⁰¹¹⁰¹¹¹⁸50

3468 3540 3580 3591 fidei
3616 3542 3731 3593 dari

1862 3627 2186 3701 baptizato
2220 3639 2339 3700 per
2382 3622 2811 3697 Baptismum‚
2859 3618 2970 3697 qui
3003 3617 3182 3680 delet
3224 3618 3288 3679 in
3330 3634 3409 3679 eo
3482 3602 3703 3730 grssssssm

1859 3746 2205 3818 peccatum
2237 3737 2581 3817 originale,
2619 3735 2798 3813 quod
2830 3735 3062 3813 nequit
3092 3733 3251 3805 fieri,
3289 3734 3410 3794 nisi
3446 3729 3761 3844 Bffghiffiium

1856 3874 1977 3937 per
2021 3855 2439 3916 collationem
2489 3854 2729 3931 gratim.
2784 3854 2923 3913 Haec
2979 3849 3253 3928 probata
3312 3853 3413 3910 est
3470 3917 3477 3922 ,

1856 3994 2052 4053 supra
2127 3971 2211 4033 de
2270 3971 2511 4032 effectu
2592 3967 3114 4030 Circumcisionis
3187 3971 3415 4028 contra

1855 4093 2264 4172 Magistrum,
2340 4088 2624 4166 ejusque
2698 4083 3015 4156 efficacia,
3097 4085 3274 4160 quia,
3346 4093 3421 4149 ut

1859 4212 2103 4273 dictum
2158 4214 2277 4279 est,
2332 4222 2459 4264 non
2511 4203 2862 4264 remittitur
2902 4204 3251 4277 peccatum
3284 4199 3416 4258 ori-

1856 4326 2101 4407 ginale,
2156 4328 2270 4384 aut
2317 4319 2616 4389 mortale,
2670 4315 2791 4377 nisi
2832 4331 2955 4392 per
2984 4315 3284 4396 gratiam.
3322 4315 3415 4373 De

1858 4442 2189 4520 Baptismo
2250 4444 2466 4499 autem
2514 4436 2863 4496 certiorem
2916 4430 3197 4511 gradum
3253 4430 3415 4492 obti-

1859 4566 1994 4632 net,
2033 4573 2229 4635 quam
2278 4554 2362 4616 de
2394 4551 2927 4622 Circumcisione,
2976 4564 3118 4627 qua}
3169 4562 3253 4607 ex
3300 4546 3412 4608 ali-

1860 4692 2135 4757 quorum
2182 4675 2492 4750 opinione
2545 4673 2684 4730 erat
2731 4665 2996 4731 ineffiax
3038 4666 3122 4727 ad
3179 4664 3408 4727 delen·
3476 4723 3479 4728 .

1861 4794 2017 4853 dum
2091 4794 2461 4868 peccatum,
2524 4791 2596 4847 ut
2653 4785 2740 4846 ibi
2787 4784 2996 4845 visum
3048 4787 3167 4857 est,
3214 4787 3278 4843 et
3334 4798 3411 4843 ex
3492 4783 3499 4790 '

1857 4909 2170 4986 opinione
2198 4904 2504 4984 Magistri,
2527 4902 2680 4962 licet.
2702 4898 3018 4962 deleverit
3042 4901 3412 4976 peccatum,

1858 5041 1990 5086 non
2038 5022 2313 5084 contulit
2345 5021 2659 5100 gratiam;
2698 5015 2781 5077 de
2828 5014 3150 5092 Baptismo
3194 5018 3416 5073 autem

1856 5139 2029 5200 inter
2079 5136 2444 5197 Catholicos
2493 5135 2809 5194 Doctores
2862 5131 3077 5191 nullus
3126 5128 3193 5189 id
3243 5127 3413 5190 affir-

1859 5257 2057 5317 mavit
2102 5259 2419 5332 quantum
2466 5257 2566 5312 est
2597 5268 2676 5312 ex
2712 5248 3002 5310 efficacia
3036 5248 3418 5309 Sacramen-

1862 5373 1928 5445 ti,
1989 5372 2145 5432 licet
2210 5371 2410 5449 aliqui
2485 5366 2930 5429 dubitaverint
2985 5382 3068 5425 an
3130 5361 3415 5424 infantes

1861 5492 2083 5550 essent
2115 5503 2394 5564 capaces
2445 5486 2659 5546 omnis
2709 5484 2852 5563 ejus
2904 5481 3204 5552 effectuS,
3254 5480 3406 5542 rati-

1862 5622 1991 5669 one
2021 5608 2123 5668 sui
2153 5610 2386 5667 status,
