4255 6375
744 374 860 435 330

739 535 903 603 Vide
959 538 1302 624 Hugonem
1370 538 1485 605 lib.
1557 541 1623 605 2.
1696 537 1779 605 de
1833 538 2288 605 Sacramentis

736 664 923 739 part.
986 656 1050 721 6.
1095 676 1242 741 cap.
1288 660 1352 722 4.
1395 750 1400 753 -

1306 768 1711 828 SCHOLIUM.

812 955 1054 1021 Aquam
1085 945 1472 1005 artificialem
1502 962 1624 1005 non
1655 963 1788 1005 esse
1817 950 2140 1007 materiam
2174 954 2291 1007 Ba-

742 1049 977 1119 ptismi,
1037 1048 1206 1119 quia,
1256 1051 1349 1102 est
1406 1048 1728 1120 aequivoce
1785 1051 2023 1105 tantum
2100 1064 2286 1121 aqua,

612 1127 616 1130 ’
669 1130 692 1174 -’
739 1145 902 1219 quod
951 1146 1169 1217 probat
1197 1144 1561 1217 dupliciter,
1594 1150 1654 1202 et
1683 1147 2114 1218 impuritatem
2166 1163 2287 1205 non

484 1774 632 1836 Aqua

411 1836 694 1887 artificialis

420 1899 677 1962 aequivoce

480 1976 623 2026 aqua.

511 3124 622 3175 Una

439 3185 656 3257 qualitas

420 3245 680 3319 dissimilis

453 3324 507 3360 ln
546 3317 650 3364 tota

475 3377 638 3440 specie

469 3447 637 3504 arguit

405 3505 716 3556 substantiu-

509 3566 607 3615 lem

415 3628 699 3691 specificam

441 3689 672 3742 differen-

480 3754 620 3804 tiam.

423 5107 570 5158 Text.
603 5109 678 5162 14.

735 1246 1002 1313 obstare,
1038 1244 1215 1303 modo
1256 1250 1504 1302 maneat
1535 1249 1676 1318 apta
1708 1243 1784 1302 ad
1815 1243 2179 1316 lavandum,
2228 1253 2289 1305 et

738 1343 1085 1400 substantia
1117 1357 1316 1414 aquae.
1353 1348 1435 1400 De
1466 1344 1674 1416 prima
1713 1351 1889 1416 parte
1922 1345 2191 1403 habetur
2222 1349 2286 1403 in

740 1446 1008 1499 Florem.
1042 1441 1273 1499 decret.
1300 1443 1533 1512 Eugen.
1568 1444 1722 1499 etin
1757 1445 2022 1501 Trident.
2055 1459 2207 1500 sess,
2227 1448 2284 1501 7.

735 1556 872 1597 can.
903 1544 965 1597 2.
1008 1547 1065 1597 et
1099 1556 1152 1598 c.
1211 1543 1535 1607 Firmiter,
1567 1541 1642 1598 de
1671 1543 1839 1598 Sum.
1873 1544 2195 1601 Trinitate.

803 1685 1048 1773 ‘Quod
1125 1689 1397 1758 autem
1483 1684 1582 1776 (d)
1670 1683 1749 1757 in
1836 1684 2284 1778 quaestione

743 1802 1073 1894 ponitur
1114 1805 1449 1871 naturalis
1498 1801 1592 1875 ad
1632 1801 2283 1893 distinguendum

742 1939 1036 2011 aquam
1171 1919 1716 2002 artificialem,
1805 1921 2278 2013 respondeo,

742 2037 944 2129 quod
1004 2057 1230 2131 aquae
1289 2037 1474 2118 illae‚
1522 2057 1696 2128 quae
1737 2037 2286 2112 communiter

736 2154 1121 2227 dicuntur
1161 2151 1661 2234 artificiales,
1708 2156 1892 2225 sunt
1927 2173 2283 2247 corpora

736 2270 1096 2363 quaedam
1193 2270 1474 2352 mixta,
1545 2272 1625 2343 et
1677 2289 1836 2341 non
1904 2269 2286 2343 dicuntur

737 2407 992 2478 aquae,
1038 2386 1196 2460 nisi
1265 2386 1716 2481 aequivoce;
1783 2387 1988 2478 quod
2058 2389 2282 2479 patet

737 2505 1030 2597 primo,
1085 2504 1272 2596 quia
1331 2504 1448 2577 ita
1520 2509 1646 2577 est
1703 2525 1801 2576 ex
1869 2502 2282 2594 qualitati-

734 2623 878 2695 bus
900 2620 1576 2712 consequentibus
1600 2624 1861 2695 totam
1896 2620 2275 2713 speciem,

735 2738 942 2830 quod
978 2757 1133 2809 una
1175 2737 1527 2829 qualitas
1562 2737 1855 2811 similis
1897 2757 2055 2810 non
2100 2758 2284 2810 con-

735 2854 985 2928 cludit
1036 2853 1544 2929 identitatem
1588 2854 2090 2937 substantiae,
2148 2855 2280 2926 sed

741 2991 900 3044 una
936 2970 1357 3044 dissimilis
1421 2971 1497 3043 in
1542 2973 1718 3044 tota
1773 2973 2037 3064 specie
2096 2993 2286 3045 con-

737 3088 985 3163 cludit
1019 3087 1264 3161 aliam
1296 3109 1474 3161 esse
1508 3088 2073 3163 substantiam.
2117 3089 2285 3161 111ae

738 3210 1006 3279 autem
1054 3226 1226 3298 quae
1309 3205 1692 3278 dicuntur
1766 3224 1992 3298 aquae
2035 3204 2286 3280 artifi-

741 3322 1014 3408 ciales,
1094 3322 1390 3395 habent
1458 3343 1504 3395 a
1573 3327 1749 3396 tota
1812 3322 2077 3415 specie
2147 3322 2289 3395 ali-

741 3458 981 3531 quam
1025 3437 1502 3530 qualitatem
1542 3438 2018 3511 dissimilem
2061 3459 2288 3531 aquae

740 3554 1245 3628 elementari.
1343 3556 1512 3628 Hoc
1593 3558 1813 3647 patet
1909 3557 2283 3638 secundo,

741 3693 839 3746 ex
927 3672 1159 3744 modo
1259 3670 1812 3764 generationis
1905 3672 2283 3755 istarum,

736 3808 927 3861 nam
988 3788 1495 3883 impossibile
1552 3794 1678 3863 est
1744 3790 1901 3864 toti
1969 3793 2287 3864 naturae

736 3909 1038 3980 creatae
1131 3927 1228 3978 ex
1310 3927 1469 3979 uno
1556 3925 1954 3999 generare
2041 3906 2283 3990 aliud,

733 4025 892 4098 nisi
944 4023 1340 4098 servando
1411 4021 2042 4098 determinatum
2105 4045 2287 4117 pro-

731 4163 1081 4224 cessum,
1146 4162 1291 4235 per
1368 4140 1626 4213 media
1698 4141 2281 4223 determinata;

740 4260 913 4329 tota
1023 4253 1238 4327 enim
1331 4259 1632 4327 natura
1728 4257 2011 4326 creata
2120 4273 2287 4326 non

735 4377 1010 4466 posset
1103 4392 1200 4444 ex
1315 4374 1547 4445 aceto
1662 4390 2060 4462 generare
2171 4369 2288 4441 vi-

731 4508 922 4560 num
1034 4488 1314 4561 statim
1447 4487 1579 4559 sed
1668 4489 1991 4578 oportet
2088 4487 2290 4559 redi-

736 4626 823 4677 re
911 4605 1005 4677 ad
1099 4604 1529 4677 materiam
1631 4604 1982 4696 primam
2067 4623 2289 4676 com-

740 4743 1059 4795 munem
1137 4722 1281 4803 eis,
1355 4742 1530 4813 quae
1616 4725 1740 4795 est
1801 4741 2034 4813 aqua,
2111 4741 2284 4812 quae

735 4844 1100 4915 attracta
1141 4839 1221 4912 in
1270 4839 1549 4933 stipite
1589 4839 1783 4914 vitis
1826 4838 2151 4911 tandem
2203 4840 2283 4913 in

738 4977 892 5030 uva
926 4955 1446 5031 convertitur
1508 4955 1584 5027 in
1633 4955 1955 5037 vinum3
2002 4958 2081 5028 et
2125 4955 2286 5029 ista

740 5073 1143 5148 sententia
1185 5073 1521 5167 ponitur
1561 5093 1607 5145 a
1668 5070 2163 5166 Philosopho
2210 5076 2279 5146 8.

738 5194 1228 5282 MetaphysicOE,
1290 5193 1369 5264 et
1442 5191 1665 5282 patet
1746 5186 1841 5259 ad
1923 5208 2279 5268 sensum,

734 5311 940 5403 quod
999 5310 1114 5382 ita
1154 5313 1303 5384 est.
1361 5307 1507 5383 Sed
1558 5307 1737 5380 istae
1797 5324 2025 5399 aquae
2087 5306 2284 5379 arti-

730 5428 1040 5502 ficiales
1116 5448 1214 5499 ex
1276 5445 1787 5518 quocumque
1848 5423 2035 5504 sint,
2080 5424 2284 5496 fiunt

731 5565 892 5621 non
962 5547 1295 5619 servato
1328 5563 1719 5638 processu
1764 5546 2086 5616 naturae
2139 5560 2284 5631 per

2034 373 2171 436 ΗΒ.
2212 375 2309 436 Ν.
2343 374 2938 443 ΞΕΝΤΕΝΊἸΑΒΠΜ

2405 534 2661 608 media
2692 536 3237 611 determinata
3280 539 3676 615 ordinata.
3758 544 3909 617 Istae

2400 651 2649 723 etiam
2693 652 3274 729 universaliter
3322 654 3524 729 fiunt
3567 676 3709 749 per
3750 660 3914 733 acti·

2405 789 2642 843 onem
2707 771 2917 862 ignis
2965 772 3487 867 decoquentis
3556 780 3637 849 et
3706 778 3917 848 resol-

2400 885 2706 969 ventis3
2798 886 3010 978 ignis
3088 891 3361 962 autem
3420 910 3580 962 non
3639 891 3919 964 videtur

2399 1023 2578 1075 esse
2663 1002 3073 1077 sufficiens
3147 1005 3224 1078 in
3293 1006 3604 1082 virtute
3682 1010 3917 1081 activa

2401 1119 2496 1193 ad
2538 1123 3225 1214 corrumpendum
3292 1123 3419 1197 vel
3481 1128 3921 1198 converten-

2398 1241 2582 1311 dum
2635 1260 3159 1332 quaecumque
3220 1241 3479 1316 mixta
3516 1244 3594 1316 in
3655 1262 3915 1336 aquam

2398 1354 3003 1438 elementarem,
3086 1362 3428 1450 propter
3495 1357 3705 1449 quod
3779 1358 3919 1429 uni-
3986 1409 4050 1470 ἐξ,

2396 1470 2838 1544 versaliter
2929 1472 3252 1547 concedi
3359 1477 3654 1566 potest,
3747 1466 4052 1591 quodgffl

2400 1606 2627 1679 aquae
2660 1588 2845 1669 illae,
2901 1609 3077 1682 quae
3135 1589 3517 1662 dicuntur
3562 1588 3921 1662 artificia·
3972 1598 4052 1715 ὦ

2398 1704 2540 1784 les,
2585 1725 2746 1777 non
2808 1708 2993 1779 sunt
3053 1707 3539 1780 conveniens
3596 1706 3916 1781 materia
3956 1716 4019 1772 Be,

2398 1822 2819 1915 Baptismi.
2867 1824 3055 1915 quia
3088 1844 3244 1896 non
3290 1824 3370 1896 in
3413 1824 3684 1917 specie
3718 1844 3920 1916 aquae

2395 1938 2947 2013 elementaris.

2486 2056 2706 2137 Quod
2740 2055 3062 2130 additur
3112 2056 3190 2129 in
3225 2057 3678 2149 quaestione
3744 2082 3918 2147 pura,
4028 2060 4055 2115 ὲ

2395 2174 2520 2242 est
2554 2169 3189 2261 intelligendum,
3255 2174 3457 2263 quod
3497 2171 3717 2264 impu
3743 2172 3924 2245 ritas
3998 2202 4031 2247 ες

2397 2285 2478 2357 in
2540 2305 2748 2379 aqua
2860 2291 3130 2379 potest
3221 2286 3568 2379 intelligi
3647 2288 3929 2360 duobus
3994 2264 4046 2315 q·

2400 2403 2678 2476 modis.
2775 2403 2920 2476 Vel
3009 2410 3348 2498 propter
3433 2405 3920 2485 mixtionem,
4014 2436 4019 2438 ’

2399 2522 2830 2594 secundum
2956 2520 3729 2615 juxtapositionem‚
3858 2526 3928 2593 ut

2396 2656 2607 2730 aqua
2692 2638 2965 2711 lutosa
3038 2638 3340 2713 dicitur
3388 2639 3763 2732 impura;
3822 2637 3927 2710 vel

2397 2758 2736 2847 propter
2814 2755 3288 2830 mixtionem
3364 2757 3853 2830 alterantem
3896 2774 3933 2825 a

2397 2871 2687 2964 specie,
2735 2874 2945 2945 sicut
2977 2872 3275 2946 humor
3310 2874 3619 2947 mixtus
3651 2873 3930 2947 dicitur

2397 3007 2557 3060 non
2623 3009 2801 3061 esse
2887 3007 3097 3080 aqua
3185 3009 3413 3081 pura.
3507 2991 3607 3061 Et
3684 2990 3927 3082 prima

2400 3104 2713 3200 quidem
2783 3104 3220 3200 impuritas
3306 3125 3464 3178 non
3547 3104 3929 3199 prohibet.

2395 3223 2582 3297 dum
2622 3226 2895 3297 tamen
2943 3243 3103 3295 non
3145 3222 3518 3298 excludat
3559 3224 3664 3295 ab
3704 3243 3921 3315 aqua.

2401 3341 2588 3433 quin
2634 3342 2738 3414 sit
2808 3341 3294 3416 conveniens
3367 3343 3461 3414 ad
3514 3342 3930 3415 lavandum

2396 3459 2525 3532 vel
2576 3460 3094 3544 abluendum;
3139 3481 3283 3534 nec
3341 3466 3465 3536 est
3496 3460 3665 3534 alia
3711 3458 3932 3539 ratio,

2398 3575 2559 3649 nisi
2630 3575 2816 3669 quia
2879 3577 2993 3650 sic
3038 3577 3505 3651 institutum
3539 3583 3695 3651 est.
3730 3576 3931 3648 Unde

2401 3713 2609 3786 aqua
2645 3691 2986 3768 inhibita
3027 3692 3315 3766 farinae
3375 3693 3453 3765 in
3518 3697 3783 3786 pasta,
3820 3691 3931 3764 vel

2401 3809 2479 3880 in
2510 3809 3079 3902 spongia‚dum
3112 3808 3218 3882 ibi
3258 3808 3553 3890 est‚vel
3578 3807 3931 3881 imbibita

2403 3926 2479 3998 in
2525 3923 2790 4019 spisso
2858 3925 3057 4005 luto,
3120 3932 3200 3999 et
3268 3924 3382 3998 sic
3444 3926 3535 3998 de
3593 3925 3807 4007 aliis,
3870 3922 3927 3994 si

2398 4040 2877 4133 contingant
2910 4021 3264 4120 carnem,
3327 4060 3488 4113 non
3523 4044 3720 4114 sunt
3764 4058 3931 4112 eon-

2398 4160 2728 4230 veniens
2828 4159 3175 4233 materia
3247 4158 3650 4250 Baptismi
3741 4156 3929 4229 tales

2401 4296 2653 4368 aquae,
2746 4275 2933 4368 quia
3003 4275 3195 4350 talis
3275 4277 3709 4348 contactus
3789 4292 3928 4345 non

2399 4395 2522 4465 est
2608 4391 2840 4475 loti0‚
2923 4390 3055 4464 sed
3122 4393 3440 4467 tantum
3518 4395 3928 4464 contactus

2400 4528 2629 4601 aquae
2699 4507 2956 4580 fluidae
3029 4507 3302 4580 liberae
3375 4504 3927 4600 conjungentis

2401 4644 2485 4696 se
2554 4623 2745 4705 cuti,
2824 4624 2953 4696 vel
3015 4622 3475 4716 separantis
3547 4623 3764 4697 inter
3816 4640 3926 4692 cu-

2399 4744 2563 4815 tem
2595 4745 2677 4816 et
2726 4740 2939 4813 aliud
2980 4760 3307 4834 corpus.

2491 4858 2579 4929 In
2624 4858 2968 4930 secundo
3005 4856 3265 4939 modo,
3311 4855 3488 4928 dico
3549 4855 3756 4947 quod
3798 4850 3923 4926 ali-

2398 4995 2553 5067 qua
2595 4973 3029 5067 impuritas
3061 4976 3540 5066 potestesse
3565 4974 3917 5045 manente

2396 5112 2607 5184 aqua
2658 5091 2878 5164 intra
2919 5091 3297 5184 speciem,
3345 5090 3555 5164 sicut
3616 5087 3823 5162 forte
3859 5085 3914 5157 si

2394 5208 2732 5302 incipiat
2768 5206 3201 5302 inspissari
3254 5206 3640 5281 tendendo
3686 5206 3779 5278 ad
3809 5221 3914 5295 ge·

2395 5326 2903 5397 nerationem
2991 5325 3370 5397 elementi
3461 5319 3908 5414 grossioris,

2398 5434 2556 5510 ista
2608 5453 2757 5505 non
2827 5431 3225 5526 prohibet,
3264 5432 3446 5504 dum
3504 5432 3775 5504 tamen
3821 5425 3907 5543 sit

2397 5542 2659 5615 fluida.
2708 5541 2924 5624 Quod
3003 5560 3150 5633 pro
3201 5541 3435 5614 tanto
3482 5537 3683 5618 dico,
3754 5549 3909 5628 qula
