4255 6375
1481 348 1681 419 nis‘r.
1733 350 1777 410 1.
1812 344 2173 424 QOAEsrio
2220 347 2291 405 v,

321 510 669 578 crementi
718 522 868 578 ante
916 511 1073 578 illud
1133 511 1385 579 instans
1452 508 1890 578 extrinsecum

321 629 696 715 completae
730 630 1110 715 prolationis
1153 630 1450 696 habetur.
1480 632 1892 714 Consequen-

321 744 426 809 tia
495 756 594 811 est
663 746 1028 825 manifesta,
1094 746 1246 833 quia
1315 757 1466 811 ante
1526 743 1684 810 illud
1762 763 1892 809 non

322 863 715 949 completur
744 884 980 930 sensus
1014 865 1241 931 formae
1277 860 1789 929 sacramentalis.

425 978 734 1065 Exempli
788 980 1021 1067 gratia,
1080 980 1144 1045 in
1198 980 1404 1045 forma
1465 975 1890 1043 Eucharistioe

317 1115 471 1161 non
516 1097 781 1182 ponitur
819 1117 1058 1183 corpus
1105 1097 1344 1164 Christi
1378 1097 1500 1164 sub
1545 1093 1889 1180 speciebus

311 1212 551 1296 paniS,
598 1212 857 1301 quando
888 1214 1235 1300 profertur,
1294 1213 1422 1278 Hoc
1452 1223 1543 1278 est
1589 1211 1882 1298 praecise,

310 1328 496 1396 alias
565 1332 619 1397 si
696 1332 1180 1399 obmutesceret
1233 1330 1547 1398 Sacerdos
1606 1331 1684 1396 ad
1734 1328 1887 1397 reli-

310 1468 461 1533 qua
515 1447 670 1527 duo,
726 1448 829 1515 vel
875 1468 1002 1514 non
1051 1449 1295 1515 diceret
1334 1469 1406 1515 ea
1457 1447 1881 1527 sensibiliter,

311 1562 555 1631 adhuc
616 1566 1020 1632 consecratio
1089 1577 1259 1632 esset
1302 1565 1488 1643 facta,
1526 1563 1698 1654 quod
1766 1563 1885 1629 fal-

313 1703 484 1749 sum
519 1693 640 1752 est.
688 1686 874 1763 Item,
920 1684 984 1748 in
1021 1683 1226 1749 forma
1279 1681 1614 1769 Baptismi,
1652 1682 1705 1747 si
1740 1702 1884 1766 pro-

315 1799 536 1865 ferret
567 1799 866 1866 minister
906 1799 1012 1865 illa
1058 1801 1281 1879 verba,
1340 1802 1623 1885 Baptizo
1665 1811 1745 1879 te,
1797 1799 1888 1865 si-

316 1934 406 1979 ne
452 1914 870 1982 invocatione
929 1915 1264 1983 Trinitatis
1319 1916 1642 1982 conferret
1679 1915 1887 2002 grati-

314 2049 431 2094 am
479 2030 978 2117 baptismalem;
1052 2032 1223 2119 quod
1293 2032 1511 2097 nullus
1551 2031 1730 2110 dicit,
1803 2051 1884 2097 ex

320 2145 592 2212 ratione
615 2146 750 2233 jam
795 2147 1155 2234 praemissa.

99 2283 171 2332 18.
221 2346 230 2353 ‚
423 2265 526 2327 Ex
560 2283 686 2350 qua
724 2261 904 2329 nullo
945 2263 1207 2349 negotio
1255 2272 1658 2329 evacuantur
1705 2262 1883 2329 solu—

78 2360 291 2412 ⁵p⁰⁰⁵¹⁰’
325 2376 553 2443 tiones
621 2376 1172 2444 adversariorum.
1234 2378 1650 2464 Respondent
1707 2377 1881 2444 enim

325 2492 628 2579 quidam,
697 2493 867 2580 quod
916 2493 1121 2580 gratia
1181 2514 1295 2559 seu
1349 2493 1620 2561 effectus
1661 2496 1884 2560 Sacra-

327 2609 568 2687 menti,
614 2609 1008 2695 producatur
1040 2631 1154 2696 pro
1192 2612 1409 2698 aliquo
1441 2624 1733 2697 tempore
1788 2612 1883 2676 in·

325 2723 770 2791 determinato
801 2738 951 2792 ante
981 2726 1233 2793 instans
1275 2728 1882 2816 extrinsecum,quo

103 2870 223 2938 Alia·
324 2841 578 2909 desinit
609 2845 1123 2910 Sacramentum.
1170 2844 1293 2910 Alii
1338 2845 1736 2931 respondent
1765 2867 1882 2932 pro

78 2947 281 2997 ⁵¹³⁰¹¹⁵¹⁰·
329 2968 632 3042 tempore
672 2958 1123 3037 determinato,
1150 2981 1279 3046 quo
1312 2959 1538 3026 ultima
1569 2960 1883 3046 particula

331 3074 721 3160 prolationis
761 3076 1113 3143 verborum
1145 3077 1336 3143 durat
1385 3078 1680 3163 produci.
1754 3082 1881 3144 Has

329 3191 799 3278 responsiones
850 3193 1016 3259 bene
1074 3194 1416 3281 impugnat
1482 3197 1670 3261 Pater
1716 3198 1881 3261 Vas—

329 3326 497 3393 quez
539 3318 693 3375 tom.
739 3310 802 3374 2.
857 3310 934 3374 in
973 3312 1037 3374 3.
1090 3320 1305 3395 parte,
1344 3310 1666 3396 disputat.
1725 3315 1876 3379 132.

328 3444 480 3510 cap.
519 3428 585 3489 4.
642 3445 919 3511 quorum
963 3425 1376 3512 impugnatio
1433 3427 1604 3513 apud
1663 3428 1878 3514 ipsum

79 3585 287 3634 {nuti-adi·
331 3539 545 3606 videri
579 3552 813 3626 potest.
851 3544 1074 3629 Neque
1095 3553 1572 3630 consequenter
1603 3543 1881 3630 loquun-

116 3647 215 3697 cuo.
333 3667 444 3719 tur
476 3655 591 3740 qui
629 3653 852 3721 dicunt
882 3655 1155 3741 gratiam
1182 3655 1412 3734 creari,
1437 3656 1588 3744 quia
1623 3657 1716 3723 sic
1748 3668 1880 3724 tota

331 3770 530 3837 simul
569 3770 953 3857 producitur
1006 3794 1021 3850 ;
1094 3772 1197 3837 vel
1241 3793 1397 3860 ergo
1456 3784 1746 3859 tempore
1777 3773 1883 3840 de-

332 3888 684 3954 terminato
722 3887 825 3955 vel
895 3889 1395 3956 indeterminato
1452 3903 1601 3956 ante
1634 3892 1883 3959 instans

341 4004 728 4092 prolationis
771 4005 1151 4091 producitur
1208 4005 1417 4090 gratia
1480 4007 1875 4088 successive,

331 4122 505 4189 sicut
553 4124 637 4188 sit
696 4123 834 4210 ipsa
893 4124 1168 4210 prolatio
1236 4125 1465 4191 formae
1505 4126 1881 4193 successive

332 4251 393 4303 et
441 4239 954 4307 concomitanter
983 4261 1054 4306 se
1084 4241 1324 4307 babent
1357 4241 1630 4327 prolatio
1655 4240 1882 4308 formae

332 4354 544 4440 quoad
641 4355 931 4423 ultimam
996 4357 1403 4444 particulam,
1439 4371 1503 4424 et
1545 4358 1882 4445 productio

331 4474 589 4556 gratiae.
647 4481 650 4482 ’

423 4587 552 4654 Sed
597 4588 816 4655 hocin
859 4589 1090 4674 primis
1129 4602 1225 4656 est
1258 4591 1517 4668 falsum,
1564 4591 1715 4678 quia
1750 4614 1883 4658 om·

336 4704 436 4770 nis
503 4703 770 4770 effectus
812 4705 1126 4792 supponit
1181 4727 1365 4773 suam
1401 4727 1662 4774 causam
1698 4708 1764 4773 in
1788 4730 1881 4774 es-

334 4841 401 4884 se
428 4819 661 4886 saltem
720 4820 903 4906 prius
954 4834 1228 4899 natura;
1289 4822 1495 4889 forma
1563 4837 1778 4891 autem
1814 4837 1883 4892 ut

339 4935 584 5023 prolata
638 4936 892 5022 integre
959 4949 1022 5003 et
1064 4937 1485 5020 sensibiliter,
1542 4953 1641 5006 est
1687 4961 1883 5008 causa

335 5053 568 5140 gratiae
601 5078 616 5133 3
653 5075 811 5141 ergo
843 5055 1179 5140 productio
1253 5056 1487 5143 gratiae
1540 5060 1764 5146 nequit
1812 5081 1883 5126 se

337 5170 576 5236 babere
624 5171 1137 5238 concomitanter
1176 5172 1254 5238 ad
1298 5173 1727 5261 prolationem
1753 5176 1879 5242 for-

335 5307 460 5351 mae
499 5286 855 5352 secundum
911 5286 1194 5373 aliquam
1230 5289 1611 5374 particulam
1674 5291 1883 5375 prola-

331 5401 560 5468 tionis.
644 5406 822 5470 Patet
899 5406 1388 5491 consequentia,
1453 5407 1604 5493 quia
1677 5407 1883 5475 donec

78 989 282 1051 apium.

78 3223 268 3287 vasquez

78 3293 285 3351 opugnat.

113 4609 258 4659 its-asin

78 4674 290 4725 refellitur.

332 5517 701 5604 proseratur
756 5519 1011 5606 integre
1059 5519 1290 5601 forma,
1349 5522 1576 5610 nequit
1625 5524 1881 5611 concipi

3454 342 3564 404 153

2007 507 2070 572 in
2113 528 2264 588 esse,
2323 508 2518 575 eliam
2570 518 2641 575 ut
2686 509 2868 596 prius
2919 520 3148 575 natura
3206 507 3447 594 gratia3
3494 505 3549 571 si

2007 646 2163 690 vero
2210 626 2416 711 gratia
2451 627 2845 713 producatur
2883 624 3080 693 simul
3135 646 3282 692 cum
3337 623 3551 710 prola-

2004 739 2182 805 tione
2230 743 2601 808 successiva
2643 744 2892 809 ultimae
2925 741 3260 830 particulae
3293 741 3545 819 formae,

2005 880 2164 945 ergo
2203 872 2355 927 sunt
2406 860 2602 927 simul
2658 860 2719 925 in
2778 862 2936 944 sieri
2975 860 3184 948 gratia
3242 870 3306 925 et
3346 858 3554 925 forma
3656 874 3829 923 Donec

2004 975 2169 1063 ipsa,
2207 978 2356 1063 quia
2388 977 2593 1044 donec
2632 976 3038 1065 compleatur
3088 976 3363 1063 prolatio
3427 974 3555 1040 for·
3584 935 3903 1058 ffiffiffantgg

2003 1113 2153 1171 mae,
2209 1113 2546 1180 nunquam
2599 1094 2963 1180 concipitur
3015 1093 3221 1159 forma
3272 1091 3336 1157 in
3387 1090 3556 1156 facto
3698 1068 3793 1113 ⁰⁸²·

2001 1230 2157 1288 esse,
2185 1229 2344 1296 ergo
2378 1230 2589 1296 neque
2622 1222 2693 1276 ut
2724 1230 2917 1276 causa
2952 1210 3136 1296 prius
3170 1218 3401 1273 natura
3431 1227 3552 1274 suo

2001 1325 2263 1392 effectu.

2089 1441 2478 1529 Imaginatio
2519 1455 2732 1510 autem
2767 1446 2933 1523 haec,
2981 1464 3129 1531 quae
3170 1454 3270 1510 est
3299 1442 3378 1509 de
3412 1464 3547 1508 mo·
3575 1511 3677 1559 lma
3719 1442 3875 1557 flgitio

2000 1567 2095 1636 tu,
2132 1567 2191 1623 et
2236 1579 2355 1624 suo
2404 1559 2685 1624 termino
2755 1560 2978 1646 nequit
3035 1559 3203 1626 trabi
3254 1557 3332 1625 ad
3390 1581 3544 1626 cau·
3620 1573 3773 1621 t‘atax
3802 1576 3854 1619 et

1999 1692 2137 1738 sam
2206 1685 2267 1739 et
2333 1674 2657 1758 effectum,
2715 1674 2865 1761 quia
2926 1675 3095 1741 sicut
3155 1686 3369 1741 motus
3445 1685 3546 1743 est
3599 1646 3880 1748 cohss‘ssgns.

1998 1800 2182 1856 actus
2242 1791 2664 1876 productivus
2697 1791 2982 1867 termini,
3043 1790 3138 1857 sic
3186 1791 3546 1860 etiamter-

2001 1905 2220 1973 minus
2258 1907 2455 1974 simul
2497 1908 2825 1974 mediante
2875 1920 3053 1975 motu
3113 1908 3185 1974 fit
3231 1908 3549 1974 successi-

1997 2042 2104 2102 ve,
2157 2021 2499 2110 sicutipse
2546 2037 2786 2106 motuS,
2844 2036 2915 2092 ut
2981 2035 3156 2112 patet
3203 2024 3268 2090 in
3319 2024 3550 2091 calefa-
3637 2006 3640 2010 i

1996 2139 2211 2205 ctione
2250 2151 2315 2206 et
2345 2140 2580 2220 calore,
2646 2142 2799 2227 quia
2868 2142 3082 2207 motus
3122 2140 3349 2227 nequit
3406 2159 3553 2206 esse

1997 2269 2108 2322 aut
2144 2258 2395 2344 concipi
2438 2258 2581 2324 sine
2640 2279 2759 2324 suo
2792 2260 3100 2339 terminO,
3153 2280 3189 2325 a
3229 2280 3359 2345 quo
3407 2279 3552 2347 spe-

1996 2372 2334 2454 cificatum
2379 2396 2575 2442 causa
2624 2389 2842 2442 autem
2886 2377 3280 2463 supponitur
3331 2376 3408 2442 ad
3459 2374 3550 2441 ef·
3594 2356 3601 2361 ⁵

2000 2491 2242 2558 sectum
2278 2490 2343 2557 in
2384 2493 2707 2579 completo
2739 2515 2893 2573 esse,
2933 2514 3052 2559 nec
3100 2494 3178 2560 ab
3221 2513 3298 2558 eo
3342 2493 3553 2579 speci-

2003 2608 2255 2686 iicatur,
2314 2629 2526 2696 neque
2592 2609 2917 2697 dependet
2986 2611 3051 2675 in
3094 2610 3224 2675 ullo
3277 2614 3543 2695 genere,

1998 2725 2111 2791 sed
2145 2746 2180 2791 e
2214 2736 2462 2791 contra.

2086 2842 2382 2909 Secundo
2434 2854 2580 2929 peto
2637 2843 2792 2930 quid
2861 2845 3069 2911 salvet
3125 2843 3340 2910 dicere
3398 2864 3544 2931 gra·
3620 2879 3899 2930 Solutionis

1998 2960 2153 3025 tiam
2185 2958 2548 3046 produciin
2609 2969 2900 3047 tempore
2940 2960 3372 3027 determinato
3433 2970 3545 3026 aut
3630 2942 3845 3045 vanitas.

1997 3072 2499 3139 indeterminato
2562 3072 2808 3139 ultimae
2860 3074 3240 3159 prolationis
3303 3075 3538 3162 magiS,
3834 3060 3839 3067 ’

1996 3214 2190 3281 quam
2232 3193 2286 3259 si
2326 3192 2579 3259 dicatur
2611 3193 2876 3277 produci
2910 3203 3045 3258 toto
3075 3203 3203 3259 tem
3218 3215 3368 3280 pore
3399 3215 3543 3280 pro-

1996 3311 2281 3392 lationIS,
2312 3321 2504 3398 atque
2536 3332 2651 3399 per
2682 3310 3010 3378 alterum?
3046 3311 3314 3398 perinde
3345 3312 3537 3378 etiam
3636 3323 3639 3328 '

1996 3427 2295 3513 sequitur
2342 3427 2642 3493 effectum
2685 3427 3083 3493 Sacramenti
3143 3427 3419 3513 supponi
3462 3426 3538 3492 ad

1995 3545 2296 3624 formam,
2340 3546 2493 3632 quia
2523 3545 2730 3611 donec
2789 3544 3192 3631 compleatur
3232 3544 3544 3632 quaelibet

1995 3681 2144 3748 pars
2193 3660 2640 3727 substantialis
2691 3662 2943 3740 formae,
2992 3680 3117 3727 non
3178 3673 3275 3727 est
3337 3661 3546 3727 forma

1994 3777 2060 3842 in
2094 3797 2291 3842 sensu
2352 3776 2830 3856 sacramentali,
2876 3777 2985 3863 qui
3056 3788 3127 3844 ut
3183 3777 3547 3862 completus

1995 3892 2423 3980 praeexigitur
2452 3891 2528 3957 ad
2571 3891 2895 3971 effectum,
2942 3893 3117 3980 quia,
3156 3904 3226 3959 ut
3278 3892 3541 3971 dicitur,

1996 4007 2428 4096 significando
2459 4020 2683 4074 causat
2715 4022 2778 4075 et
2816 4010 3105 4074 continet
3163 4031 3354 4076 suum
3388 4011 3547 4077 effe-

1995 4137 2194 4193 ctum.
2244 4122 2428 4191 Unde
2486 4124 2656 4190 sicut
2724 4123 3023 4211 ponendo
3088 4146 3349 4211 corpuS,
3417 4126 3542 4192 nisi

1997 4252 2276 4327 ponatur
2327 4241 2539 4306 anima
2575 4240 2781 4320 unita,
2829 4260 2956 4305 non
3008 4243 3272 4326 ponitur
3313 4241 3532 4321 hom0,

1996 4358 2091 4424 sic
2147 4355 2446 4443 ponendo
2495 4377 2943 4443 quascumque
2993 4357 3220 4424 formae
3260 4359 3539 4443 particu-

1992 4475 2090 4541 las
2159 4474 2363 4539 donec
2429 4483 2707 4560 ponatur
2773 4473 3000 4539 ultima
3059 4473 3534 4555 substantialiS,

1995 4611 2123 4657 non
2186 4589 2446 4677 ponitur
2485 4589 2714 4668 forma,
2777 4589 3009 4655 ut'est
3056 4602 3251 4657 causa
3317 4594 3541 4657 Sacra-

1998 4708 2224 4786 menti,
2299 4705 2456 4772 alias
2513 4706 2688 4772 enim
2749 4705 3003 4772 sublata
3052 4707 3156 4772 illa
3227 4706 3540 4793 particula

1996 4834 2288 4892 maneret
2329 4823 2528 4889 forma
2588 4835 2651 4888 et
2708 4822 2977 4889 effectus
3016 4824 3182 4911 ejus,
3223 4823 3396 4911 quod
3444 4836 3543 4891 est

1996 4941 2257 5008 salsum.

2084 5055 2358 5144 Sequela
2412 5066 2626 5121 tamen
2677 5055 3013 5142 probatur,
3095 5056 3247 5143 quia
3286 5055 3341 5121 si
3388 5077 3543 5142 gra-

1994 5173 2082 5239 tia
2152 5171 2555 5258 producitur,
2637 5171 2849 5257 quoad
2918 5171 3200 5258 aliquem
3264 5170 3543 5258 gradum

1995 5289 2122 5369 sui,
2175 5299 2285 5354 aut
2340 5298 2665 5353 se‘totum
2734 5299 3083 5374 antequam
3143 5288 3545 5374 compleatur

1996 5406 2250 5492 integra
2301 5403 2596 5491 prolati0,
2643 5415 2707 5469 et
2738 5403 2824 5468 sit
2872 5402 2979 5469 ille
3011 5403 3256 5490 gradus
3306 5404 3542 5490 produ-

1995 5532 2139 5587 ctus
2174 5521 2236 5586 in
2271 5520 2480 5607 prima
2529 5532 2712 5606 parte
2758 5519 3071 5606 temporis
3125 5519 3536 5589 determinati
