4255 6375
801 387 922 452 402
2046 391 2195 455 mn.
2241 391 2343 457 lv,
2389 393 2994 460 summutavit

811 548 970 626 fide,
1032 568 1115 615 ex
1155 551 1445 617 Trident.
1489 571 1640 619 sess.
1671 556 1736 629 7,
1789 552 1875 616 de
1920 558 2370 619 sacramentis
2479 558 2676 620 etiam
2722 558 2980 622 sublato
3024 558 3220 623 datur
3262 564 3477 643 gratia
3519 564 3740 630 debita
3779 568 3964 635 Sacra·

809 671 883 733 in
920 688 1175 747 genere,
1208 690 1351 735 can.
1396 674 1461 736 6.
1504 676 1567 738 7.
1602 678 1661 736 ct
1689 675 1755 738 8.
1786 673 1992 736 Minor
2021 674 2361 753 probatur,
2478 680 2728 751 mento,
2779 684 2852 740 ut
2899 679 3238 760 contingit,
3275 682 3465 761 juxta
3499 690 3821 764 receptam
3853 706 3965 752 sen·

814 789 965 869 quia
1008 806 1141 853 non
1188 795 1291 853 est
1330 790 1770 871 repugnantia
1800 790 2153 853 voluntatis
2198 805 2362 853 con·
2475 792 2749 854 tentiam
2804 797 2870 857 in
2899 793 3049 857 ficto
3108 796 3454 875 baptizate,
3490 808 3558 865 et
3604 820 3757 866 mox
3792 809 3962 882 poeni·

815 907 1053 978 trariae,
1110 922 1247 968 non
1315 908 1419 968 est
1459 911 1808 984 peccatum
1856 906 2139 980 actuale,
2183 904 2362 985 quod
2476 915 2680 973 tente.
2737 911 2995 990 Contra,
3057 913 3378 994 quidquid
3436 917 3519 979 sit
3575 918 3663 982 de
3692 922 3966 999 Baptismo

561 1033 711 1085 Nulla
813 1023 1017 1103 exigit
1059 1025 1537 1104 poenitentiam,
1597 1023 1811 1087 solum
1859 1028 1961 1085 est
2006 1027 2359 1101 peccatum
2473 1028 2558 1089 ob
2616 1029 3073 1091 remissionem
3152 1034 3431 1109 peccati,
3503 1036 3740 1097 saltem
3793 1040 3964 1116 praxis

491 1108 787 1211 ronggnan-
812 1140 1155 1220 originale,
1219 1139 1397 1218 quod
1453 1157 1586 1202 non
1648 1145 1749 1202 est
1816 1139 1992 1202 obex
2053 1147 2365 1217 respectu
2474 1134 2586 1195 illa
2611 1137 3136 1200 communicandi
3160 1141 3492 1223 parvuloS,
3527 1144 3962 1207 etconfirman-

2478 1250 2568 1325 di,
2618 1252 2739 1313 nisi
2795 1253 3171 1331 reciperent
3215 1257 3529 1319 effectum
3590 1260 3968 1333 sacramenti,

461 1218 778 1336 oetizgantis
812 1257 1141 1335 Baptismi,
1186 1261 1336 1337 quia
1381 1256 1465 1318 ad
1524 1258 1669 1337 eJus
1720 1256 2120 1320 deletionem
2163 1258 2364 1320 habet

2475 1373 2655 1431 esset
2716 1368 2985 1444 inutilis,
3048 1372 3198 1450 quia
3267 1389 3489 1452 neque
3566 1374 3658 1436 ad
3721 1393 3973 1439 reveren·

2473 1485 2628 1545 tiam
2700 1485 3126 1562 sacramenti,
3200 1505 3420 1568 neque
3469 1489 3555 1551 ad
3621 1489 3883 1555 fructum
3925 1500 3973 1555 et

499 1348 741 1413 gratiam.
810 1372 1171 1436 efficaciam
1232 1390 1248 1445 ;
1307 1391 1442 1436 non
1498 1375 1718 1441 obstat
1783 1372 2077 1435 defectus
2164 1373 2351 1436 liberi

2474 1599 2843 1679 profectum
2927 1603 3304 1682 recipientis
3386 1608 3685 1684 valeret3
3781 1609 3971 1672 idcirco

807 1490 1076 1562 arbitrii,
1108 1496 1181 1552 ut
1210 1496 1389 1568 patet
1420 1507 1502 1554 ex
1534 1489 1745 1562 dictis,
1779 1491 1932 1569 quia
1964 1495 2120 1552 sunt
2153 1507 2356 1568 capa·

808 1621 920 1668 ces
950 1605 1218 1687 gloriae3
1269 1623 1428 1687 ergo
1475 1610 1543 1668 et
1572 1605 1969 1683 adoptioniS,
2031 1620 2178 1682 quae
2235 1619 2357 1666 ne-

2475 1718 2682 1798 magis
2726 1721 3097 1784 consultum
3129 1727 3307 1785 esset
3361 1723 3635 1786 omissio
3669 1725 3972 1788 Confirma-

2474 1835 2690 1911 tionis,
2739 1854 2955 1918 usque
3000 1840 3084 1902 ad
3116 1856 3325 1903 annos
3369 1840 3810 1914 discretionis,
3864 1845 3972 1922 qui·

811 1722 953 1802 quit
1011 1725 1396 1803 contingere
1455 1740 1575 1802 per
1632 1722 1844 1811 solam
1898 1723 2359 1785 remissionem

805 1843 1064 1917 peccati
1095 1840 1458 1920 originaIiS,
1502 1842 1675 1902 sicut
1716 1856 1939 1920 neque
1986 1855 2104 1918 per
2150 1839 2357 1900 solam

806 1957 1261 2021 remissionem
1320 1958 1574 2036 peccati
1635 1959 2020 2020 inseruntur
2074 1957 2357 2029 ChristO,

805 2072 929 2135 sed
960 2089 1082 2152 per
1109 2074 1383 2154 gratiam
1418 2073 1792 2152 adoptionis
1835 2072 2138 2147 filiorum,
2189 2089 2348 2152 ergo

804 2190 1133 2268 recipiunt
1160 2192 1372 2268 ipsam
1425 2192 1737 2269 gratiam:
1790 2188 2034 2251 deinde
2077 2191 2359 2267 possunt

804 2308 1039 2374 salvari
1068 2326 1189 2389 per
1218 2311 1625 2389 martyrium,
1671 2313 1738 2370 et
1769 2309 2098 2385 Baptismo
2142 2305 2348 2368 flami-

806 2428 929 2500 niS,
964 2442 1124 2507 ergo
1169 2428 1327 2487 sunt
1356 2439 1636 2503 capaces
1679 2424 1929 2504 gratlae.

451 2563 777 2618 confirmatio
847 2514 1265 2607 ¹Conllrmari
1316 2548 1534 2623 potest
1580 2558 1662 2604 ex
1712 2538 2189 2603 consuetudine
2221 2541 2357 2618 pri-

469 2642 761 2743 ⁶{u⁰,‘1³i¹1¹,2¹{⁶'
801 2659 1034 2725 mitivae
1077 2658 1414 2735 Ecclesiae,
1457 2674 1605 2738 quae
1655 2660 2015 2721 etiamnum
2044 2659 2110 2719 in
2140 2658 2356 2721 Eccle-

797 2778 893 2839 sia
939 2778 1157 2842 Graeca
1206 2778 1644 2848 continuatur,
1704 2773 1992 2840 infantes
2051 2792 2347 2838 commu·

798 2892 1088 2971 nicandi,
1151 2894 1447 2972 quamvis
1477 2895 1544 2955 in
1591 2892 1877 2954 Ecclesia
1928 2892 2153 2954 Latina
2212 2908 2352 2954 ces·

798 3012 963 3072 savit
1019 3012 1103 3072 ob
1134 3008 1578 3071 reverentiam
1622 3008 2054 3071 sacramenti.
2101 3008 2348 3070 Eucha-

799 3127 977 3189 ristia
1030 3131 1257 3189 autem
1301 3114 1389 3189 'ex
1432 3124 1732 3205 primaria
1794 3124 2226 3200 institutione,
2287 3128 2353 3186 et

798 3256 919 3318 per
948 3257 1042 3314 se,
1069 3257 1204 3304 non
1236 3241 1578 3304 ordinatur
1605 3239 1693 3302 ad
1715 3239 2187 3302 conferendam
2221 3244 2349 3319 pri·

800 3374 975 3419 mam
1031 3359 1332 3438 gratiam,
1404 3358 1525 3420 sed
1581 3363 2014 3439 augmentum
2075 3357 2222 3436 ejus
2282 3361 2349 3420 et

447 3477 752 3594 qgffiatffio
801 3475 1255 3548 nutritionem;
1327 3491 1486 3556 ergo
1544 3476 1679 3538 haec
1727 3473 2138 3537 consuetudo
2185 3491 2341 3552 sup·

728 3588 739 3599 '
799 3591 1093 3669 ponebat
1122 3609 1201 3655 ex
1245 3591 1575 3653 communi
1606 3607 1807 3652 sensu
1851 3587 2173 3660 Ecclesiae,
2229 3606 2345 3651 eos

794 3709 1126 3787 recepisse
1156 3710 1435 3789 gratiam
1466 3709 1735 3784 primam
1767 3722 1888 3784 per
1915 3708 2342 3785 Baptismum,

791 3823 1155 3886 secundam
1188 3840 1307 3902 per
1335 3822 1829 3896 Eucharistiam,
1865 3823 2016 3901 quia
2048 3821 2341 3901 alioquin

788 3955 1012 4019 neque
1058 3941 1431 4002 communio
1493 3945 1669 4002 esset
1726 3939 1928 4011 licita,
1983 3955 2204 4018 neque
2236 3938 2338 4000 ul·

787 4057 890 4119 lus
937 4054 1080 4136 ejus
1110 4054 1257 4118 finis
1288 4056 1609 4136 assignari
1639 4062 1887 4132 posset,
1920 4053 2131 4116 sinon
2164 4057 2342 4116 esset

787 4172 1151 4250 fructuosa,
1186 4180 1258 4236 ut
1312 4191 1430 4235 suo
1495 4173 1639 4235 loco
1698 4172 2048 4244 videbitur,
2111 4179 2335 4236 contra

790 4289 1117 4371 quosdam
1178 4296 1551 4352 asserentes
1601 4288 1805 4353 fuisse
1862 4287 2335 4353 infructuosam

433 4461 762 4519 Confirmatio
790 4409 1011 4488 quoad
1059 4408 1372 4472 effectum
1409 4408 1653 4488 gratiae.
1701 4405 2078 4471 Confirmari
2139 4409 2337 4470 etiam
2531 4407 2722 4483 Quod
2778 4410 2832 4472 si
2891 4410 3071 4474 dicas
3125 4409 3503 4487 infantibuS,
3575 4417 3641 4479 in
3703 4434 3781 4479 eo
3835 4429 3962 4478 casn

460 4525 736 4581 infantum.
787 4529 1067 4602 possunt
1111 4522 1420 4596 infanteS,
1476 4528 1541 4585 et
1572 4523 1811 4595 solent,
1863 4529 2221 4602 antequam
2253 4523 2338 4587 ad
2451 4522 2589 4586 dari
2619 4526 2896 4604 gratiam
2924 4525 2992 4588 in
3024 4528 3299 4590 transitu
3329 4526 3566 4608 (prout
3608 4530 3773 4594 infra
3822 4529 3964 4593 dice·

782 4654 992 4702 annos
1050 4637 1466 4701 discretionis
1521 4640 1983 4716 pervenerint3
2050 4654 2209 4717 ergo
2268 4645 2335 4703 et
2446 4641 2569 4710 tur,
2603 4642 2845 4705 remitti
2876 4643 3146 4707 venialia
3185 4644 3366 4723 quod
3400 4647 3672 4725 culpam
3701 4649 3955 4730 injuste,

776 4757 1106 4834 recipiunt
1176 4755 1485 4817 effectum
1561 4755 1986 4828 sacramenti,
2083 4757 2335 4819 scilicet
2443 4756 2549 4818 vel
2634 4755 2770 4818 dari
2843 4759 2966 4836 ipsi
3033 4767 3466 4841 augmentum
3521 4766 3784 4844 gratiae,
3839 4780 3956 4827 cor·

2470 1953 2594 2017 bus
2667 1961 2845 2018 esset
2914 1956 3114 2034 plene
3182 1955 3553 2034 fructuosa,
3632 1960 3784 2039 quia
3841 1962 3975 2022 nulla
4106 1990 4115 2163 †

2471 2072 2870 2135 necessitate
2913 2074 3248 2153 praecepti,
3281 2083 3392 2139 aut
3431 2077 3645 2139 medii
3693 2076 3975 2140 confertur

2467 2186 2846 2251 infantibus,

2546 2305 2620 2366 Et
2687 2309 2841 2381 peto
2905 2306 3179 2369 ulterius
3244 2306 3328 2370 de
3390 2306 3652 2373 infante
3696 2311 3972 2389 baptizato
4064 2326 4115 2391 a,

2469 2419 2628 2499 quid
2671 2419 2881 2496 fieret,
2917 2424 2972 2486 si
3013 2429 3407 2499 moreretur,
3438 2429 3557 2486 aut
3598 2426 3717 2487 ubi
3759 2429 3971 2504 recipe·
4006 2392 4103 2501 ως,

2470 2540 2705 2600 retur?
2746 2556 2877 2603 non
2921 2541 2987 2602 in
3034 2541 3287 2615 coelum,
3349 2544 3503 2621 quia
3550 2558 3694 2606 non
3749 2544 3977 2605 haberet
4022 2531 4063 2585 -‘¹-

2465 2657 2744 2733 gratiam
2774 2655 3159 2735 adoptionis,
3192 2659 3379 2738 cujus
3426 2675 3565 2723 non
3600 2666 3745 2721 erat
3789 2675 3976 2737 capax.
4114 2676 4115 2691 ¹

2468 2777 2533 2832 et
2609 2773 2751 2834 sine
2822 2790 2949 2852 qua
3038 2791 3260 2853 neque
3329 2778 3584 2853 primus
3643 2793 3894 2856 parens,
3939 2776 3978 2838 si

2464 2895 2984 2964 perseverasset,
3030 2891 3416 2964 salveretur,
3474 2910 3711 2974 neque
3764 2893 3977 2975 Angeli,

2464 3004 2605 3065 sine
2651 3003 2889 3067 eadem
2930 3013 3116 3068 erant
3173 3025 3452 3086 capaces
3499 3011 3757 3090 gloriae,
3800 3027 3978 3090 neque
4112 2954 4116 3174 t

2459 3121 2635 3181 ullus
2684 3121 2827 3184 sine
2872 3124 3018 3187 hac·
3056 3124 3222 3187 stola
3281 3124 3664 3205 ingreditur
3700 3126 3803 3209 jad
3844 3142 3980 3203 nup-

2460 3239 2621 3311 tias,
2688 3254 2810 3302 non
2883 3242 2946 3303 in
3013 3236 3368 3312 Internum,
3437 3245 3595 3323 quia
3660 3261 3795 3306 non
3860 3248 3979 3303 sunt

2464 3367 2742 3430 capaces
2787 3352 3244 3428 damnationis,
3295 3359 3465 3421 sicut
3523 3374 3758 3438 neque
3808 3359 3974 3422 ullum

2459 3467 2706 3531 hahent
2761 3478 3127 3548 peccatum.
3215 3472 3493 3551 Oportet
3551 3491 3712 3554 ergo
3766 3474 3979 3554 fingere

2458 3585 2616 3661 ipsis
2659 3584 2871 3648 locum
2918 3587 3230 3660 medium,
3283 3589 3455 3651 inter
3514 3590 3973 3656 damnationem

2456 3705 2523 3763 et
2551 3700 2855 3776 salutem,
2906 3705 3085 3784 quod
3130 3708 3494 3784 reprobant
3525 3710 3759 3772 Patres
3787 3713 3973 3771 contra

2452 3820 2840 3901 Pelagianos
2873 3844 2889 3898 ;
2925 3829 3162 3904 estque
3205 3824 3361 3890 fidei
3420 3827 3666 3909 dogma
3719 3833 3977 3894 cuicum-

2450 3955 2581 4017 que
2647 3938 3010 4017 applicatur
3054 3958 3173 4017 per
3221 3942 3517 4006 medium
3578 3945 3813 4009 efficax
3852 3963 3972 4025 pas·

2452 4059 2548 4119 sio
2606 4058 2860 4132 Christi,
2926 4062 3094 4123 sicut
3144 4059 3504 4126 infantibus
3550 4064 3623 4127 in
3685 4068 3971 4144 Baptismo

2450 4175 2837 4252 applicatur,
2888 4192 3039 4239 esse
3100 4195 3253 4242 eum
3316 4180 3383 4242 in
3441 4185 3626 4244 statu
3668 4182 3903 4255 salutis,
3930 4179 3971 4240 si

2450 4289 2696 4353 nullum
2743 4291 2988 4354 habeat
3017 4299 3397 4371 peccatum.

776 4875 1079 4952 gratiam,
1125 4871 1417 4950 alioquin
1445 4887 1579 4932 non
1626 4870 1972 4948 expediret
2003 4889 2118 4936 eos
2182 4891 2332 4935 con-

774 4987 1059 5062 firmare,
1122 4986 1335 5049 donec
1401 4990 1626 5048 essent
1684 5003 1961 5064 capaces
2025 4987 2326 5064 effectus,

774 5103 957 5186 quod
1030 5103 1305 5182 perinde
1382 5100 1506 5165 dici
1578 5106 1807 5182 posset
1881 5102 1965 5166 de
2035 5104 2179 5181 ipso
2212 5108 2328 5166 Ba-

782 5222 1046 5301 ptismo.

2439 4872 2857 4950 respondens
2888 4875 3143 4938 actibus
3199 4879 3491 4942 remissis
3542 4880 3881 4944 meritoriis
3902 4878 3954 4939 in

2441 4983 2610 5066 via),
2642 4986 2792 5048 hinc
2850 4989 3176 5068 colligitur
3244 4993 3424 5069 ipsos
3482 5011 3637 5057 esse
3723 5005 3956 5074 capae&

2440 5101 2684 5182 gratiae,
2745 5121 2822 5166 ac
2880 5108 3159 5185 proinde
3233 5125 3382 5171 eam
3437 5113 3682 5176 melius
3717 5109 3951 5196 Jcausari

2438 5235 2560 5296 per
2613 5220 2830 5298 ipsum
2898 5221 3425 5301 Sacramentum,
3503 5228 3773 5309 quando
3820 5226 3949 5290 reci·

530 5347 617 5399 26.

409 5407 718 5475 Responsio.
851 5334 1044 5411 Quod
1105 5333 1158 5395 si
1232 5333 1475 5395 dixeris
1525 5331 1837 5396 effectum
1894 5338 2118 5414 gratias
2165 5336 2324 5413 ipsis
2441 5337 2637 5412 pum,

734 5446 1070 5516 conferri,
1118 5464 1268 5509 cum
1302 5450 1579 5525 primum
1624 5446 1711 5507 ad
1764 5463 1974 5508 annos
2028 5446 2319 5510 discreti·
2515 5450 2949 5517 confirmatur
3038 5459 3362 5532 secundO,
3450 5463 3606 5541 quia
3704 5460 3937 5526 infantes
4006 5452 4018 5499 ¹

756 5566 895 5632 onis
926 5564 1373 5643 pervenerint,
1413 5566 1536 5627 nisi
1569 5569 1823 5642 ponant
1857 5564 2145 5638 obicem,
2182 5580 2314 5643 quo
2434 5575 2587 5631 sunt
2635 5587 2916 5647 capaces
2953 5573 3387 5652 characteris;
3422 5594 3589 5660 ergo
3621 5586 3688 5643 et
3728 5581 3927 5660 gratiae.

4034 5385 4079 5434 Ξ.
