<?xml version="1.0" encoding="UTF-8"?>
<!DOCTYPE html PUBLIC "-//W3C//DTD XHTML 1.0 Transitional//EN"
    "http://www.w3.org/TR/xhtml1/DTD/xhtml1-transitional.dtd">
<html xmlns="http://www.w3.org/1999/xhtml" xml:lang="en" lang="en">
 <head>
  <title>
</title>
<meta http-equiv="Content-Type" content="text/html;charset=utf-8" />
  <meta name='ocr-system' content='tesseract 3.04.00' />
  <meta name='ocr-capabilities' content='ocr_page ocr_carea ocr_par ocr_line ocrx_word'/>
</head>
<body>
  <div class='ocr_page' id='page_1' title='image "./joannisdunsscot02waddgoog_0345.png"; bbox 0 0 4255 6375; ppageno 0'>
   <div class='ocr_carea' id='block_1_1' title="bbox 1370 381 2248 458">
    <p class='ocr_par' dir='ltr' id='par_1_1' title="bbox 1370 381 2248 458">
     <span class='ocr_line' id='line_1_1' title="bbox 1370 381 2248 458; baseline 0.002 -13"><span class='ocrx_word' id='word_1_1' title='bbox 1370 383 1567 446; x_wconf 84' lang='lat' dir='ltr'>DIST.</span> <span class='ocrx_word' id='word_1_2' title='bbox 1601 384 1702 446; x_wconf 83' lang='lat'>111.</span> <span class='ocrx_word' id='word_1_3' title='bbox 1738 381 2111 458; x_wconf 80' lang='lat' dir='ltr'>QUAESTlo</span> <span class='ocrx_word' id='word_1_4' title='bbox 2147 383 2248 447; x_wconf 90' lang='lat' dir='ltr'>lV.</span> 
     </span>
    </p>
   </div>
   <div class='ocr_carea' id='block_1_2' title="bbox 134 525 1818 3773">
    <p class='ocr_par' dir='ltr' id='par_1_2' title="bbox 134 525 1818 3773">
     <span class='ocr_line' id='line_1_2' title="bbox 287 525 1811 615; baseline -0.004 -1"><span class='ocrx_word' id='word_1_5' title='bbox 287 559 343 615; x_wconf 83' lang='lat' dir='ltr'>et</span> <span class='ocrx_word' id='word_1_6' title='bbox 374 549 716 614; x_wconf 77' lang='lat' dir='ltr'>charitatis</span> <span class='ocrx_word' id='word_1_7' title='bbox 773 548 1188 614; x_wconf 63' lang='lat' dir='ltr'>convica-ione</span> <span class='ocrx_word' id='word_1_8' title='bbox 1258 525 1614 613; x_wconf 66' lang='lat' dir='ltr'>adstrictos</span> <span class='ocrx_word' id='word_1_9' title='bbox 1677 565 1811 609; x_wconf 88' lang='lat' dir='ltr'>esse</span> 
     </span>
     <span class='ocr_line' id='line_1_3' title="bbox 284 663 1810 752; baseline -0.003 -21"><span class='ocrx_word' id='word_1_10' title='bbox 284 667 498 745; x_wconf 78' lang='lat' dir='ltr'>voluit,</span> <span class='ocrx_word' id='word_1_11' title='bbox 545 678 666 733; x_wconf 91' lang='lat' dir='ltr'>etc.</span> <span class='ocrx_word' id='word_1_12' title='bbox 702 665 875 752; x_wconf 91' lang='lat' dir='ltr'>quod</span> <span class='ocrx_word' id='word_1_13' title='bbox 915 678 979 732; x_wconf 90' lang='lat' dir='ltr'>et</span> <span class='ocrx_word' id='word_1_14' title='bbox 1028 668 1250 731; x_wconf 78' lang='lat' dir='ltr'>Patres</span> <span class='ocrx_word' id='word_1_15' title='bbox 1301 665 1559 742; x_wconf 81' lang='lat' dir='ltr'>docent,</span> <span class='ocrx_word' id='word_1_16' title='bbox 1604 663 1810 747; x_wconf 85' lang='lat' dir='ltr'>Chry-</span> 
     </span>
     <span class='ocr_line' id='line_1_4' title="bbox 135 781 1807 868; baseline -0.001 -21"><span class='ocrx_word' id='word_1_17' title='bbox 135 792 234 856; x_wconf 58' lang='lat' dir='ltr'>nost.</span> <span class='ocrx_word' id='word_1_18' title='bbox 287 793 600 848; x_wconf 86' lang='lat' dir='ltr'>sostomus</span> <span class='ocrx_word' id='word_1_19' title='bbox 658 782 890 847; x_wconf 79' lang='lat' dir='ltr'>homil.</span> <span class='ocrx_word' id='word_1_20' title='bbox 953 784 1062 847; x_wconf 89' lang='grc'>61.</span> <span class='ocrx_word' id='word_1_21' title='bbox 1121 781 1212 847; x_wconf 81' lang='lat' dir='ltr'>ad</span> <span class='ocrx_word' id='word_1_22' title='bbox 1272 802 1430 868; x_wconf 84' lang='lat' dir='ltr'>pop.</span> <span class='ocrx_word' id='word_1_23' title='bbox 1501 781 1807 845; x_wconf 76' lang='lat' dir='ltr'>Antioch.</span> 
     </span>
     <span class='ocr_line' id='line_1_5' title="bbox 134 856 1816 999; baseline -0.001 -36"><span class='ocrx_word' id='word_1_24' title='bbox 134 856 240 961; x_wconf 55' lang='grc' dir='ltr'>ιῗιῗιῗτ</span> <span class='ocrx_word' id='word_1_25' title='bbox 283 898 680 999; x_wconf 77' lang='lat' dir='ltr'>Augustinus</span> <span class='ocrx_word' id='word_1_26' title='bbox 729 910 922 965; x_wconf 80' lang='lat' dir='ltr'>tract.</span> <span class='ocrx_word' id='word_1_27' title='bbox 987 901 1095 964; x_wconf 70' lang='lat'>27.</span> <span class='ocrx_word' id='word_1_28' title='bbox 1163 900 1231 964; x_wconf 85' lang='lat' dir='ltr'>in</span> <span class='ocrx_word' id='word_1_29' title='bbox 1272 898 1618 964; x_wconf 77' lang='lat' dir='ltr'>Ioannem.</span> <span class='ocrx_word' id='word_1_30' title='bbox 1665 900 1816 962; x_wconf 79' lang='lat' dir='ltr'>Haec</span> 
     </span>
     <span class='ocr_line' id='line_1_6' title="bbox 134 976 1814 1098; baseline -0.005 -13"><span class='ocrx_word' id='word_1_31' title='bbox 134 976 256 1085; x_wconf 49' lang='lat' dir='ltr'>ibffi-</span> <span class='ocrx_word' id='word_1_32' title='bbox 281 1025 484 1082; x_wconf 82' lang='lat' dir='ltr'>autem</span> <span class='ocrx_word' id='word_1_33' title='bbox 535 1014 689 1081; x_wconf 92' lang='lat' dir='ltr'>unio</span> <span class='ocrx_word' id='word_1_34' title='bbox 730 1013 801 1081; x_wconf 78' lang='lat' dir='ltr'>fit</span> <span class='ocrx_word' id='word_1_35' title='bbox 840 1014 906 1079; x_wconf 93' lang='lat' dir='ltr'>in</span> <span class='ocrx_word' id='word_1_36' title='bbox 989 1014 1181 1079; x_wconf 91' lang='lat' dir='ltr'>nobis</span> <span class='ocrx_word' id='word_1_37' title='bbox 1232 1013 1557 1079; x_wconf 82' lang='lat' dir='ltr'>mediante</span> <span class='ocrx_word' id='word_1_38' title='bbox 1602 1011 1814 1098; x_wconf 91' lang='lat' dir='ltr'>Bapti-</span> 
     </span>
     <span class='ocr_line' id='line_1_7' title="bbox 135 1112 1808 1215; baseline -0.001 -19"><span class='ocrx_word' id='word_1_39' title='bbox 135 1112 245 1147; x_wconf 78' lang='lat' dir='ltr'><strong>num.</strong></span> <span class='ocrx_word' id='word_1_40' title='bbox 279 1152 433 1210; x_wconf 90' lang='lat' dir='ltr'>sm0,</span> <span class='ocrx_word' id='word_1_41' title='bbox 478 1142 550 1198; x_wconf 90' lang='lat' dir='ltr'>ut</span> <span class='ocrx_word' id='word_1_42' title='bbox 587 1130 775 1197; x_wconf 90' lang='lat' dir='ltr'>docet</span> <span class='ocrx_word' id='word_1_43' title='bbox 804 1129 1260 1196; x_wconf 89' lang='lat' dir='ltr'>Tridentinum</span> <span class='ocrx_word' id='word_1_44' title='bbox 1304 1150 1527 1215; x_wconf 88' lang='lat' dir='ltr'>supra,</span> <span class='ocrx_word' id='word_1_45' title='bbox 1564 1140 1627 1195; x_wconf 91' lang='lat' dir='ltr'>et</span> <span class='ocrx_word' id='word_1_46' title='bbox 1654 1148 1808 1194; x_wconf 88' lang='lat' dir='ltr'>sess.</span> 
     </span>
     <span class='ocr_line' id='line_1_8' title="bbox 275 1243 1814 1334; baseline -0.004 -21"><span class='ocrx_word' id='word_1_47' title='bbox 275 1251 374 1314; x_wconf 74' lang='lat'>24.</span> <span class='ocrx_word' id='word_1_48' title='bbox 439 1268 586 1334; x_wconf 85' lang='lat' dir='ltr'>cap.</span> <span class='ocrx_word' id='word_1_49' title='bbox 659 1249 724 1313; x_wconf 73' lang='lat'>2.</span> <span class='ocrx_word' id='word_1_50' title='bbox 787 1245 1126 1333; x_wconf 80' lang='lat' dir='ltr'>explicans</span> <span class='ocrx_word' id='word_1_51' title='bbox 1200 1243 1631 1312; x_wconf 80' lang='lat' dir='ltr'>differentiam</span> <span class='ocrx_word' id='word_1_52' title='bbox 1694 1247 1814 1309; x_wconf 90' lang='lat' dir='ltr'>Ba-</span> 
     </span>
     <span class='ocr_line' id='line_1_9' title="bbox 274 1360 1811 1450; baseline -0.003 -21"><span class='ocrx_word' id='word_1_53' title='bbox 274 1362 483 1450; x_wconf 86' lang='lat' dir='ltr'>ptismi</span> <span class='ocrx_word' id='word_1_54' title='bbox 546 1362 1000 1441; x_wconf 83' lang='lat' dir='ltr'>Poenitentiae;</span> <span class='ocrx_word' id='word_1_55' title='bbox 1064 1360 1235 1427; x_wconf 91' lang='lat' dir='ltr'>sicut</span> <span class='ocrx_word' id='word_1_56' title='bbox 1284 1382 1442 1448; x_wconf 91' lang='lat' dir='ltr'>ergo</span> <span class='ocrx_word' id='word_1_57' title='bbox 1504 1360 1811 1428; x_wconf 90' lang='lat' dir='ltr'>unionem</span> 
     </span>
     <span class='ocr_line' id='line_1_10' title="bbox 271 1475 1817 1567; baseline -0.002 -24"><span class='ocrx_word' id='word_1_58' title='bbox 271 1476 581 1567; x_wconf 53' lang='lat' dir='ltr'>corporis}</span> <span class='ocrx_word' id='word_1_59' title='bbox 607 1477 870 1564; x_wconf 78' lang='lat' dir='ltr'>mystici</span> <span class='ocrx_word' id='word_1_60' title='bbox 904 1498 1020 1563; x_wconf 91' lang='lat' dir='ltr'>per</span> <span class='ocrx_word' id='word_1_61' title='bbox 1080 1475 1299 1554; x_wconf 83' lang='lat' dir='ltr'>fidem,</span> <span class='ocrx_word' id='word_1_62' title='bbox 1337 1496 1521 1562; x_wconf 89' lang='lat' dir='ltr'>spem</span> <span class='ocrx_word' id='word_1_63' title='bbox 1553 1488 1618 1541; x_wconf 91' lang='lat' dir='ltr'>et</span> <span class='ocrx_word' id='word_1_64' title='bbox 1665 1476 1817 1542; x_wconf 87' lang='lat' dir='ltr'>eha-</span> 
     </span>
     <span class='ocr_line' id='line_1_11' title="bbox 271 1590 1815 1678; baseline -0.001 -21"><span class='ocrx_word' id='word_1_65' title='bbox 271 1592 517 1659; x_wconf 86' lang='lat' dir='ltr'>ritatem</span> <span class='ocrx_word' id='word_1_66' title='bbox 567 1591 899 1678; x_wconf 79' lang='lat' dir='ltr'>significat</span> <span class='ocrx_word' id='word_1_67' title='bbox 958 1590 1394 1672; x_wconf 83' lang='lat' dir='ltr'>Eucharistia,</span> <span class='ocrx_word' id='word_1_68' title='bbox 1454 1612 1604 1678; x_wconf 79' lang='lat' dir='ltr'>quae</span> <span class='ocrx_word' id='word_1_69' title='bbox 1662 1591 1815 1656; x_wconf 90' lang='lat' dir='ltr'>unio</span> 
     </span>
     <span class='ocr_line' id='line_1_12' title="bbox 273 1706 1818 1795; baseline 0 -23"><span class='ocrx_word' id='word_1_70' title='bbox 273 1706 335 1772; x_wconf 87' lang='lat' dir='ltr'>fit</span> <span class='ocrx_word' id='word_1_71' title='bbox 374 1708 702 1775; x_wconf 88' lang='lat' dir='ltr'>mediante</span> <span class='ocrx_word' id='word_1_72' title='bbox 741 1707 1098 1795; x_wconf 82' lang='lat' dir='ltr'>BaptismO,</span> <span class='ocrx_word' id='word_1_73' title='bbox 1146 1718 1210 1773; x_wconf 91' lang='lat' dir='ltr'>et</span> <span class='ocrx_word' id='word_1_74' title='bbox 1252 1707 1650 1795; x_wconf 79' lang='lat' dir='ltr'>supponitur</span> <span class='ocrx_word' id='word_1_75' title='bbox 1700 1728 1818 1794; x_wconf 91' lang='lat' dir='ltr'>per</span> 
     </span>
     <span class='ocr_line' id='line_1_13' title="bbox 272 1820 1817 1912; baseline -0.003 -21"><span class='ocrx_word' id='word_1_76' title='bbox 272 1846 336 1891; x_wconf 89' lang='lat' dir='ltr'>se</span> <span class='ocrx_word' id='word_1_77' title='bbox 387 1824 466 1890; x_wconf 88' lang='lat' dir='ltr'>ad</span> <span class='ocrx_word' id='word_1_78' title='bbox 527 1823 1035 1904; x_wconf 87' lang='lat' dir='ltr'>Eucharistiam,</span> <span class='ocrx_word' id='word_1_79' title='bbox 1099 1836 1412 1912; x_wconf 89' lang='lat' dir='ltr'>tanquam</span> <span class='ocrx_word' id='word_1_80' title='bbox 1471 1820 1817 1911; x_wconf 85' lang='lat' dir='ltr'>dispositio</span> 
     </span>
     <span class='ocr_line' id='line_1_14' title="bbox 273 1937 1818 2029; baseline -0.001 -24"><span class='ocrx_word' id='word_1_81' title='bbox 273 1940 532 2027; x_wconf 84' lang='lat' dir='ltr'>praevia,</span> <span class='ocrx_word' id='word_1_82' title='bbox 581 1953 755 2007; x_wconf 88' lang='lat' dir='ltr'>recte</span> <span class='ocrx_word' id='word_1_83' title='bbox 804 1940 1103 2029; x_wconf 90' lang='lat' dir='ltr'>sequitur</span> <span class='ocrx_word' id='word_1_84' title='bbox 1152 1939 1554 2026; x_wconf 88' lang='lat' dir='ltr'>Baptismum</span> <span class='ocrx_word' id='word_1_85' title='bbox 1609 1937 1818 2005; x_wconf 85' lang='lat' dir='ltr'>fuisse</span> 
     </span>
     <span class='ocr_line' id='line_1_15' title="bbox 271 2056 1816 2143; baseline -0.001 -21"><span class='ocrx_word' id='word_1_86' title='bbox 271 2058 635 2125; x_wconf 84' lang='lat' dir='ltr'>institutum</span> <span class='ocrx_word' id='word_1_87' title='bbox 675 2072 827 2125; x_wconf 91' lang='lat' dir='ltr'>ante</span> <span class='ocrx_word' id='word_1_88' title='bbox 884 2057 1389 2135; x_wconf 84' lang='lat' dir='ltr'>Eucharistiam,</span> <span class='ocrx_word' id='word_1_89' title='bbox 1460 2056 1658 2143; x_wconf 92' lang='lat' dir='ltr'>idque</span> <span class='ocrx_word' id='word_1_90' title='bbox 1697 2076 1816 2121; x_wconf 92' lang='lat' dir='ltr'>ne-</span> 
     </span>
     <span class='ocr_line' id='line_1_16' title="bbox 271 2170 1814 2260; baseline -0.004 -20"><span class='ocrx_word' id='word_1_91' title='bbox 271 2175 618 2241; x_wconf 80' lang='lat' dir='ltr'>cessarium</span> <span class='ocrx_word' id='word_1_92' title='bbox 650 2174 853 2241; x_wconf 82' lang='lat' dir='ltr'>fuisse</span> <span class='ocrx_word' id='word_1_93' title='bbox 890 2193 973 2238; x_wconf 85' lang='lat' dir='ltr'>ex</span> <span class='ocrx_word' id='word_1_94' title='bbox 1005 2171 1275 2260; x_wconf 83' lang='lat' dir='ltr'>praefixo</span> <span class='ocrx_word' id='word_1_95' title='bbox 1316 2170 1544 2237; x_wconf 85' lang='lat' dir='ltr'>ordine</span> <span class='ocrx_word' id='word_1_96' title='bbox 1594 2170 1814 2257; x_wconf 90' lang='lat' dir='ltr'>signo·</span> 
     </span>
     <span class='ocr_line' id='line_1_17' title="bbox 270 2284 1814 2377; baseline 0 -26"><span class='ocrx_word' id='word_1_97' title='bbox 270 2307 430 2369; x_wconf 90' lang='lat' dir='ltr'>rum,</span> <span class='ocrx_word' id='word_1_98' title='bbox 475 2304 542 2356; x_wconf 87' lang='lat' dir='ltr'>et</span> <span class='ocrx_word' id='word_1_99' title='bbox 616 2288 1160 2377; x_wconf 86' lang='lat' dir='ltr'>significatorum,</span> <span class='ocrx_word' id='word_1_100' title='bbox 1207 2287 1516 2375; x_wconf 90' lang='lat' dir='ltr'>quoniam</span> <span class='ocrx_word' id='word_1_101' title='bbox 1562 2284 1814 2351; x_wconf 88' lang='lat' dir='ltr'>Eucha-</span> 
     </span>
     <span class='ocr_line' id='line_1_18' title="bbox 270 2405 1818 2488; baseline -0.003 -19"><span class='ocrx_word' id='word_1_102' title='bbox 270 2405 445 2471; x_wconf 87' lang='lat' dir='ltr'>ristia</span> <span class='ocrx_word' id='word_1_103' title='bbox 495 2407 710 2473; x_wconf 90' lang='lat' dir='ltr'>solum</span> <span class='ocrx_word' id='word_1_104' title='bbox 751 2406 956 2472; x_wconf 88' lang='lat' dir='ltr'>nutrit</span> <span class='ocrx_word' id='word_1_105' title='bbox 998 2405 1201 2472; x_wconf 86' lang='lat' dir='ltr'>vitam</span> <span class='ocrx_word' id='word_1_106' title='bbox 1260 2423 1644 2470; x_wconf 81' lang='lat' dir='ltr'>concessam</span> <span class='ocrx_word' id='word_1_107' title='bbox 1699 2421 1818 2488; x_wconf 89' lang='lat' dir='ltr'>per</span> 
     </span>
     <span class='ocr_line' id='line_1_19' title="bbox 271 2521 1815 2610; baseline -0.003 -23"><span class='ocrx_word' id='word_1_108' title='bbox 271 2521 696 2608; x_wconf 87' lang='lat' dir='ltr'>Baptismum,</span> <span class='ocrx_word' id='word_1_109' title='bbox 743 2521 917 2610; x_wconf 91' lang='lat' dir='ltr'>quod</span> <span class='ocrx_word' id='word_1_110' title='bbox 958 2534 1058 2588; x_wconf 83' lang='lat' dir='ltr'>est</span> <span class='ocrx_word' id='word_1_111' title='bbox 1087 2521 1421 2587; x_wconf 80' lang='lat' dir='ltr'>lavacrum</span> <span class='ocrx_word' id='word_1_112' title='bbox 1466 2539 1815 2605; x_wconf 86' lang='lat' dir='ltr'>regenera-</span> 
     </span>
     <span class='ocr_line' id='line_1_20' title="bbox 273 2637 1365 2705; baseline -0.003 -1"><span class='ocrx_word' id='word_1_113' title='bbox 273 2638 464 2704; x_wconf 85' lang='lat' dir='ltr'>tionis</span> <span class='ocrx_word' id='word_1_114' title='bbox 496 2639 565 2705; x_wconf 90' lang='lat' dir='ltr'>in</span> <span class='ocrx_word' id='word_1_115' title='bbox 613 2638 871 2705; x_wconf 87' lang='lat' dir='ltr'>Christo</span> <span class='ocrx_word' id='word_1_116' title='bbox 921 2638 1085 2705; x_wconf 91' lang='lat' dir='ltr'>dans</span> <span class='ocrx_word' id='word_1_117' title='bbox 1135 2637 1365 2703; x_wconf 89' lang='lat' dir='ltr'>vitam.</span> 
     </span>
     <span class='ocr_line' id='line_1_21' title="bbox 150 2750 1817 2869; baseline -0.004 -48"><span class='ocrx_word' id='word_1_118' title='bbox 150 2794 204 2869; x_wconf 70' lang='lat' dir='ltr'>·t</span> <span class='ocrx_word' id='word_1_119' title='bbox 361 2754 597 2823; x_wconf 86' lang='lat' dir='ltr'>Facilis</span> <span class='ocrx_word' id='word_1_120' title='bbox 671 2768 770 2823; x_wconf 91' lang='lat' dir='ltr'>est</span> <span class='ocrx_word' id='word_1_121' title='bbox 842 2754 1179 2841; x_wconf 82' lang='lat' dir='ltr'>responsio</span> <span class='ocrx_word' id='word_1_122' title='bbox 1246 2754 1324 2821; x_wconf 92' lang='lat' dir='ltr'>ad</span> <span class='ocrx_word' id='word_1_123' title='bbox 1399 2750 1817 2818; x_wconf 82' lang='lat' dir='ltr'>fundamenta</span> 
     </span>
     <span class='ocr_line' id='line_1_22' title="bbox 150 2837 1816 2965; baseline 0.001 -33"><span class='ocrx_word' id='word_1_124' title='bbox 150 2837 258 2965; x_wconf 27' lang='lat' dir='ltr'>iiam·</span> <span class='ocrx_word' id='word_1_125' title='bbox 281 2874 597 2958; x_wconf 85' lang='lat' dir='ltr'>oppositae</span> <span class='ocrx_word' id='word_1_126' title='bbox 647 2871 1014 2951; x_wconf 72' lang='lat' dir='ltr'>sententiae,</span> <span class='ocrx_word' id='word_1_127' title='bbox 1078 2871 1228 2958; x_wconf 88' lang='lat' dir='ltr'>quia</span> <span class='ocrx_word' id='word_1_128' title='bbox 1282 2869 1388 2936; x_wconf 86' lang='lat' dir='ltr'>illa</span> <span class='ocrx_word' id='word_1_129' title='bbox 1443 2869 1603 2949; x_wconf 90' lang='lat' dir='ltr'>loca,</span> <span class='ocrx_word' id='word_1_130' title='bbox 1669 2888 1816 2955; x_wconf 79' lang='lat' dir='ltr'>quae</span> 
     </span>
     <span class='ocr_line' id='line_1_23' title="bbox 151 2962 1813 3073; baseline -0.003 -19"><span class='ocrx_word' id='word_1_131' title='bbox 151 2962 242 2999; x_wconf 71' lang='lat'>&#39;⁰¹¹¹&#39;</span> <span class='ocrx_word' id='word_1_132' title='bbox 278 2989 497 3057; x_wconf 91' lang='lat' dir='ltr'>dicunt</span> <span class='ocrx_word' id='word_1_133' title='bbox 563 2988 896 3055; x_wconf 88' lang='lat' dir='ltr'>Christum</span> <span class='ocrx_word' id='word_1_134' title='bbox 949 2989 1418 3073; x_wconf 84' lang='lat' dir='ltr'>baptizaturum</span> <span class='ocrx_word' id='word_1_135' title='bbox 1484 2983 1813 3071; x_wconf 89' lang='lat' dir='ltr'>in·Spiri-</span> 
     </span>
     <span class='ocr_line' id='line_1_24' title="bbox 275 3101 1815 3193; baseline -0.003 -22"><span class='ocrx_word' id='word_1_136' title='bbox 275 3119 338 3172; x_wconf 91' lang='lat' dir='ltr'>tu</span> <span class='ocrx_word' id='word_1_137' title='bbox 376 3119 604 3173; x_wconf 88' lang='lat' dir='ltr'>sancto</span> <span class='ocrx_word' id='word_1_138' title='bbox 659 3118 724 3172; x_wconf 91' lang='lat' dir='ltr'>et</span> <span class='ocrx_word' id='word_1_139' title='bbox 762 3105 926 3193; x_wconf 84' lang='lat' dir='ltr'>igni,</span> <span class='ocrx_word' id='word_1_140' title='bbox 987 3124 1116 3170; x_wconf 93' lang='lat' dir='ltr'>non</span> <span class='ocrx_word' id='word_1_141' title='bbox 1169 3103 1381 3169; x_wconf 89' lang='lat' dir='ltr'>solum</span> <span class='ocrx_word' id='word_1_142' title='bbox 1441 3101 1815 3168; x_wconf 82' lang='lat' dir='ltr'>referuntur</span> 
     </span>
     <span class='ocr_line' id='line_1_25' title="bbox 274 3219 1812 3311; baseline -0.003 -24"><span class='ocrx_word' id='word_1_143' title='bbox 274 3223 345 3289; x_wconf 88' lang='lat' dir='ltr'>ad</span> <span class='ocrx_word' id='word_1_144' title='bbox 419 3222 897 3311; x_wconf 88' lang='lat' dir='ltr'>plenitudinem</span> <span class='ocrx_word' id='word_1_145' title='bbox 976 3221 1258 3308; x_wconf 84' lang='lat' dir='ltr'>Spiritus</span> <span class='ocrx_word' id='word_1_146' title='bbox 1339 3231 1665 3306; x_wconf 85' lang='lat' dir='ltr'>receptam</span> <span class='ocrx_word' id='word_1_147' title='bbox 1746 3219 1812 3283; x_wconf 91' lang='lat' dir='ltr'>in</span> 
     </span>
     <span class='ocr_line' id='line_1_26' title="bbox 273 3335 1815 3427; baseline -0.002 -24"><span class='ocrx_word' id='word_1_148' title='bbox 273 3341 649 3408; x_wconf 84' lang='lat' dir='ltr'>Pentecoste</span> <span class='ocrx_word' id='word_1_149' title='bbox 680 3339 745 3406; x_wconf 91' lang='lat' dir='ltr'>in</span> <span class='ocrx_word' id='word_1_150' title='bbox 784 3339 1031 3427; x_wconf 88' lang='lat' dir='ltr'>linguis</span> <span class='ocrx_word' id='word_1_151' title='bbox 1065 3337 1307 3425; x_wconf 84' lang='lat' dir='ltr'>igneis,</span> <span class='ocrx_word' id='word_1_152' title='bbox 1354 3336 1465 3403; x_wconf 90' lang='lat' dir='ltr'>sed</span> <span class='ocrx_word' id='word_1_153' title='bbox 1497 3337 1694 3403; x_wconf 88' lang='lat' dir='ltr'>etiam</span> <span class='ocrx_word' id='word_1_154' title='bbox 1735 3335 1815 3401; x_wconf 86' lang='lat' dir='ltr'>ad</span> 
     </span>
     <span class='ocr_line' id='line_1_27' title="bbox 277 3452 1814 3542; baseline -0.003 -21"><span class='ocrx_word' id='word_1_155' title='bbox 277 3456 491 3542; x_wconf 89' lang='lat' dir='ltr'>ignem</span> <span class='ocrx_word' id='word_1_156' title='bbox 541 3456 900 3535; x_wconf 78' lang='lat' dir='ltr'>charitatiS,</span> <span class='ocrx_word' id='word_1_157' title='bbox 956 3466 1020 3521; x_wconf 89' lang='lat' dir='ltr'>et</span> <span class='ocrx_word' id='word_1_158' title='bbox 1056 3453 1133 3520; x_wconf 91' lang='lat' dir='ltr'>ad</span> <span class='ocrx_word' id='word_1_159' title='bbox 1167 3452 1482 3541; x_wconf 88' lang='lat' dir='ltr'>Spiritum</span> <span class='ocrx_word' id='word_1_160' title='bbox 1515 3470 1814 3518; x_wconf 88' lang='lat' dir='ltr'>sanctum</span> 
     </span>
     <span class='ocr_line' id='line_1_28' title="bbox 278 3568 1818 3657; baseline -0.002 -21"><span class='ocrx_word' id='word_1_161' title='bbox 278 3571 694 3640; x_wconf 91' lang='lat' dir='ltr'>invisibiliter</span> <span class='ocrx_word' id='word_1_162' title='bbox 757 3573 1007 3639; x_wconf 88' lang='lat' dir='ltr'>datum.</span> <span class='ocrx_word' id='word_1_163' title='bbox 1083 3574 1266 3650; x_wconf 87' lang='lat' dir='ltr'>Item,</span> <span class='ocrx_word' id='word_1_164' title='bbox 1332 3569 1503 3657; x_wconf 88' lang='lat' dir='ltr'>quod</span> <span class='ocrx_word' id='word_1_165' title='bbox 1578 3568 1818 3634; x_wconf 91' lang='lat' dir='ltr'>dicitur</span> 
     </span>
     <span class='ocr_line' id='line_1_29' title="bbox 154 3679 1816 3773; baseline -0.001 -21"><span class='ocrx_word' id='word_1_166' title='bbox 154 3679 219 3725; x_wconf 74' lang='lat'><strong>²¹¹¹·</strong></span> <span class='ocrx_word' id='word_1_167' title='bbox 279 3687 554 3754; x_wconf 80' lang='lat' dir='ltr'>Ioannis</span> <span class='ocrx_word' id='word_1_168' title='bbox 593 3692 655 3753; x_wconf 81' lang='lat'>7.</span> <span class='ocrx_word' id='word_1_169' title='bbox 691 3686 772 3752; x_wconf 91' lang='lat' dir='ltr'>de</span> <span class='ocrx_word' id='word_1_170' title='bbox 801 3686 1072 3773; x_wconf 87' lang='lat' dir='ltr'>Spiritu,</span> <span class='ocrx_word' id='word_1_171' title='bbox 1109 3685 1221 3773; x_wconf 89' lang='lat' dir='ltr'>qui</span> <span class='ocrx_word' id='word_1_172' title='bbox 1252 3685 1551 3752; x_wconf 78' lang='lat' dir='ltr'>nondum</span> <span class='ocrx_word' id='word_1_173' title='bbox 1591 3686 1816 3768; x_wconf 76' lang='lat' dir='ltr'>suerat</span> 
     </span>
    </p>
   </div>
   <div class='ocr_carea' id='block_1_3' title="bbox 153 3743 1816 3890">
    <p class='ocr_par' dir='ltr' id='par_1_3' title="bbox 153 3743 1816 3890">
     <span class='ocr_line' id='line_1_30' title="bbox 155 3743 218 3788; baseline 0.032 -2"><span class='ocrx_word' id='word_1_174' title='bbox 155 3743 218 3788; x_wconf 86' lang='lat' dir='ltr'>tus</span> 
     </span>
     <span class='ocr_line' id='line_1_31' title="bbox 153 3799 1816 3890; baseline -0.002 -22"><span class='ocrx_word' id='word_1_175' title='bbox 153 3799 233 3852; x_wconf 60' lang='lat'>³⁵¹0</span> <span class='ocrx_word' id='word_1_176' title='bbox 279 3801 488 3884; x_wconf 79' lang='lat' dir='ltr'>dacus,</span> <span class='ocrx_word' id='word_1_177' title='bbox 549 3805 708 3890; x_wconf 80' lang='lat' dir='ltr'>quia</span> <span class='ocrx_word' id='word_1_178' title='bbox 770 3804 957 3868; x_wconf 77' lang='lat' dir='ltr'>Iesus</span> <span class='ocrx_word' id='word_1_179' title='bbox 1020 3802 1319 3868; x_wconf 82' lang='lat' dir='ltr'>nondum</span> <span class='ocrx_word' id='word_1_180' title='bbox 1369 3812 1513 3867; x_wconf 78' lang='lat' dir='ltr'>erat</span> <span class='ocrx_word' id='word_1_181' title='bbox 1559 3801 1816 3888; x_wconf 74' lang='lat' dir='ltr'>qlorili-</span> 
     </span>
    </p>
   </div>
   <div class='ocr_carea' id='block_1_4' title="bbox 151 3877 1821 5509">
    <p class='ocr_par' dir='ltr' id='par_1_4' title="bbox 151 3877 1821 5509">
     <span class='ocr_line' id='line_1_32' title="bbox 151 3877 1819 4005; baseline 0.002 -29"><span class='ocrx_word' id='word_1_182' title='bbox 151 3877 242 3980; x_wconf 57' lang='lat' dir='ltr'>ssm.</span> <span class='ocrx_word' id='word_1_183' title='bbox 275 3928 470 3998; x_wconf 80' lang='lat' dir='ltr'>catus,</span> <span class='ocrx_word' id='word_1_184' title='bbox 520 3917 911 4005; x_wconf 86' lang='lat' dir='ltr'>intelligitur</span> <span class='ocrx_word' id='word_1_185' title='bbox 972 3937 1100 3983; x_wconf 91' lang='lat' dir='ltr'>non</span> <span class='ocrx_word' id='word_1_186' title='bbox 1153 3918 1232 3983; x_wconf 90' lang='lat' dir='ltr'>de</span> <span class='ocrx_word' id='word_1_187' title='bbox 1290 3916 1538 4003; x_wconf 91' lang='lat' dir='ltr'>Spiritu</span> <span class='ocrx_word' id='word_1_188' title='bbox 1592 3914 1819 3981; x_wconf 91' lang='lat' dir='ltr'>invisi-</span> 
     </span>
     <span class='ocr_line' id='line_1_33' title="bbox 278 4032 1814 4120; baseline -0.001 -23"><span class='ocrx_word' id='word_1_189' title='bbox 278 4032 485 4101; x_wconf 87' lang='lat' dir='ltr'>biliter</span> <span class='ocrx_word' id='word_1_190' title='bbox 557 4034 730 4113; x_wconf 90' lang='lat' dir='ltr'>dat0,</span> <span class='ocrx_word' id='word_1_191' title='bbox 797 4034 959 4099; x_wconf 90' lang='lat' dir='ltr'>alias</span> <span class='ocrx_word' id='word_1_192' title='bbox 1018 4032 1346 4120; x_wconf 91' lang='lat' dir='ltr'>quomodo</span> <span class='ocrx_word' id='word_1_193' title='bbox 1405 4032 1814 4118; x_wconf 79' lang='lat' dir='ltr'>Magdalena,</span> 
     </span>
     <span class='ocr_line' id='line_1_34' title="bbox 278 4148 1817 4235; baseline -0.002 -21"><span class='ocrx_word' id='word_1_194' title='bbox 278 4151 584 4218; x_wconf 84' lang='lat' dir='ltr'>Zachaeus</span> <span class='ocrx_word' id='word_1_195' title='bbox 639 4160 703 4216; x_wconf 86' lang='lat' dir='ltr'>et</span> <span class='ocrx_word' id='word_1_196' title='bbox 760 4150 1128 4229; x_wconf 82' lang='lat' dir='ltr'>Matthaeus,</span> <span class='ocrx_word' id='word_1_197' title='bbox 1191 4148 1433 4235; x_wconf 88' lang='lat' dir='ltr'>aliique</span> <span class='ocrx_word' id='word_1_198' title='bbox 1490 4148 1734 4213; x_wconf 83' lang='lat' dir='ltr'>fuerint</span> <span class='ocrx_word' id='word_1_199' title='bbox 1781 4167 1817 4212; x_wconf 89' lang='lat' dir='ltr'>a</span> 
     </span>
     <span class='ocr_line' id='line_1_35' title="bbox 277 4262 1817 4352; baseline -0.002 -23"><span class='ocrx_word' id='word_1_200' title='bbox 277 4265 522 4332; x_wconf 84' lang='lat' dir='ltr'>Christo</span> <span class='ocrx_word' id='word_1_201' title='bbox 603 4263 1000 4352; x_wconf 78' lang='lat' dir='ltr'>Justificati?</span> <span class='ocrx_word' id='word_1_202' title='bbox 1076 4264 1321 4329; x_wconf 88' lang='lat' dir='ltr'>Deinde</span> <span class='ocrx_word' id='word_1_203' title='bbox 1379 4262 1817 4329; x_wconf 85' lang='lat' dir='ltr'>sacerdotium</span> 
     </span>
     <span class='ocr_line' id='line_1_36' title="bbox 283 4377 1817 4467; baseline -0.002 -23"><span class='ocrx_word' id='word_1_204' title='bbox 283 4395 610 4467; x_wconf 86' lang='lat' dir='ltr'>receptum</span> <span class='ocrx_word' id='word_1_205' title='bbox 654 4379 720 4445; x_wconf 92' lang='lat' dir='ltr'>in</span> <span class='ocrx_word' id='word_1_206' title='bbox 769 4379 993 4447; x_wconf 91' lang='lat' dir='ltr'>ultima</span> <span class='ocrx_word' id='word_1_207' title='bbox 1032 4399 1243 4459; x_wconf 86' lang='lat' dir='ltr'>coena,</span> <span class='ocrx_word' id='word_1_208' title='bbox 1289 4392 1351 4446; x_wconf 90' lang='lat' dir='ltr'>et</span> <span class='ocrx_word' id='word_1_209' title='bbox 1404 4377 1817 4445; x_wconf 86' lang='lat' dir='ltr'>Eucharistia</span> 
     </span>
     <span class='ocr_line' id='line_1_37' title="bbox 281 4475 1819 4581; baseline -0.001 -21"><span class='ocrx_word' id='word_1_210' title='bbox 281 4495 368 4561; x_wconf 87' lang='lat' dir='ltr'>sic</span> <span class='ocrx_word' id='word_1_211' title='bbox 399 4495 564 4562; x_wconf 87' lang='lat' dir='ltr'>nihil</span> <span class='ocrx_word' id='word_1_212' title='bbox 610 4495 983 4562; x_wconf 82' lang='lat' dir='ltr'>conferrent</span> <span class='ocrx_word' id='word_1_213' title='bbox 1032 4475 1356 4581; x_wconf 84' lang='lat' dir='ltr'>Apostolis</span> <span class='ocrx_word' id='word_1_214' title='bbox 1389 4515 1601 4580; x_wconf 90' lang='lat' dir='ltr'>neque</span> <span class='ocrx_word' id='word_1_215' title='bbox 1630 4498 1819 4559; x_wconf 84' lang='lat' dir='ltr'>Joan-</span> 
     </span>
     <span class='ocr_line' id='line_1_38' title="bbox 287 4610 1819 4698; baseline 0.001 -24"><span class='ocrx_word' id='word_1_216' title='bbox 287 4610 382 4676; x_wconf 90' lang='lat' dir='ltr'>nis</span> <span class='ocrx_word' id='word_1_217' title='bbox 428 4615 539 4677; x_wconf 66' lang='grc' dir='ltr'>ΞΟ.</span> <span class='ocrx_word' id='word_1_218' title='bbox 579 4633 693 4698; x_wconf 90' lang='lat' dir='ltr'>per</span> <span class='ocrx_word' id='word_1_219' title='bbox 723 4612 830 4678; x_wconf 91' lang='lat' dir='ltr'>illa</span> <span class='ocrx_word' id='word_1_220' title='bbox 873 4633 889 4678; x_wconf 74' lang='grc' dir='ltr'><strong><em>ε</em></strong></span> <span class='ocrx_word' id='word_1_221' title='bbox 943 4613 1240 4697; x_wconf 79' lang='lat' dir='ltr'>Accipite</span> <span class='ocrx_word' id='word_1_222' title='bbox 1287 4612 1622 4696; x_wconf 76' lang='lat' dir='ltr'>Spiritum</span> <span class='ocrx_word' id='word_1_223' title='bbox 1658 4631 1819 4676; x_wconf 85' lang='lat' dir='ltr'>san-</span> 
     </span>
     <span class='ocr_line' id='line_1_39' title="bbox 286 4726 1820 4816; baseline 0.001 -26"><span class='ocrx_word' id='word_1_224' title='bbox 286 4738 469 4808; x_wconf 76' lang='lat' dir='ltr'>ctum,</span> <span class='ocrx_word' id='word_1_225' title='bbox 508 4740 631 4794; x_wconf 89' lang='lat' dir='ltr'>etc.</span> <span class='ocrx_word' id='word_1_226' title='bbox 655 4728 1013 4816; x_wconf 89' lang='lat' dir='ltr'>quidquam</span> <span class='ocrx_word' id='word_1_227' title='bbox 1046 4726 1413 4812; x_wconf 88' lang='lat' dir='ltr'>receperint</span> <span class='ocrx_word' id='word_1_228' title='bbox 1442 4738 1667 4793; x_wconf 87' lang='lat' dir='ltr'>contra</span> <span class='ocrx_word' id='word_1_229' title='bbox 1701 4747 1820 4791; x_wconf 84' lang='lat' dir='ltr'>ex-</span> 
     </span>
     <span class='ocr_line' id='line_1_40' title="bbox 284 4844 1821 4928; baseline 0 -21"><span class='ocrx_word' id='word_1_230' title='bbox 284 4844 664 4928; x_wconf 90' lang='lat' dir='ltr'>positionem</span> <span class='ocrx_word' id='word_1_231' title='bbox 704 4863 1121 4909; x_wconf 89' lang='lat' dir='ltr'>eommunem</span> <span class='ocrx_word' id='word_1_232' title='bbox 1165 4847 1471 4922; x_wconf 81' lang='lat' dir='ltr'>Patrum,</span> <span class='ocrx_word' id='word_1_233' title='bbox 1519 4844 1661 4909; x_wconf 83' lang='lat' dir='ltr'>haee</span> <span class='ocrx_word' id='word_1_234' title='bbox 1726 4855 1821 4908; x_wconf 87' lang='lat' dir='ltr'>ta-</span> 
     </span>
     <span class='ocr_line' id='line_1_41' title="bbox 284 4960 1816 5045; baseline 0.001 -22"><span class='ocrx_word' id='word_1_235' title='bbox 284 4979 423 5026; x_wconf 89' lang='lat' dir='ltr'>men</span> <span class='ocrx_word' id='word_1_236' title='bbox 464 4961 824 5027; x_wconf 76' lang='lat' dir='ltr'>insufflatio</span> <span class='ocrx_word' id='word_1_237' title='bbox 869 4960 1109 5027; x_wconf 83' lang='lat' dir='ltr'>Christi</span> <span class='ocrx_word' id='word_1_238' title='bbox 1160 4960 1225 5025; x_wconf 89' lang='lat' dir='ltr'>in</span> <span class='ocrx_word' id='word_1_239' title='bbox 1273 4960 1618 5045; x_wconf 88' lang='lat' dir='ltr'>Apostolos</span> <span class='ocrx_word' id='word_1_240' title='bbox 1668 4980 1816 5025; x_wconf 89' lang='lat' dir='ltr'>cum</span> 
     </span>
     <span class='ocr_line' id='line_1_42' title="bbox 283 5074 1816 5163; baseline 0.001 -26"><span class='ocrx_word' id='word_1_241' title='bbox 283 5074 492 5142; x_wconf 90' lang='lat' dir='ltr'>verbis</span> <span class='ocrx_word' id='word_1_242' title='bbox 527 5074 855 5163; x_wconf 65' lang='lat' dir='ltr'>praedictis</span> <span class='ocrx_word' id='word_1_243' title='bbox 878 5075 1213 5160; x_wconf 85' lang='lat' dir='ltr'>praecessit</span> <span class='ocrx_word' id='word_1_244' title='bbox 1236 5074 1613 5140; x_wconf 89' lang='lat' dir='ltr'>missionem</span> <span class='ocrx_word' id='word_1_245' title='bbox 1639 5074 1816 5140; x_wconf 84' lang='lat' dir='ltr'>illam</span> 
     </span>
     <span class='ocr_line' id='line_1_43' title="bbox 285 5189 1812 5278; baseline 0.003 -28"><span class='ocrx_word' id='word_1_246' title='bbox 285 5189 602 5257; x_wconf 87' lang='lat' dir='ltr'>visibilem</span> <span class='ocrx_word' id='word_1_247' title='bbox 643 5192 929 5277; x_wconf 88' lang='lat' dir='ltr'>Spiritus</span> <span class='ocrx_word' id='word_1_248' title='bbox 971 5191 1203 5271; x_wconf 88' lang='lat' dir='ltr'>sancti,</span> <span class='ocrx_word' id='word_1_249' title='bbox 1259 5211 1453 5277; x_wconf 89' lang='lat' dir='ltr'>quam</span> <span class='ocrx_word' id='word_1_250' title='bbox 1489 5190 1812 5278; x_wconf 87' lang='lat' dir='ltr'>promisit,</span> 
     </span>
     <span class='ocr_line' id='line_1_44' title="bbox 288 5306 1818 5395; baseline 0.001 -25"><span class='ocrx_word' id='word_1_251' title='bbox 288 5306 362 5371; x_wconf 88' lang='lat' dir='ltr'>ad</span> <span class='ocrx_word' id='word_1_252' title='bbox 417 5329 612 5395; x_wconf 87' lang='lat' dir='ltr'>quam</span> <span class='ocrx_word' id='word_1_253' title='bbox 670 5308 905 5375; x_wconf 88' lang='lat' dir='ltr'>alludit</span> <span class='ocrx_word' id='word_1_254' title='bbox 964 5306 1052 5372; x_wconf 87' lang='lat' dir='ltr'>ibi</span> <span class='ocrx_word' id='word_1_255' title='bbox 1110 5310 1413 5388; x_wconf 74' lang='lat' dir='ltr'>Ioannes,</span> <span class='ocrx_word' id='word_1_256' title='bbox 1477 5320 1540 5373; x_wconf 90' lang='lat' dir='ltr'>et</span> <span class='ocrx_word' id='word_1_257' title='bbox 1594 5319 1818 5393; x_wconf 90' lang='lat' dir='ltr'>postea</span> 
     </span>
     <span class='ocr_line' id='line_1_45' title="bbox 286 5421 1816 5509; baseline 0.001 -22"><span class='ocrx_word' id='word_1_258' title='bbox 286 5423 749 5491; x_wconf 88' lang='lat' dir='ltr'>communicata</span> <span class='ocrx_word' id='word_1_259' title='bbox 791 5437 888 5490; x_wconf 90' lang='lat' dir='ltr'>est</span> <span class='ocrx_word' id='word_1_260' title='bbox 935 5421 1288 5509; x_wconf 87' lang='lat' dir='ltr'>Apostolis,</span> <span class='ocrx_word' id='word_1_261' title='bbox 1335 5435 1398 5488; x_wconf 89' lang='lat' dir='ltr'>et</span> <span class='ocrx_word' id='word_1_262' title='bbox 1443 5424 1816 5489; x_wconf 87' lang='lat' dir='ltr'>successive</span> 
     </span>
    </p>
   </div>
   <div class='ocr_carea' id='block_1_5' title="bbox 291 5538 1818 5630">
    <p class='ocr_par' dir='ltr' id='par_1_5' title="bbox 291 5538 1818 5630">
     <span class='ocr_line' id='line_1_46' title="bbox 291 5538 1818 5630; baseline 0.001 -25"><span class='ocrx_word' id='word_1_263' title='bbox 291 5538 428 5607; x_wconf 86' lang='lat' dir='ltr'>aliis</span> <span class='ocrx_word' id='word_1_264' title='bbox 492 5541 928 5620; x_wconf 77' lang='lat' dir='ltr'>credentibu3‚</span> <span class='ocrx_word' id='word_1_265' title='bbox 1004 5553 1072 5608; x_wconf 89' lang='lat' dir='ltr'>ut</span> <span class='ocrx_word' id='word_1_266' title='bbox 1122 5551 1298 5628; x_wconf 88' lang='lat' dir='ltr'>patet</span> <span class='ocrx_word' id='word_1_267' title='bbox 1345 5539 1411 5605; x_wconf 91' lang='lat' dir='ltr'>in</span> <span class='ocrx_word' id='word_1_268' title='bbox 1483 5539 1818 5630; x_wconf 86' lang='lat' dir='ltr'>primitiva</span> 
     </span>
    </p>
   </div>
   <div class='ocr_carea' id='block_1_6' title="bbox 3349 382 3469 446">
    <p class='ocr_par' dir='ltr' id='par_1_6' title="bbox 3349 382 3469 446">
     <span class='ocr_line' id='line_1_47' title="bbox 3349 382 3469 446; baseline -0.008 0"><span class='ocrx_word' id='word_1_269' title='bbox 3349 382 3469 446; x_wconf 87' lang='lat'>339</span> 
     </span>
    </p>
   </div>
   <div class='ocr_carea' id='block_1_7' title="bbox 1919 544 3827 5635">
    <p class='ocr_par' dir='ltr' id='par_1_7' title="bbox 1921 544 3465 627">
     <span class='ocr_line' id='line_1_48' title="bbox 1921 544 3465 627; baseline 0.004 -19"><span class='ocrx_word' id='word_1_270' title='bbox 1921 544 2236 627; x_wconf 86' lang='lat' dir='ltr'>Ecclesia,</span> <span class='ocrx_word' id='word_1_271' title='bbox 2258 565 2338 611; x_wconf 85' lang='lat' dir='ltr'>ex</span> <span class='ocrx_word' id='word_1_272' title='bbox 2370 546 2530 613; x_wconf 88' lang='lat' dir='ltr'>locis</span> <span class='ocrx_word' id='word_1_273' title='bbox 2545 547 2760 615; x_wconf 88' lang='lat' dir='ltr'>citatis</span> <span class='ocrx_word' id='word_1_274' title='bbox 2781 549 3101 614; x_wconf 80' lang='lat' dir='ltr'>Actorum</span> <span class='ocrx_word' id='word_1_275' title='bbox 3126 549 3231 611; x_wconf 88' lang='lat'>10.</span> <span class='ocrx_word' id='word_1_276' title='bbox 3260 556 3321 614; x_wconf 85' lang='lat' dir='ltr'>et</span> <span class='ocrx_word' id='word_1_277' title='bbox 3356 550 3465 614; x_wconf 82' lang='lat'>19.</span> 
     </span>
    </p>

    <p class='ocr_par' dir='ltr' id='par_1_8' title="bbox 1919 661 3827 3193">
     <span class='ocr_line' id='line_1_49' title="bbox 2015 661 3724 751; baseline 0.003 -24"><span class='ocrx_word' id='word_1_278' title='bbox 2015 666 2258 729; x_wconf 82' lang='lat' dir='ltr'>Praeter</span> <span class='ocrx_word' id='word_1_279' title='bbox 2288 661 2449 729; x_wconf 89' lang='lat' dir='ltr'>duas</span> <span class='ocrx_word' id='word_1_280' title='bbox 2484 664 2858 749; x_wconf 77' lang='lat' dir='ltr'>praemissas</span> <span class='ocrx_word' id='word_1_281' title='bbox 2889 664 3246 730; x_wconf 88' lang='lat' dir='ltr'>sententias</span> <span class='ocrx_word' id='word_1_282' title='bbox 3277 663 3469 731; x_wconf 88' lang='lat' dir='ltr'>aliam</span> <span class='ocrx_word' id='word_1_283' title='bbox 3620 680 3724 751; x_wconf 44' lang='lat' dir='ltr'>ts..</span> 
     </span>
     <span class='ocr_line' id='line_1_50' title="bbox 1925 744 3797 868; baseline 0.003 -26"><span class='ocrx_word' id='word_1_284' title='bbox 1925 776 2074 863; x_wconf 87' lang='lat' dir='ltr'>lego</span> <span class='ocrx_word' id='word_1_285' title='bbox 2141 777 2309 865; x_wconf 90' lang='lat' dir='ltr'>apud</span> <span class='ocrx_word' id='word_1_286' title='bbox 2357 792 2681 845; x_wconf 87' lang='lat' dir='ltr'>auctorem</span> <span class='ocrx_word' id='word_1_287' title='bbox 2724 780 3188 846; x_wconf 81' lang='lat' dir='ltr'>commentarii</span> <span class='ocrx_word' id='word_1_288' title='bbox 3237 780 3304 846; x_wconf 93' lang='lat' dir='ltr'>in</span> <span class='ocrx_word' id='word_1_289' title='bbox 3336 781 3471 868; x_wconf 92' lang='lat' dir='ltr'>epi·</span> <span class='ocrx_word' id='word_1_290' title='bbox 3527 744 3797 856; x_wconf 52' lang='lat' dir='ltr'>seffgffia.</span> 
     </span>
     <span class='ocr_line' id='line_1_51' title="bbox 1927 892 3473 984; baseline 0.005 -27"><span class='ocrx_word' id='word_1_291' title='bbox 1927 892 2132 958; x_wconf 90' lang='lat' dir='ltr'>stolas</span> <span class='ocrx_word' id='word_1_292' title='bbox 2192 893 2270 959; x_wconf 87' lang='lat' dir='ltr'>ad</span> <span class='ocrx_word' id='word_1_293' title='bbox 2316 897 2668 973; x_wconf 89' lang='lat' dir='ltr'>Romanos,</span> <span class='ocrx_word' id='word_1_294' title='bbox 2719 915 2867 983; x_wconf 79' lang='lat' dir='ltr'>quae</span> <span class='ocrx_word' id='word_1_295' title='bbox 2924 909 3023 962; x_wconf 90' lang='lat' dir='ltr'>est</span> <span class='ocrx_word' id='word_1_296' title='bbox 3072 895 3243 964; x_wconf 87' lang='lat' dir='ltr'>inter</span> <span class='ocrx_word' id='word_1_297' title='bbox 3275 917 3473 984; x_wconf 87' lang='lat' dir='ltr'>opera</span> 
     </span>
     <span class='ocr_line' id='line_1_52' title="bbox 1927 1008 3469 1098; baseline 0.003 -25"><span class='ocrx_word' id='word_1_298' title='bbox 1927 1008 2281 1087; x_wconf 87' lang='lat' dir='ltr'>Ambrosii,</span> <span class='ocrx_word' id='word_1_299' title='bbox 2322 1030 2451 1075; x_wconf 91' lang='lat' dir='ltr'>non</span> <span class='ocrx_word' id='word_1_300' title='bbox 2484 1023 2697 1075; x_wconf 87' lang='lat' dir='ltr'>tamen</span> <span class='ocrx_word' id='word_1_301' title='bbox 2730 1023 2831 1076; x_wconf 90' lang='lat' dir='ltr'>est</span> <span class='ocrx_word' id='word_1_302' title='bbox 2871 1012 3082 1098; x_wconf 88' lang='lat' dir='ltr'>ipsius</span> <span class='ocrx_word' id='word_1_303' title='bbox 3114 1011 3469 1093; x_wconf 84' lang='lat' dir='ltr'>Ambrosii,</span> 
     </span>
     <span class='ocr_line' id='line_1_53' title="bbox 1926 1128 3477 1213; baseline 0.001 -19"><span class='ocrx_word' id='word_1_304' title='bbox 1926 1140 2000 1194; x_wconf 90' lang='lat' dir='ltr'>ut</span> <span class='ocrx_word' id='word_1_305' title='bbox 2066 1128 2230 1194; x_wconf 91' lang='lat' dir='ltr'>bene</span> <span class='ocrx_word' id='word_1_306' title='bbox 2290 1130 2517 1213; x_wconf 89' lang='lat' dir='ltr'>probat</span> <span class='ocrx_word' id='word_1_307' title='bbox 2592 1128 3048 1208; x_wconf 86' lang='lat' dir='ltr'>Bellarminus,</span> <span class='ocrx_word' id='word_1_308' title='bbox 3119 1142 3183 1195; x_wconf 91' lang='lat' dir='ltr'>et</span> <span class='ocrx_word' id='word_1_309' title='bbox 3221 1128 3330 1194; x_wconf 89' lang='lat' dir='ltr'>alii</span> <span class='ocrx_word' id='word_1_310' title='bbox 3395 1128 3477 1195; x_wconf 91' lang='lat' dir='ltr'>de</span> 
     </span>
     <span class='ocr_line' id='line_1_54' title="bbox 1927 1241 3476 1331; baseline 0.001 -24"><span class='ocrx_word' id='word_1_311' title='bbox 1927 1242 2393 1328; x_wconf 79' lang='lat' dir='ltr'>scriptoribus,</span> <span class='ocrx_word' id='word_1_312' title='bbox 2449 1241 2562 1309; x_wconf 90' lang='lat' dir='ltr'>sed</span> <span class='ocrx_word' id='word_1_313' title='bbox 2605 1243 2706 1309; x_wconf 92' lang='lat' dir='ltr'>vel</span> <span class='ocrx_word' id='word_1_314' title='bbox 2739 1243 2964 1309; x_wconf 82' lang='lat' dir='ltr'>Hilarii</span> <span class='ocrx_word' id='word_1_315' title='bbox 3013 1244 3305 1323; x_wconf 89' lang='lat' dir='ltr'>Diaconi,</span> <span class='ocrx_word' id='word_1_316' title='bbox 3361 1244 3476 1331; x_wconf 92' lang='lat' dir='ltr'>qui</span> 
     </span>
     <span class='ocr_line' id='line_1_55' title="bbox 1924 1356 3480 1444; baseline 0.003 -22"><span class='ocrx_word' id='word_1_317' title='bbox 1924 1356 2207 1423; x_wconf 89' lang='lat' dir='ltr'>descivit</span> <span class='ocrx_word' id='word_1_318' title='bbox 2258 1360 2331 1423; x_wconf 79' lang='lat' dir='ltr'>in</span> <span class='ocrx_word' id='word_1_319' title='bbox 2368 1359 2651 1424; x_wconf 81' lang='lat' dir='ltr'>schisma</span> <span class='ocrx_word' id='word_1_320' title='bbox 2699 1360 2788 1425; x_wconf 83' lang='lat' dir='ltr'>ad</span> <span class='ocrx_word' id='word_1_321' title='bbox 2820 1360 3316 1444; x_wconf 83' lang='lat' dir='ltr'>Luciferianos,</span> <span class='ocrx_word' id='word_1_322' title='bbox 3373 1360 3480 1426; x_wconf 87' lang='lat' dir='ltr'>vel</span> 
     </span>
     <span class='ocr_line' id='line_1_56' title="bbox 1926 1469 3473 1558; baseline 0.002 -24"><span class='ocrx_word' id='word_1_323' title='bbox 1926 1482 2123 1548; x_wconf 84' lang='lat' dir='ltr'>certe,</span> <span class='ocrx_word' id='word_1_324' title='bbox 2155 1481 2224 1535; x_wconf 86' lang='lat' dir='ltr'>ut</span> <span class='ocrx_word' id='word_1_325' title='bbox 2245 1469 2354 1535; x_wconf 88' lang='lat' dir='ltr'>alii</span> <span class='ocrx_word' id='word_1_326' title='bbox 2390 1469 2641 1540; x_wconf 85' lang='lat' dir='ltr'>volunt.</span> <span class='ocrx_word' id='word_1_327' title='bbox 2664 1471 2946 1557; x_wconf 89' lang='lat' dir='ltr'>Remigii</span> <span class='ocrx_word' id='word_1_328' title='bbox 2980 1469 3473 1558; x_wconf 87' lang='lat' dir='ltr'>Lugdunensis;</span> 
     </span>
     <span class='ocr_line' id='line_1_57' title="bbox 1927 1585 3474 1675; baseline 0.001 -25"><span class='ocrx_word' id='word_1_329' title='bbox 1927 1585 2035 1651; x_wconf 90' lang='lat' dir='ltr'>ille</span> <span class='ocrx_word' id='word_1_330' title='bbox 2064 1606 2222 1673; x_wconf 88' lang='lat' dir='ltr'>ergo</span> <span class='ocrx_word' id='word_1_331' title='bbox 2270 1597 2498 1653; x_wconf 89' lang='lat' dir='ltr'>auctor</span> <span class='ocrx_word' id='word_1_332' title='bbox 2536 1586 2937 1675; x_wconf 87' lang='lat' dir='ltr'>quicumque</span> <span class='ocrx_word' id='word_1_333' title='bbox 2968 1586 3056 1653; x_wconf 92' lang='lat' dir='ltr'>sit</span> <span class='ocrx_word' id='word_1_334' title='bbox 3097 1589 3162 1653; x_wconf 93' lang='lat' dir='ltr'>in</span> <span class='ocrx_word' id='word_1_335' title='bbox 3204 1608 3358 1674; x_wconf 85' lang='lat' dir='ltr'>cap.</span> <span class='ocrx_word' id='word_1_336' title='bbox 3406 1592 3474 1652; x_wconf 78' lang='lat'>5.</span> 
     </span>
     <span class='ocr_line' id='line_1_58' title="bbox 1926 1703 3478 1788; baseline 0.003 -22"><span class='ocrx_word' id='word_1_337' title='bbox 1926 1704 2221 1788; x_wconf 65' lang='lat' dir='ltr'>epistolae</span> <span class='ocrx_word' id='word_1_338' title='bbox 2258 1703 2347 1769; x_wconf 84' lang='lat' dir='ltr'>ad</span> <span class='ocrx_word' id='word_1_339' title='bbox 2390 1704 2734 1784; x_wconf 83' lang='lat' dir='ltr'>Romanos,</span> <span class='ocrx_word' id='word_1_340' title='bbox 2774 1703 2842 1768; x_wconf 93' lang='lat' dir='ltr'>in</span> <span class='ocrx_word' id='word_1_341' title='bbox 2890 1704 2996 1770; x_wconf 85' lang='lat' dir='ltr'>illa</span> <span class='ocrx_word' id='word_1_342' title='bbox 3042 1704 3278 1770; x_wconf 87' lang='lat' dir='ltr'>verba:</span> <span class='ocrx_word' id='word_1_343' title='bbox 3328 1704 3478 1771; x_wconf 81' lang='lat' dir='ltr'>Non</span> 
     </span>
     <span class='ocr_line' id='line_1_59' title="bbox 1927 1822 3478 1907; baseline 0.003 -24"><span class='ocrx_word' id='word_1_344' title='bbox 1927 1830 2147 1883; x_wconf 80' lang='lat' dir='ltr'>autem</span> <span class='ocrx_word' id='word_1_345' title='bbox 2174 1823 2498 1907; x_wconf 77' lang='lat' dir='ltr'>scriptum</span> <span class='ocrx_word' id='word_1_346' title='bbox 2528 1834 2621 1887; x_wconf 80' lang='lat' dir='ltr'>cst</span> <span class='ocrx_word' id='word_1_347' title='bbox 2655 1832 2911 1887; x_wconf 77' lang='lat' dir='ltr'>tantum</span> <span class='ocrx_word' id='word_1_348' title='bbox 2947 1833 3220 1907; x_wconf 82' lang='lat' dir='ltr'>propter</span> <span class='ocrx_word' id='word_1_349' title='bbox 3257 1822 3478 1907; x_wconf 83' lang='lat' dir='ltr'>ipsum</span> 
     </span>
     <span class='ocr_line' id='line_1_60' title="bbox 1927 1936 3482 2024; baseline 0.003 -26"><span class='ocrx_word' id='word_1_350' title='bbox 1927 1936 2159 2015; x_wconf 71' lang='lat' dir='ltr'>solum,</span> <span class='ocrx_word' id='word_1_351' title='bbox 2220 1938 2379 2023; x_wconf 76' lang='lat' dir='ltr'>quia</span> <span class='ocrx_word' id='word_1_352' title='bbox 2416 1947 2796 2022; x_wconf 77' lang='lat' dir='ltr'>reputatum</span> <span class='ocrx_word' id='word_1_353' title='bbox 2835 1948 2929 2003; x_wconf 80' lang='lat' dir='ltr'>est</span> <span class='ocrx_word' id='word_1_354' title='bbox 2977 1938 3089 2002; x_wconf 84' lang='lat' dir='ltr'>illi</span> <span class='ocrx_word' id='word_1_355' title='bbox 3141 1936 3231 2002; x_wconf 83' lang='lat' dir='ltr'>ad</span> <span class='ocrx_word' id='word_1_356' title='bbox 3278 1939 3482 2024; x_wconf 78' lang='lat' dir='ltr'>justi·</span> 
     </span>
     <span class='ocr_line' id='line_1_61' title="bbox 1930 2052 3472 2141; baseline 0.003 -25"><span class='ocrx_word' id='word_1_357' title='bbox 1930 2054 2118 2129; x_wconf 80' lang='lat' dir='ltr'>tiam,</span> <span class='ocrx_word' id='word_1_358' title='bbox 2171 2052 2286 2118; x_wconf 86' lang='lat' dir='ltr'>sed</span> <span class='ocrx_word' id='word_1_359' title='bbox 2317 2064 2377 2119; x_wconf 78' lang='lat' dir='ltr'>el</span> <span class='ocrx_word' id='word_1_360' title='bbox 2417 2066 2693 2141; x_wconf 75' lang='lat' dir='ltr'>propter</span> <span class='ocrx_word' id='word_1_361' title='bbox 2739 2076 2882 2133; x_wconf 79' lang='lat' dir='ltr'>nos,</span> <span class='ocrx_word' id='word_1_362' title='bbox 2927 2065 3051 2119; x_wconf 89' lang='lat' dir='ltr'>etc.</span> <span class='ocrx_word' id='word_1_363' title='bbox 3104 2055 3274 2120; x_wconf 72' lang='lat' dir='ltr'>Ante</span> <span class='ocrx_word' id='word_1_364' title='bbox 3316 2076 3472 2141; x_wconf 87' lang='lat' dir='ltr'>pas-</span> 
     </span>
     <span class='ocr_line' id='line_1_62' title="bbox 1923 2169 3827 2296; baseline -0.002 -63"><span class='ocrx_word' id='word_1_365' title='bbox 1923 2169 2177 2236; x_wconf 71' lang='lat' dir='ltr'>sionem</span> <span class='ocrx_word' id='word_1_366' title='bbox 2225 2173 2426 2249; x_wconf 81' lang='lat' dir='ltr'>enim,</span> <span class='ocrx_word' id='word_1_367' title='bbox 2486 2170 2720 2259; x_wconf 90' lang='lat' dir='ltr'>inquit,</span> <span class='ocrx_word' id='word_1_368' title='bbox 2781 2172 2897 2257; x_wconf 78' lang='lat' dir='ltr'>qui</span> <span class='ocrx_word' id='word_1_369' title='bbox 2945 2171 3275 2258; x_wconf 79' lang='lat' dir='ltr'>baptizati</span> <span class='ocrx_word' id='word_1_370' title='bbox 3321 2182 3479 2238; x_wconf 82' lang='lat' dir='ltr'>sune</span> <span class='ocrx_word' id='word_1_371' title='bbox 3506 2181 3827 2296; x_wconf 57' lang='lat' dir='ltr'>Bagtiqmqm</span> 
     </span>
     <span class='ocr_line' id='line_1_63' title="bbox 1923 2247 3765 2382; baseline 0.004 -30"><span class='ocrx_word' id='word_1_372' title='bbox 1923 2289 2136 2354; x_wconf 83' lang='lat' dir='ltr'>solam</span> <span class='ocrx_word' id='word_1_373' title='bbox 2191 2289 2649 2355; x_wconf 78' lang='lat' dir='ltr'>remissionem</span> <span class='ocrx_word' id='word_1_374' title='bbox 2716 2301 3111 2375; x_wconf 77' lang='lat' dir='ltr'>acceperunt</span> <span class='ocrx_word' id='word_1_375' title='bbox 3174 2301 3473 2375; x_wconf 84' lang='lat' dir='ltr'>peccato-</span> <span class='ocrx_word' id='word_1_376' title='bbox 3565 2247 3765 2382; x_wconf 50' lang='grc' dir='ltr'>ᾱέἕῑιέζὲ</span> 
     </span>
     <span class='ocr_line' id='line_1_64' title="bbox 1923 2387 3798 2503; baseline 0.001 -32"><span class='ocrx_word' id='word_1_377' title='bbox 1923 2427 2094 2484; x_wconf 79' lang='lat' dir='ltr'>rum,</span> <span class='ocrx_word' id='word_1_378' title='bbox 2135 2426 2413 2491; x_wconf 78' lang='lat' dir='ltr'>quorum</span> <span class='ocrx_word' id='word_1_379' title='bbox 2452 2408 2592 2472; x_wconf 74' lang='lat' dir='ltr'>zelo</span> <span class='ocrx_word' id='word_1_380' title='bbox 2651 2408 2941 2473; x_wconf 75' lang='lat' dir='ltr'>Satanas</span> <span class='ocrx_word' id='word_1_381' title='bbox 2997 2406 3240 2472; x_wconf 79' lang='lat' dir='ltr'>occidit</span> <span class='ocrx_word' id='word_1_382' title='bbox 3307 2408 3477 2473; x_wconf 81' lang='lat' dir='ltr'><em>Sal·</em></span> <span class='ocrx_word' id='word_1_383' title='bbox 3535 2387 3798 2503; x_wconf 26' lang='lat' dir='ltr'>“⁶¹53ss¹sp</span> 
     </span>
     <span class='ocr_line' id='line_1_65' title="bbox 1926 2495 3821 2608; baseline 0.001 -23"><span class='ocrx_word' id='word_1_384' title='bbox 1926 2535 2241 2600; x_wconf 79' lang='lat' dir='ltr'>valorem,</span> <span class='ocrx_word' id='word_1_385' title='bbox 2284 2533 2431 2607; x_wconf 79' lang='lat' dir='ltr'>post</span> <span class='ocrx_word' id='word_1_386' title='bbox 2474 2523 3026 2587; x_wconf 77' lang='lat' dir='ltr'>resurrectionem</span> <span class='ocrx_word' id='word_1_387' title='bbox 3058 2531 3193 2586; x_wconf 81' lang='lat' dir='ltr'>cam</span> <span class='ocrx_word' id='word_1_388' title='bbox 3241 2522 3318 2600; x_wconf 83' lang='lat' dir='ltr'>ii,</span> <span class='ocrx_word' id='word_1_389' title='bbox 3357 2523 3478 2608; x_wconf 81' lang='lat' dir='ltr'>qui</span> <span class='ocrx_word' id='word_1_390' title='bbox 3506 2510 3614 2545; x_wconf 72' lang='lat'>⁸¹⁰⁹</span> <span class='ocrx_word' id='word_1_391' title='bbox 3633 2495 3821 2562; x_wconf 75' lang='lat' dir='ltr'>gratia.</span> 
     </span>
     <span class='ocr_line' id='line_1_66' title="bbox 1919 2637 3466 2725; baseline 0.001 -23"><span class='ocrx_word' id='word_1_392' title='bbox 1919 2640 2139 2725; x_wconf 67' lang='lat' dir='ltr'>prim,</span> <span class='ocrx_word' id='word_1_393' title='bbox 2204 2659 2399 2725; x_wconf 78' lang='lat' dir='ltr'>quam</span> <span class='ocrx_word' id='word_1_394' title='bbox 2439 2640 2554 2725; x_wconf 80' lang='lat' dir='ltr'>qui</span> <span class='ocrx_word' id='word_1_395' title='bbox 2624 2650 2849 2725; x_wconf 80' lang='lat' dir='ltr'>postea</span> <span class='ocrx_word' id='word_1_396' title='bbox 2900 2637 3225 2725; x_wconf 76' lang='lat' dir='ltr'>baptizati</span> <span class='ocrx_word' id='word_1_397' title='bbox 3288 2648 3466 2718; x_wconf 79' lang='lat' dir='ltr'>sunt,</span> 
     </span>
     <span class='ocr_line' id='line_1_67' title="bbox 1924 2755 3480 2841; baseline 0.001 -22"><span class='ocrx_word' id='word_1_398' title='bbox 1924 2776 2147 2820; x_wconf 84' lang='lat' dir='ltr'>omncs</span> <span class='ocrx_word' id='word_1_399' title='bbox 2219 2756 2580 2841; x_wconf 76' lang='lat' dir='ltr'>justificati</span> <span class='ocrx_word' id='word_1_400' title='bbox 2632 2766 2786 2821; x_wconf 80' lang='lat' dir='ltr'>sunt</span> <span class='ocrx_word' id='word_1_401' title='bbox 2852 2777 2977 2841; x_wconf 82' lang='lat' dir='ltr'>per</span> <span class='ocrx_word' id='word_1_402' title='bbox 3046 2755 3270 2821; x_wconf 79' lang='lat' dir='ltr'>datam</span> <span class='ocrx_word' id='word_1_403' title='bbox 3322 2758 3480 2839; x_wconf 75' lang='lat' dir='ltr'>for-</span> 
     </span>
     <span class='ocr_line' id='line_1_68' title="bbox 1923 2871 3478 2960; baseline 0.002 -24"><span class='ocrx_word' id='word_1_404' title='bbox 1923 2893 2100 2937; x_wconf 86' lang='lat' dir='ltr'>mam</span> <span class='ocrx_word' id='word_1_405' title='bbox 2156 2871 2321 2954; x_wconf 81' lang='lat' dir='ltr'>fidei</span> <span class='ocrx_word' id='word_1_406' title='bbox 2374 2871 2748 2951; x_wconf 76' lang='lat' dir='ltr'>Trinitatis,</span> <span class='ocrx_word' id='word_1_407' title='bbox 2796 2883 3192 2959; x_wconf 77' lang='lat' dir='ltr'>acceptoque</span> <span class='ocrx_word' id='word_1_408' title='bbox 3253 2874 3478 2960; x_wconf 77' lang='lat' dir='ltr'>Spiri-</span> 
     </span>
     <span class='ocr_line' id='line_1_69' title="bbox 1928 2988 3470 3075; baseline 0.001 -23"><span class='ocrx_word' id='word_1_409' title='bbox 1928 2999 1997 3052; x_wconf 77' lang='lat' dir='ltr'>tu</span> <span class='ocrx_word' id='word_1_410' title='bbox 2062 3000 2309 3066; x_wconf 80' lang='lat' dir='ltr'>sancte,</span> <span class='ocrx_word' id='word_1_411' title='bbox 2366 2989 2483 3075; x_wconf 80' lang='lat' dir='ltr'>qui</span> <span class='ocrx_word' id='word_1_412' title='bbox 2539 2990 2806 3075; x_wconf 73' lang='lat' dir='ltr'>siqnum</span> <span class='ocrx_word' id='word_1_413' title='bbox 2871 2999 2965 3053; x_wconf 82' lang='lat' dir='ltr'>est</span> <span class='ocrx_word' id='word_1_414' title='bbox 3032 2988 3470 3069; x_wconf 80' lang='lat' dir='ltr'>credentium,</span> 
     </span>
     <span class='ocr_line' id='line_1_70' title="bbox 1928 3104 2816 3193; baseline 0.005 -25"><span class='ocrx_word' id='word_1_415' title='bbox 1928 3104 2102 3193; x_wconf 83' lang='lat' dir='ltr'>quod</span> <span class='ocrx_word' id='word_1_416' title='bbox 2131 3107 2266 3170; x_wconf 83' lang='lat' dir='ltr'>sint</span> <span class='ocrx_word' id='word_1_417' title='bbox 2304 3105 2473 3171; x_wconf 70' lang='lat' dir='ltr'>Filii</span> <span class='ocrx_word' id='word_1_418' title='bbox 2515 3107 2655 3185; x_wconf 85' lang='lat' dir='ltr'>Dei,</span> <span class='ocrx_word' id='word_1_419' title='bbox 2693 3116 2816 3172; x_wconf 88' lang='lat' dir='ltr'>etc.</span> 
     </span>
    </p>

    <p class='ocr_par' dir='ltr' id='par_1_9' title="bbox 1920 3219 3795 5635">
     <span class='ocr_line' id='line_1_71' title="bbox 2017 3219 3699 3308; baseline 0 -23"><span class='ocrx_word' id='word_1_420' title='bbox 2017 3223 2133 3286; x_wconf 82' lang='lat' dir='ltr'>Hic</span> <span class='ocrx_word' id='word_1_421' title='bbox 2163 3240 2321 3307; x_wconf 87' lang='lat' dir='ltr'>ergo</span> <span class='ocrx_word' id='word_1_422' title='bbox 2360 3219 2620 3287; x_wconf 87' lang='lat' dir='ltr'>videtur</span> <span class='ocrx_word' id='word_1_423' title='bbox 2660 3240 2965 3305; x_wconf 85' lang='lat' dir='ltr'>separare</span> <span class='ocrx_word' id='word_1_424' title='bbox 3015 3221 3472 3288; x_wconf 88' lang='lat' dir='ltr'>remissionem</span> <span class='ocrx_word' id='word_1_425' title='bbox 3617 3233 3699 3308; x_wconf 51' lang='lat'>27.</span> 
     </span>
     <span class='ocr_line' id='line_1_72' title="bbox 1925 3296 3795 3426; baseline 0.005 -25"><span class='ocrx_word' id='word_1_426' title='bbox 1925 3349 2341 3421; x_wconf 88' lang='lat' dir='ltr'>peccatorum</span> <span class='ocrx_word' id='word_1_427' title='bbox 2373 3337 2438 3401; x_wconf 91' lang='lat' dir='ltr'>in</span> <span class='ocrx_word' id='word_1_428' title='bbox 2479 3337 2711 3403; x_wconf 83' lang='lat' dir='ltr'>effectu</span> <span class='ocrx_word' id='word_1_429' title='bbox 2754 3357 2791 3402; x_wconf 89' lang='lat' dir='ltr'>a</span> <span class='ocrx_word' id='word_1_430' title='bbox 2836 3337 3116 3424; x_wconf 89' lang='lat' dir='ltr'>justitia,</span> <span class='ocrx_word' id='word_1_431' title='bbox 3165 3339 3336 3426; x_wconf 85' lang='lat' dir='ltr'>quod</span> <span class='ocrx_word' id='word_1_432' title='bbox 3368 3359 3476 3405; x_wconf 88' lang='lat' dir='ltr'>er·</span> <span class='ocrx_word' id='word_1_433' title='bbox 3544 3296 3795 3412; x_wconf 46' lang='lat' dir='ltr'>Rejilctitur</span> 
     </span>
     <span class='ocr_line' id='line_1_73' title="bbox 1925 3438 3778 3540; baseline 0.002 -23"><span class='ocrx_word' id='word_1_434' title='bbox 1925 3472 2199 3518; x_wconf 83' lang='lat' dir='ltr'>roncum</span> <span class='ocrx_word' id='word_1_435' title='bbox 2231 3474 2375 3519; x_wconf 91' lang='lat' dir='ltr'>esse</span> <span class='ocrx_word' id='word_1_436' title='bbox 2405 3474 2601 3540; x_wconf 88' lang='lat' dir='ltr'>supra</span> <span class='ocrx_word' id='word_1_437' title='bbox 2631 3452 2975 3521; x_wconf 86' lang='lat' dir='ltr'>docuimus</span> <span class='ocrx_word' id='word_1_438' title='bbox 3016 3454 3097 3521; x_wconf 92' lang='lat' dir='ltr'>de</span> <span class='ocrx_word' id='word_1_439' title='bbox 3126 3454 3477 3522; x_wconf 88' lang='lat' dir='ltr'>Circumci-</span> <span class='ocrx_word' id='word_1_440' title='bbox 3546 3438 3778 3476; x_wconf 75' lang='lat' dir='ltr'>erronea.</span> 
     </span>
     <span class='ocr_line' id='line_1_74' title="bbox 1927 3569 3463 3657; baseline 0.003 -22"><span class='ocrx_word' id='word_1_441' title='bbox 1927 3571 2134 3646; x_wconf 89' lang='lat' dir='ltr'>sione,</span> <span class='ocrx_word' id='word_1_442' title='bbox 2200 3569 2325 3635; x_wconf 90' lang='lat' dir='ltr'>nisi</span> <span class='ocrx_word' id='word_1_443' title='bbox 2367 3570 2529 3635; x_wconf 86' lang='lat' dir='ltr'>forte</span> <span class='ocrx_word' id='word_1_444' title='bbox 2588 3569 3053 3657; x_wconf 87' lang='lat' dir='ltr'>intelligendus</span> <span class='ocrx_word' id='word_1_445' title='bbox 3113 3570 3223 3652; x_wconf 90' lang='lat' dir='ltr'>sit,</span> <span class='ocrx_word' id='word_1_446' title='bbox 3286 3570 3463 3639; x_wconf 85' lang='lat' dir='ltr'>illam</span> 
     </span>
     <span class='ocr_line' id='line_1_75' title="bbox 1925 3685 3478 3753; baseline 0.001 -2"><span class='ocrx_word' id='word_1_447' title='bbox 1925 3685 2380 3752; x_wconf 85' lang='lat' dir='ltr'>remissionem</span> <span class='ocrx_word' id='word_1_448' title='bbox 2450 3706 2578 3751; x_wconf 89' lang='lat' dir='ltr'>uon</span> <span class='ocrx_word' id='word_1_449' title='bbox 2658 3685 2864 3752; x_wconf 80' lang='lat' dir='ltr'>fuisse</span> <span class='ocrx_word' id='word_1_450' title='bbox 2944 3685 3161 3752; x_wconf 88' lang='lat' dir='ltr'>datam</span> <span class='ocrx_word' id='word_1_451' title='bbox 3233 3686 3478 3753; x_wconf 87' lang='lat' dir='ltr'>virtute</span> 
     </span>
     <span class='ocr_line' id='line_1_76' title="bbox 1923 3801 3475 3888; baseline 0.001 -22"><span class='ocrx_word' id='word_1_452' title='bbox 1923 3801 2264 3887; x_wconf 84' lang='lat' dir='ltr'>Baptismi,</span> <span class='ocrx_word' id='word_1_453' title='bbox 2300 3802 2413 3868; x_wconf 91' lang='lat' dir='ltr'>sed</span> <span class='ocrx_word' id='word_1_454' title='bbox 2447 3801 2881 3879; x_wconf 85' lang='lat' dir='ltr'>Poenitentiae,</span> <span class='ocrx_word' id='word_1_455' title='bbox 2936 3818 3132 3888; x_wconf 87' lang='lat' dir='ltr'>atque</span> <span class='ocrx_word' id='word_1_456' title='bbox 3167 3801 3330 3869; x_wconf 90' lang='lat' dir='ltr'>adeo</span> <span class='ocrx_word' id='word_1_457' title='bbox 3378 3802 3475 3868; x_wconf 89' lang='lat' dir='ltr'>in·</span> 
     </span>
     <span class='ocr_line' id='line_1_77' title="bbox 1926 3917 3479 4005; baseline 0.002 -23"><span class='ocrx_word' id='word_1_458' title='bbox 1926 3917 2194 3985; x_wconf 89' lang='lat' dir='ltr'>tendere</span> <span class='ocrx_word' id='word_1_459' title='bbox 2236 3919 2632 4005; x_wconf 87' lang='lat' dir='ltr'>Baptismum</span> <span class='ocrx_word' id='word_1_460' title='bbox 2672 3918 2963 3998; x_wconf 76' lang='lat' dir='ltr'>loannis,</span> <span class='ocrx_word' id='word_1_461' title='bbox 3008 3917 3121 4005; x_wconf 91' lang='lat' dir='ltr'>qui</span> <span class='ocrx_word' id='word_1_462' title='bbox 3166 3917 3288 3984; x_wconf 79' lang='lat' dir='ltr'>fuit</span> <span class='ocrx_word' id='word_1_463' title='bbox 3332 3922 3479 3985; x_wconf 89' lang='lat' dir='ltr'>Poe-</span> 
     </span>
     <span class='ocr_line' id='line_1_78' title="bbox 1925 4032 3475 4120; baseline 0.003 -25"><span class='ocrx_word' id='word_1_464' title='bbox 1925 4032 2218 4100; x_wconf 83' lang='lat' dir='ltr'>nitentiae</span> <span class='ocrx_word' id='word_1_465' title='bbox 2268 4035 2332 4100; x_wconf 90' lang='lat' dir='ltr'>in</span> <span class='ocrx_word' id='word_1_466' title='bbox 2384 4035 2841 4101; x_wconf 89' lang='lat' dir='ltr'>remissionem</span> <span class='ocrx_word' id='word_1_467' title='bbox 2907 4046 3346 4120; x_wconf 89' lang='lat' dir='ltr'>peccatorum,</span> <span class='ocrx_word' id='word_1_468' title='bbox 3386 4034 3475 4101; x_wconf 89' lang='lat' dir='ltr'>ita</span> 
     </span>
     <span class='ocr_line' id='line_1_79' title="bbox 1929 4151 3478 4237; baseline 0.001 -22"><span class='ocrx_word' id='word_1_469' title='bbox 1929 4165 1998 4215; x_wconf 93' lang='lat' dir='ltr'>ut</span> <span class='ocrx_word' id='word_1_470' title='bbox 2053 4151 2222 4218; x_wconf 84' lang='lat' dir='ltr'>alius</span> <span class='ocrx_word' id='word_1_471' title='bbox 2262 4151 2633 4237; x_wconf 89' lang='lat' dir='ltr'>Baptismus</span> <span class='ocrx_word' id='word_1_472' title='bbox 2676 4171 2804 4216; x_wconf 93' lang='lat' dir='ltr'>non</span> <span class='ocrx_word' id='word_1_473' title='bbox 2837 4152 3034 4218; x_wconf 87' lang='lat' dir='ltr'>fuerit</span> <span class='ocrx_word' id='word_1_474' title='bbox 3070 4152 3134 4216; x_wconf 91' lang='lat' dir='ltr'>in</span> <span class='ocrx_word' id='word_1_475' title='bbox 3194 4172 3318 4218; x_wconf 93' lang='lat' dir='ltr'>usu</span> <span class='ocrx_word' id='word_1_476' title='bbox 3358 4171 3478 4217; x_wconf 91' lang='lat' dir='ltr'>an-</span> 
     </span>
     <span class='ocr_line' id='line_1_80' title="bbox 1924 4266 3477 4353; baseline 0.001 -22"><span class='ocrx_word' id='word_1_477' title='bbox 1924 4277 1987 4332; x_wconf 88' lang='lat' dir='ltr'>te</span> <span class='ocrx_word' id='word_1_478' title='bbox 2019 4268 2587 4333; x_wconf 89' lang='lat' dir='ltr'>resurrectionem.</span> <span class='ocrx_word' id='word_1_479' title='bbox 2656 4267 2785 4332; x_wconf 90' lang='lat' dir='ltr'>Sed</span> <span class='ocrx_word' id='word_1_480' title='bbox 2831 4266 3052 4333; x_wconf 88' lang='lat' dir='ltr'>nescio</span> <span class='ocrx_word' id='word_1_481' title='bbox 3125 4287 3328 4353; x_wconf 87' lang='lat' dir='ltr'>quare</span> <span class='ocrx_word' id='word_1_482' title='bbox 3378 4288 3477 4333; x_wconf 90' lang='lat' dir='ltr'>se-</span> 
     </span>
     <span class='ocr_line' id='line_1_81' title="bbox 1928 4380 3480 4470; baseline 0.001 -23"><span class='ocrx_word' id='word_1_483' title='bbox 1928 4395 2108 4470; x_wconf 88' lang='lat' dir='ltr'>paret</span> <span class='ocrx_word' id='word_1_484' title='bbox 2151 4380 2687 4469; x_wconf 82' lang='lat' dir='ltr'>justificationem</span> <span class='ocrx_word' id='word_1_485' title='bbox 2734 4402 2768 4447; x_wconf 88' lang='lat' dir='ltr'>a</span> <span class='ocrx_word' id='word_1_486' title='bbox 2802 4381 3193 4448; x_wconf 85' lang='lat' dir='ltr'>remissione</span> <span class='ocrx_word' id='word_1_487' title='bbox 3248 4402 3480 4468; x_wconf 88' lang='lat' dir='ltr'>pecca-</span> 
     </span>
     <span class='ocr_line' id='line_1_82' title="bbox 1926 4497 3477 4584; baseline 0.001 -21"><span class='ocrx_word' id='word_1_488' title='bbox 1926 4497 2001 4577; x_wconf 89' lang='lat' dir='ltr'>ti,</span> <span class='ocrx_word' id='word_1_489' title='bbox 2076 4499 2219 4564; x_wconf 91' lang='lat' dir='ltr'>sive</span> <span class='ocrx_word' id='word_1_490' title='bbox 2267 4519 2380 4583; x_wconf 92' lang='lat' dir='ltr'>per</span> <span class='ocrx_word' id='word_1_491' title='bbox 2423 4498 2896 4584; x_wconf 83' lang='lat' dir='ltr'>poenitentiam,</span> <span class='ocrx_word' id='word_1_492' title='bbox 2959 4499 3100 4564; x_wconf 90' lang='lat' dir='ltr'>sive</span> <span class='ocrx_word' id='word_1_493' title='bbox 3131 4499 3257 4566; x_wconf 87' lang='lat' dir='ltr'>alio</span> <span class='ocrx_word' id='word_1_494' title='bbox 3287 4497 3477 4566; x_wconf 93' lang='lat' dir='ltr'>modo</span> 
     </span>
     <span class='ocr_line' id='line_1_83' title="bbox 1926 4613 3478 4701; baseline 0.002 -23"><span class='ocrx_word' id='word_1_495' title='bbox 1926 4613 2256 4691; x_wconf 83' lang='lat' dir='ltr'>habitam;</span> <span class='ocrx_word' id='word_1_496' title='bbox 2292 4613 2607 4700; x_wconf 88' lang='lat' dir='ltr'>quidquid</span> <span class='ocrx_word' id='word_1_497' title='bbox 2653 4615 2761 4693; x_wconf 89' lang='lat' dir='ltr'>sit,</span> <span class='ocrx_word' id='word_1_498' title='bbox 2828 4627 3052 4681; x_wconf 89' lang='lat' dir='ltr'>auctor</span> <span class='ocrx_word' id='word_1_499' title='bbox 3098 4627 3198 4680; x_wconf 92' lang='lat' dir='ltr'>est</span> <span class='ocrx_word' id='word_1_500' title='bbox 3241 4635 3478 4701; x_wconf 92' lang='lat' dir='ltr'>suspe-</span> 
     </span>
     <span class='ocr_line' id='line_1_84' title="bbox 1925 4728 3483 4816; baseline 0.002 -22"><span class='ocrx_word' id='word_1_501' title='bbox 1925 4742 2047 4795; x_wconf 81' lang='lat' dir='ltr'>ctae</span> <span class='ocrx_word' id='word_1_502' title='bbox 2089 4728 2265 4808; x_wconf 83' lang='lat' dir='ltr'>fidei,</span> <span class='ocrx_word' id='word_1_503' title='bbox 2319 4744 2515 4816; x_wconf 83' lang='lat' dir='ltr'>atque</span> <span class='ocrx_word' id='word_1_504' title='bbox 2557 4729 2622 4794; x_wconf 91' lang='lat' dir='ltr'>in</span> <span class='ocrx_word' id='word_1_505' title='bbox 2676 4731 2799 4796; x_wconf 87' lang='lat' dir='ltr'>hoc</span> <span class='ocrx_word' id='word_1_506' title='bbox 2829 4730 2973 4816; x_wconf 91' lang='lat' dir='ltr'>ipso</span> <span class='ocrx_word' id='word_1_507' title='bbox 3025 4731 3188 4797; x_wconf 80' lang='lat' dir='ltr'>forte</span> <span class='ocrx_word' id='word_1_508' title='bbox 3219 4732 3483 4797; x_wconf 87' lang='lat' dir='ltr'>denotat</span> 
     </span>
     <span class='ocr_line' id='line_1_85' title="bbox 1920 4844 3471 4932; baseline 0.001 -22"><span class='ocrx_word' id='word_1_509' title='bbox 1920 4844 2246 4931; x_wconf 86' lang='lat' dir='ltr'>justitiam</span> <span class='ocrx_word' id='word_1_510' title='bbox 2280 4865 2425 4910; x_wconf 92' lang='lat' dir='ltr'>esse</span> <span class='ocrx_word' id='word_1_511' title='bbox 2455 4844 2520 4909; x_wconf 90' lang='lat' dir='ltr'>in</span> <span class='ocrx_word' id='word_1_512' title='bbox 2569 4846 2704 4910; x_wconf 86' lang='lat' dir='ltr'>sola</span> <span class='ocrx_word' id='word_1_513' title='bbox 2745 4845 3131 4911; x_wconf 89' lang='lat' dir='ltr'>remissione</span> <span class='ocrx_word' id='word_1_514' title='bbox 3174 4859 3471 4932; x_wconf 89' lang='lat' dir='ltr'>peceato-</span> 
     </span>
     <span class='ocr_line' id='line_1_86' title="bbox 1930 4959 3482 5049; baseline 0.001 -23"><span class='ocrx_word' id='word_1_515' title='bbox 1930 4982 2098 5039; x_wconf 89' lang='lat' dir='ltr'>rum,</span> <span class='ocrx_word' id='word_1_516' title='bbox 2139 4973 2208 5027; x_wconf 93' lang='lat' dir='ltr'>ut</span> <span class='ocrx_word' id='word_1_517' title='bbox 2242 4959 2541 5047; x_wconf 88' lang='lat' dir='ltr'>Pelagius</span> <span class='ocrx_word' id='word_1_518' title='bbox 2572 4959 2813 5041; x_wconf 88' lang='lat' dir='ltr'>docuit,</span> <span class='ocrx_word' id='word_1_519' title='bbox 2860 4961 3137 5049; x_wconf 90' lang='lat' dir='ltr'>ideoque</span> <span class='ocrx_word' id='word_1_520' title='bbox 3180 4974 3482 5049; x_wconf 89' lang='lat' dir='ltr'>suspecta</span> 
     </span>
     <span class='ocr_line' id='line_1_87' title="bbox 1929 5076 3469 5165; baseline 0.003 -23"><span class='ocrx_word' id='word_1_521' title='bbox 1929 5078 2089 5143; x_wconf 85' lang='lat' dir='ltr'>mihi</span> <span class='ocrx_word' id='word_1_522' title='bbox 2146 5088 2301 5143; x_wconf 93' lang='lat' dir='ltr'>sunt</span> <span class='ocrx_word' id='word_1_523' title='bbox 2360 5078 2469 5142; x_wconf 85' lang='lat' dir='ltr'>illa</span> <span class='ocrx_word' id='word_1_524' title='bbox 2520 5078 2716 5143; x_wconf 89' lang='lat' dir='ltr'>verba</span> <span class='ocrx_word' id='word_1_525' title='bbox 2768 5076 2995 5144; x_wconf 90' lang='lat' dir='ltr'>ultima</span> <span class='ocrx_word' id='word_1_526' title='bbox 3028 5079 3213 5165; x_wconf 87' lang='lat' dir='ltr'>ejus:</span> <span class='ocrx_word' id='word_1_527' title='bbox 3278 5079 3469 5154; x_wconf 78' lang='lat' dir='ltr'>Quod</span> 
     </span>
     <span class='ocr_line' id='line_1_88' title="bbox 1925 5195 3471 5281; baseline -0.001 -22"><span class='ocrx_word' id='word_1_528' title='bbox 1925 5195 2225 5279; x_wconf 69' lang='lat' dir='ltr'>Spiritus</span> <span class='ocrx_word' id='word_1_529' title='bbox 2297 5205 2562 5259; x_wconf 71' lang='lat' dir='ltr'>sanctus</span> <span class='ocrx_word' id='word_1_530' title='bbox 2607 5195 2694 5258; x_wconf 80' lang='lat' dir='ltr'>sil</span> <span class='ocrx_word' id='word_1_531' title='bbox 2745 5196 3035 5279; x_wconf 73' lang='lat' dir='ltr'>sz‘qnum,</span> <span class='ocrx_word' id='word_1_532' title='bbox 3101 5195 3276 5281; x_wconf 76' lang='lat' dir='ltr'>quod</span> <span class='ocrx_word' id='word_1_533' title='bbox 3332 5196 3471 5261; x_wconf 75' lang='lat' dir='ltr'>sint</span> 
     </span>
     <span class='ocr_line' id='line_1_89' title="bbox 1921 5310 3473 5395; baseline 0.002 -21"><span class='ocrx_word' id='word_1_534' title='bbox 1921 5310 2315 5395; x_wconf 75' lang='lat' dir='ltr'>recipientes</span> <span class='ocrx_word' id='word_1_535' title='bbox 2341 5310 2479 5393; x_wconf 79' lang='grc' dir='ltr'>[ῑίἰί</span> <span class='ocrx_word' id='word_1_536' title='bbox 2517 5310 2655 5387; x_wconf 77' lang='lat' dir='ltr'>Dei,</span> <span class='ocrx_word' id='word_1_537' title='bbox 2695 5329 2842 5374; x_wconf 88' lang='lat' dir='ltr'>cum</span> <span class='ocrx_word' id='word_1_538' title='bbox 2895 5310 3112 5394; x_wconf 92' lang='lat' dir='ltr'>potius</span> <span class='ocrx_word' id='word_1_539' title='bbox 3155 5310 3473 5377; x_wconf 89' lang='lat' dir='ltr'>constitu-</span> 
     </span>
     <span class='ocr_line' id='line_1_90' title="bbox 1922 5423 3474 5513; baseline 0.002 -23"><span class='ocrx_word' id='word_1_540' title='bbox 1922 5436 1986 5490; x_wconf 88' lang='lat' dir='ltr'>at</span> <span class='ocrx_word' id='word_1_541' title='bbox 2029 5423 2198 5490; x_wconf 79' lang='lat' dir='ltr'>filios</span> <span class='ocrx_word' id='word_1_542' title='bbox 2242 5423 2376 5502; x_wconf 90' lang='lat' dir='ltr'>Dei,</span> <span class='ocrx_word' id='word_1_543' title='bbox 2416 5438 2480 5490; x_wconf 88' lang='lat' dir='ltr'>et</span> <span class='ocrx_word' id='word_1_544' title='bbox 2531 5423 2898 5510; x_wconf 89' lang='lat' dir='ltr'>intelligere</span> <span class='ocrx_word' id='word_1_545' title='bbox 2926 5423 3188 5490; x_wconf 83' lang='lat' dir='ltr'>videtur</span> <span class='ocrx_word' id='word_1_546' title='bbox 3218 5425 3298 5491; x_wconf 91' lang='lat' dir='ltr'>de</span> <span class='ocrx_word' id='word_1_547' title='bbox 3330 5426 3474 5513; x_wconf 93' lang='lat' dir='ltr'>Spi-</span> 
     </span>
     <span class='ocr_line' id='line_1_91' title="bbox 1924 5539 3456 5635; baseline 0.001 -28"><span class='ocrx_word' id='word_1_548' title='bbox 1924 5542 2053 5607; x_wconf 93' lang='lat' dir='ltr'>ritu</span> <span class='ocrx_word' id='word_1_549' title='bbox 2103 5540 2525 5608; x_wconf 89' lang='lat' dir='ltr'>invisibiliter</span> <span class='ocrx_word' id='word_1_550' title='bbox 2562 5539 2712 5608; x_wconf 84' lang='lat' dir='ltr'>dato</span> <span class='ocrx_word' id='word_1_551' title='bbox 2752 5561 2866 5631; x_wconf 91' lang='lat' dir='ltr'>per</span> <span class='ocrx_word' id='word_1_552' title='bbox 2908 5540 3183 5608; x_wconf 82' lang='lat' dir='ltr'>formam</span> <span class='ocrx_word' id='word_1_553' title='bbox 3235 5543 3456 5635; x_wconf 84' lang='lat' dir='ltr'>Bapti-</span> 
     </span>
    </p>
   </div>
  </div>
 </body>
</html>
