4255 6375
643 423 725 485 40
1817 434 1961 495 LlB.
2010 435 2107 495 lv.
2155 432 2750 500 SENTENTIARUM

652 591 874 652 turalis
930 610 1051 669 per
1089 597 1395 659 virtutem
1448 602 1757 673 creatam,
1823 615 2007 679 ergo,
2073 602 2202 658 etc.

302 720 622 791 Quissensus
653 708 793 767 Haec
851 710 1112 780 Doctor‚
1173 714 1591 793 subjungens
1657 714 1819 776 illud
1876 716 2200 794 vulgare:

338 783 593 913 prfflffigst
653 826 822 886 Inter
851 832 1357 892 contradictoria
1419 850 1548 894 esse
1606 833 1925 908 infinitam
1967 833 2203 894 distan-

306 910 625 1022 {ssffictgssssff
654 940 838 1013 tiam,
872 942 1255 1022 simpliciter
1282 944 1515 1009 falsum
1568 964 1737 1020 esse,
1773 946 1827 1006 si
1881 948 2197 1028 intelliga-

416 1039 519 1084 etc.
657 1060 760 1117 tur
792 1057 873 1119 de
920 1058 1217 1124 distantia
1253 1065 1697 1142 perfectioniS,
1721 1082 1948 1126 verum
1982 1071 2202 1126 autem

656 1177 776 1246 est,
830 1175 881 1235 si
927 1174 1010 1237 de
1071 1176 1373 1242 distantia
1438 1182 2090 1255 indeterminationiS‚
2140 1181 2207 1243 id

655 1294 775 1357 est.
841 1308 990 1370 quae
1038 1297 1328 1358 excludit
1376 1300 1750 1371 terminum,
1814 1298 1960 1377 quia
2038 1302 2205 1361 sicut

653 1408 831 1469 nulla
864 1416 964 1471 est
1009 1414 1518 1477 communicatio
1564 1416 1733 1477 inter
1776 1423 2087 1487 extrema,
2121 1416 2209 1478 ila

654 1524 959 1601 quaelibet
990 1524 1292 1592 distantia
1328 1530 1568 1594 sufficit
1597 1532 1680 1594 ad
1741 1550 2079 1595 recessum
2126 1534 2206 1594 ab

652 1656 784 1701 uno
819 1642 902 1703 ad
936 1645 1238 1719 alterum,
1270 1664 1491 1725 neque
1526 1647 1828 1710 distantia
1862 1655 2205 1729 quantum-

665 1772 947 1837 cumque
992 1777 1232 1841 magna
1286 1764 1548 1827 excedit
1610 1770 1898 1826 extrema
1946 1768 2209 1827 contra-

655 1869 978 1937 dictionis.

450 2008 530 2060 34.
738 1988 1013 2068 Subjicit
1069 1989 1312 2053 deinde
1370 1994 1876 2070 responsionem
1920 1992 2004 2054 ad
2033 1994 2209 2056 illam

658 2104 1003 2176 rationem,
1081 2106 1363 2186 ejusque
1430 2110 1853 2185 probationes
1927 2127 1943 2169 ε
2011 2109 2209 2170 Nulla

648 2223 939 2295 potentia
1007 2229 1212 2298 potest
1280 2241 1475 2301 super
1544 2228 1852 2288 distantia
1929 2227 2204 2302 infinita,

655 2332 785 2391 nisi
798 2336 1092 2406 potencia
1123 2335 1375 2408 infinita
1400 2358 1420 2409 ;
1467 2340 1579 2399 sed
1608 2341 1774 2398 inter
1800 2355 1906 2398 ens
1934 2344 1987 2398 et
2017 2338 2205 2411 nihil,

659 2450 781 2507 etc.
818 2448 1198 2524 Respondet
1239 2451 1586 2512 Durandus
1630 2454 1695 2511 in
1735 2454 1797 2513 2.
1829 2455 1890 2513 d.
1946 2456 1998 2514 1.
2049 2469 2109 2529 q.
2142 2454 2204 2513 4.

332 2540 612 2606 ¹³0⁸P⁰¹¹⁵⁵⁰
660 2566 727 2622 et
770 2562 1032 2625 Gabriel
1076 2565 1313 2627 ibidem
1373 2584 1432 2642 q.
1499 2569 1557 2627 4.
1624 2574 1747 2629 art.
1815 2571 1871 2628 3.
1938 2569 2087 2629 dub.
2149 2573 2203 2630 1.

341 2602 599 2659 Durandi,

310 2665 630 2717 etGabrielis
658 2676 966 2756 negando
1009 2695 1276 2740 omnem
1325 2680 1695 2742 distantiam
1767 2683 1938 2743 inter
1986 2698 2095 2743 ens
2143 2688 2210 2745 et

338 2732 593 2793 repmtur.
654 2790 842 2863 nihil,
902 2792 1055 2869 quia
1112 2797 1298 2869 putat
1373 2794 1721 2855 Dux-andus
1807 2799 2204 2858 creationem

654 2921 787 2966 non
818 2906 1062 2968 habere
1096 2910 1279 2982 nilzil,
1317 2926 1432 2988 pro
1470 2912 1743 2972 termino
1803 2929 1843 2972 a
1891 2929 2040 2988 que,
2085 2913 2207 2974 sed

657 3022 835 3080 exire
883 3018 1118 3081 dicitur
1179 3021 1262 3083 de
1322 3023 1544 3097 nihi10,
1604 3023 1672 3085 id
1732 3029 1852 3097 est,
1940 3027 2023 3086 de
2072 3043 2205 3088 non

658 3135 906 3214 aliquo.
952 3137 1194 3198 Verum
1225 3136 1543 3218 frequens
1604 3138 1899 3203 doctrina
1947 3142 2208 3204 Patrum

659 3257 783 3325 est,
853 3257 1219 3313 creaturam
1278 3255 1670 3331 productam
1729 3273 1875 3318 esse
1924 3259 2207 3335 primum

654 3383 736 3428 ex
765 3368 987 3442 nihile,
1042 3384 1323 3448 eamque
1369 3387 1516 3432 esse
1549 3388 1630 3432 ex
1670 3373 1887 3443 nihilo,
1939 3381 2005 3435 et
2045 3392 2203 3452 sup·

652 3490 908 3561 ponunt
963 3485 1343 3547 scholastici
1376 3489 1728 3549 terminum
1797 3509 1835 3550 a
1893 3507 2017 3566 quo
2060 3507 2201 3552 cre·

656 3601 889 3662 ationis
948 3617 1095 3662 esse
1165 3603 1350 3664 nihil.

740 3712 893 3776 Ideo
964 3718 1412 3795 respondetur
1474 3721 1704 3783 melius
1773 3723 2204 3802 intelligendo

658 3830 975 3908 majorem
1036 3832 1118 3894 de
1166 3831 1470 3896 distantia
1524 3839 1820 3913 positiva,
1883 3841 2206 3900 minorem

658 3942 889 4008 falsam
921 3963 1070 4008 esse
1102 3964 1185 4009 ex
1217 3948 1427 4012 dictiS.
1461 3951 1559 4012 Ad
1593 3954 1864 4029 primam
1913 3954 2200 4030 probati-

346 4055 603 4128 Distantia
659 4078 855 4125 onem
885 4067 1153 4126 minoris
1181 4068 1610 4144 respondent,
1638 4070 1805 4130 inter
1827 4087 1936 4132 ens
1957 4077 2023 4131 et
2045 4073 2207 4132 nihil

363 4133 584 4168 maxima

312 4179 609 4247 permissive
661 4180 800 4240 dari
844 4180 1212 4243 distantiam
1247 4184 1595 4244 maximam
1630 4188 2036 4262 permissive,
2072 4203 2206 4249 non

315 4250 367 4294 et
392 4242 625 4311 positive.
834 4301 845 4311 ·

657 4301 953 4374 positive.
1029 4298 1127 4360 Ad
1202 4300 1395 4360 aliam
1471 4306 1657 4378 patet
1704 4304 2205 4368 contradictoria

659 4430 1092 4497 quaecumque
1148 4433 1334 4496 aeque
1403 4418 1643 4481 distare
1686 4421 1907 4497 quoad
1950 4423 2200 4484 incom-

660 4534 1180 4612 possibilitatem‚
1229 4553 1361 4598 non
1412 4542 1634 4599 autem
1691 4537 1912 4616 quoad
1972 4557 2200 4603 exces-

657 4668 803 4712 sum
854 4651 1274 4729 perfectionis
1339 4670 1460 4717 seu
1546 4654 1913 4718 distantiam
1984 4658 2202 4735 positi-

656 4784 835 4840 vam;
886 4785 968 4831 ex
1014 4785 1142 4846 quo
1215 4774 1395 4848 patet
1450 4772 1533 4833 ad
1592 4773 1941 4850 reliquum.

335 3718 611 3785 Responsio

337 3783 594 3836 Doctoris.

333 4885 612 4998 R0⁸1gg¹²⁸³⁰
739 4905 836 4964 Ad
868 4900 1173 4965 eamdem
1228 4905 1577 4976 rationem,
1637 4911 1830 4982 prout
1887 4904 2206 4969 formatur

340 5011 632 5128 {fftissssffu’r
660 5036 692 5080 a
727 5023 800 5082 D.
825 5021 1065 5081 Thoma
1105 5018 1322 5099 quoad
1354 5020 1902 5096 improbationem
1935 5022 2195 5088 dictam.

314 5095 346 5129 υ
401 5094 534 5191 21).
664 5135 988 5207 concedit,
1022 5135 1199 5213 quod
1258 5135 1497 5198 nullius
1537 5139 1853 5215 potentia,
1916 5145 2042 5202 etc.
2116 5140 2200 5204 ad

339 5205 616 5338 Pssssssssssio
661 5255 1023 5328 potentiam
1067 5252 1243 5313 nulla
1302 5257 1403 5314 est
1435 5257 1796 5330 proportio,
1846 5260 1997 5334 quia
2054 5276 2202 5335 pro-

313 5337 389 5381 ‘⁸²
414 5334 610 5383 entmm
617 5369 629 5382 ⁰
660 5366 872 5446 portio
933 5371 1036 5428 est
1104 5370 1377 5440 entium,
1463 5386 1595 5431 non
1652 5376 1874 5432 autem
1945 5377 2202 5450 positivi

659 5483 743 5545 ad
789 5483 974 5555 nihil,
1005 5481 1158 5560 quia
1203 5488 1531 5563 proportio
1574 5486 1936 5549 attenditur
1991 5506 2201 5566 penes

659 5607 1116 5683 quantitatem,
1151 5625 1294 5687 quae
1323 5626 1454 5673 non
1488 5614 1801 5690 competit
1828 5616 2188 5695 negationi,

2318 596 2440 659 sed
2484 602 2768 678 negatur
2817 597 2972 660 inde
3025 599 3214 679 sequi
3261 601 3434 662 inter
3477 595 3866 675 potentiam,

2318 728 2460 789 quae
2504 719 2722 791 potest
2760 715 2822 775 in
2855 731 3062 776 unum
3094 721 3159 777 et
3192 715 3468 777 alterum
3498 730 3634 774 non
3668 726 3861 788 posse

2326 846 2472 890 esse
2505 830 3020 908 proportionem,
3054 834 3202 911 quia
3232 832 3330 892 hae
3372 836 3522 891 sunt
3552 828 3869 907 positivae;

2327 951 2494 1010 inter
2522 947 2797 1025 positiva
2828 952 3045 1009 autem
3077 963 3210 1011 non
3241 948 3481 1009 tollitur
3508 944 3869 1024 proportio,

2324 1066 2447 1127 nisi
2492 1064 2757 1145 quando
2789 1066 3063 1127 alterum
3097 1071 3464 1127 extremum
3513 1067 3615 1125 est
3656 1059 3868 1125 infini-

2322 1190 2478 1254 tum.
2533 1182 2712 1261 quod
2768 1184 2855 1245 ita
2904 1184 3076 1263 exigi
3134 1182 3216 1244 ad
3280 1184 3678 1244 creationem
3736 1192 3870 1239 non

2320 1301 2634 1377 probatur
2662 1299 2783 1361 bac
2844 1300 3124 1361 ratione.
3178 1297 3489 1375 Exemplo
3552 1272 4174 1383 declarabssggffifflgm

2321 1416 2501 1496 quod
2579 1416 2802 1496 puncti
2887 1424 3158 1494 propter
3256 1412 3870 1481 indivisibilitatem,
3988 1397 4120 1447 dum.

2320 1550 2453 1595 non
2527 1541 2624 1596 est
2676 1531 2808 1595 ulla
2868 1533 3201 1609 proportio
3249 1529 3332 1592 ad
3389 1531 3649 1603 lineam,
3726 1544 3874 1605 quae

2323 1654 2423 1711 est
2481 1653 2776 1721 extensa,
2840 1664 2973 1708 non
3002 1653 3181 1708 recte
3211 1646 3491 1708 infertur
3545 1644 3724 1724 quod
3754 1660 3869 1722 po·

2325 1767 2560 1836 tentiae,
2609 1781 2754 1845 quae
2806 1766 2872 1826 in
2943 1766 3291 1841 utramque
3349 1766 3649 1841 possunt,
3735 1777 3871 1822 non
4229 1800 4230 1847 ¹

2320 1886 2451 1945 slnt
2492 1886 3029 1962 proportionatae,
3071 1882 3202 1944 imo
3235 1878 3464 1942 eadem
3505 1879 3570 1940 in
3610 1882 3871 1940 utrum-

2324 2016 2446 2078 que
2489 2002 2726 2076 potest.

2403 2113 2754 2193 Cajetanus
2788 2117 3013 2176 contra
3065 2112 3236 2173 hanc
3284 2110 3680 2173 solutionem
3732 2111 3869 2172 eni·
4011 2136 4088 2186 35.

2326 2235 2493 2301 tens,
2545 2233 2734 2292 etiam
2809 2229 3128 2291 rationem
3174 2230 3579 2305 praemissam
3627 2223 3865 2287 confir·
3896 2199 4179 2334 ὶῃῗξὲξῖ,

2322 2363 2502 2409 mare
2575 2345 2812 2425 pergit,
2859 2345 3213 2407 advertens
3259 2343 3438 2422 quod
3495 2344 3658 2404 ratio
3731 2359 3868 2404 non
4010 2332 4077 2373 ¹¹⁰

2320 2462 2632 2525 fundatur
2685 2480 2889 2540 super
2950 2462 3465 2541 improportione
3537 2468 3867 2524 extremo-

2321 2596 2487 2649 rum,
2542 2583 2614 2640 ut
2658 2580 2888 2641 Scotus
2929 2578 3212 2652 simulat,
3259 2578 3378 2639 sed
3439 2583 3502 2639 in
3546 2577 3870 2655 principio

2320 2695 2766 2772 Peripatetico,
2812 2700 2884 2754 ut
2913 2691 3177 2770 quando
3209 2697 3363 2753 sunt
3394 2690 3523 2752 duo
3547 2701 3870 2765 extrema,

2322 2826 2602 2889 quorum
2632 2810 2901 2869 alterum
2951 2810 3185 2869 crescit
3220 2811 3495 2881 tantum,
3546 2811 3873 2884 quantum

2321 2927 2597 2988 alterum
2645 2925 3008 2993 decrescit:
3042 2925 3095 2984 si
3132 2923 3255 2984 hoc
3299 2923 3623 2985 decrescit
3653 2939 3873 3001 usque

2321 3042 2402 3103 ad
2496 3056 2628 3103 non
2716 3039 3018 3118 gradum,
3106 3039 3268 3100 illud
3353 3039 3584 3101 crescit
3666 3055 3872 3116 super

2321 3174 2585 3222 omnem
2644 3153 2947 3235 gradum.
3000 3154 3387 3231 Exemplum
3458 3159 3522 3216 et
3570 3154 3868 3232 probatio
3896 3193 4171 3257 Exemplum
4231 3235 4232 3240 ἵ

2319 3276 2510 3354 hujus
2555 3275 2832 3334 sumitur
2876 3287 2953 3332 ex
2999 3272 3057 3330 4.
3103 3271 3520 3345 Physicorum
3560 3276 3716 3330 text.
3762 3273 3868 3333 72.
3922 3257 3990 3306 ‘¹⁰
4017 3260 4158 3306 motu.
4231 3265 4232 3334 l

2320 3392 2624 3455 videlicet
2681 3388 2994 3448 velocitas
3053 3391 3270 3447 motus
3328 3391 3393 3446 et
3464 3384 3872 3461 corpulentia

2318 3508 2507 3587 spatii
2551 3510 2704 3567 sunt
2757 3504 2885 3565 duo
2949 3509 3263 3574 extrema,
3321 3500 3407 3562 ita
3439 3506 3512 3562 ut
3559 3502 3876 3563 velocitas

2321 3634 2570 3692 crescat
2599 3628 2664 3689 in
2702 3630 2905 3697 motu,
2946 3629 3259 3703 quantum
3323 3622 3729 3700 corpulentia
3763 3623 3875 3684 de-

2321 3749 2556 3812 crescit
2599 3750 2663 3809 in
2697 3744 2960 3822 spatio;
3025 3740 3203 3820 quod
3262 3741 3315 3800 si
3353 3740 3487 3801 haec
3533 3738 3882 3803 decrescat

2245 3925 2252 3931 .
2319 3885 2535 3946 usque
2567 3865 2651 3927 ad
2697 3881 2830 3926 non
2863 3861 3175 3942 gradum,
3205 3860 3520 3922 velocitas
3562 3865 3779 3921 motus
3809 3862 3877 3922 in

2318 3984 2426 4044 illo
2469 3978 2680 4057 spatio
2715 3979 2999 4055 augetur
3035 3973 3097 4036 in
3130 3972 3475 4035 infinitum.
3509 3976 3723 4053 Super
3749 3993 3883 4054 qua

2319 4101 2546 4179 regula
2596 4096 2907 4159 fundatur
2960 4107 3311 4173 processus
3354 4092 3753 4171 Philosophi,
3788 4095 3878 4156 ad

2319 4215 2733 4298 probandum
2761 4211 2938 4290 quod
2969 4216 3185 4270 motus
3218 4212 3280 4269 in
3315 4210 3509 4285 pleno
3565 4215 3632 4271 et
3658 4227 3869 4272 vacuo

2317 4338 2447 4398 sint
2502 4326 3154 4409 improportionales;
3212 4325 3300 4387 ita
3373 4342 3534 4405 ergo
3581 4327 3646 4388 in
3708 4344 3863 4405 pro-

2318 4453 2554 4530 posu0.

2396 4566 2690 4628 Adhanc
2748 4558 3107 4636 respondet
3159 4556 3450 4636 quidam,
3505 4572 3639 4619 non
3714 4576 3868 4622 esse

2313 4686 2629 4750 infinitam
2657 4680 3025 4742 distantiam
3048 4679 3217 4736 inter
3251 4681 3498 4736 motum
3534 4679 3601 4737 in
3629 4680 3869 4742 instan-
3911 4657 4168 4789 Rgggffiffi

2317 4807 2383 4873 ti.
2419 4801 2754 4864 etmotum
2783 4794 3028 4855 factum
3059 4794 3124 4854 in
3158 4794 3478 4869 tempore,
3503 4791 3625 4853 sed
3649 4792 3866 4855 differ·
3989 4787 4112 4836 ‘³⁸¹¹’-

2313 4940 2383 4984 re
2422 4925 2589 4984 sicut
2646 4918 2920 4979 diversae
2984 4912 3245 4990 species
3296 4912 3602 4991 ejusdem
3644 4930 3861 4994 gene-

2314 5040 2439 5110 ris;
2479 5053 2558 5096 ex
2592 5052 2720 5114 quo
2755 5049 2887 5094 non
2925 5030 3227 5108 sequitur
3278 5028 3561 5091 infinitas
3608 5033 3864 5096 virtutis

2316 5153 2383 5216 in
2439 5169 2542 5227 ρο,
2574 5153 2684 5230 qui
2716 5151 2937 5209 movet
2978 5147 3044 5206 in
3091 5159 3222 5208 non
3251 5149 3570 5224 tempore.

2395 5271 2532 5330 llaec
2567 5264 2858 5327 doctrina
2890 5277 3044 5325 vera
3105 5265 3228 5333 est,
3288 5262 3721 5342 intelligendo
3755 5281 3866 5326 an·
3895 5320 4175 5388 Exponitur.

2320 5387 2633 5449 tecedens
2697 5384 2810 5456 sic,
2884 5385 2959 5442 ut
3015 5382 3418 5457 comparatio
3491 5379 3599 5442 fiat
3647 5388 3867 5444 motus

2314 5500 2664 5562 successivi
2738 5500 2804 5557 et
2875 5494 3265 5557 instantanei
3371 5501 3689 5571 quantum
3775 5498 3864 5560 ad

2318 5616 2700 5683 realitatem‚
2749 5625 2883 5671 non
2932 5623 3088 5671 vero
3136 5612 3454 5686 quantum
3486 5608 3569 5670 ad
3599 5626 3862 5673 succes·
