4255 6375
1476 406 1676 468 DlS'r.
1722 407 1850 466 vn.
1896 405 2260 480 QUAESTIO
2297 407 2343 467 l.

69 558 287 672 Οζςξίᾞῃ
354 565 828 658 sionemPetri
874 569 1100 635 referri
1151 568 1229 634 ad
1292 568 1577 634 medium
1644 567 1903 632 ordina-

69 685 308 796 ffffiti'
355 679 549 758 rium,
596 683 767 768 quod
803 683 863 748 in
902 695 1216 770 potestate
1284 685 1403 749 fuit
1464 682 1902 770 promittentis

71 809 208 893 tare
355 797 700 883 applicare,
802 821 931 886 quo
1037 802 1522 868 communicare
1606 809 1904 887 poterant

71 879 270 1046 giga}
354 915 644 1001 Apostoli
722 917 1035 1002 Spiritum
1083 930 1377 985 sanctum
1432 938 1546 1003 per
1585 916 1902 1001 impositi-

71 1013 125 1046 lc
158 1013 263 1046 uu]

76 1060 309 1114 buum„
351 1051 541 1097 onem
605 1052 915 1099 manuum
947 1058 960 1112 ;
1017 1034 1188 1122 quod
1221 1035 1582 1120 explicatur
1614 1032 1896 1112 abunde,

350 1148 495 1213 Ace.
542 1150 605 1213 8.
652 1160 711 1213 ct
749 1152 848 1217 19.
928 1161 991 1216 et
1041 1151 1164 1216 hoe
1212 1149 1382 1216 idem
1447 1150 1589 1236 ipso
1639 1148 1896 1227 effectu,

347 1264 492 1328 Act.
531 1266 593 1329 Ξ.
668 1265 1061 1332 insinuatur.
1135 1267 1338 1346 Unde,
1410 1266 1712 1352 quamvis
1775 1286 1900 1330 non

344 1379 642 1466 legamus
696 1381 1196 1467 promissionem
1235 1383 1403 1448 Petri
1448 1382 1653 1448 fuisse
1691 1381 1902 1446 adim-

348 1496 588 1582 pletam
621 1498 933 1582 praedicto
976 1499 1139 1577 loc0,
1196 1499 1275 1564 (le
1314 1519 1386 1564 ea
1437 1510 1648 1563 tamen
1708 1510 1902 1583 atquo

346 1613 495 1698 ejus
540 1613 814 1681 veritate
872 1615 936 1679 in
1005 1615 1237 1682 effectu
1315 1636 1443 1679 non
1496 1613 1895 1691 dubitamuS,

350 1730 656 1816 quamvis
698 1729 758 1794 id
813 1751 941 1795 non
983 1732 1420 1817 exprimatur.

449 1821 580 1920 Qui
608 1867 784 1930 erqo,
825 1846 1057 1932 inquit,
1102 1858 1493 1933 receperunt
1538 1868 1902 1912 sermonem

346 1964 518 2047 ejus,
557 1962 887 2048 baptizati
928 1974 1103 2044 sunt,
1140 1975 1200 2028 ec
1248 1965 1575 2050 apposita,²
1619 1975 1772 2028 siml
1830 1964 1897 2027 in

344 2079 461 2145 die
489 2080 733 2143 anima?
761 2080 1027 2144 circite-1·
1059 2082 1192 2144 tria
1261 2081 1505 2158 millia,
1562 2093 1684 2144 etc.
1758 2079 1899 2165 qui-

350 2193 477 2259 bus
511 2214 636 2257 non
673 2194 1063 2278 exprimitur
1092 2195 1263 2260 datio
1297 2194 1575 2260 visibilis
1616 2195 1898 2281 Spiritus

343 2309 576 2374 sancti.
609 2310 673 2373 Si
706 2330 863 2396 ergo
896 2308 1052 2373 illud
1094 2330 1171 2374 ex
1233 2309 1668 2396 promissione
1722 2295 1900 2376 Petri

345 2423 758 2491 sufficienter
815 2425 1230 2512 intelligitur,
1286 2426 1372 2490 ita
1419 2427 1611 2491 etiam
1664 2449 1741 2492 cx
1793 2449 1896 2493 ea-

345 2542 495 2607 dem
539 2541 994 2628 promissione,
1034 2563 1180 2629 quae
1211 2542 1511 2608 effectum
1545 2543 1897 2610 Confirma-

348 2658 549 2724 tionis
580 2659 869 2745 exponit,
928 2669 1231 2746 tanquam
1288 2660 1622 2725 materiam
1682 2660 1887 2750 subje-

342 2789 515 2841 ctam
553 2775 996 2863 promissioni,
1027 2788 1088 2843 et
1137 2797 1217 2842 ex
1273 2777 1679 2841 connexione
1722 2776 1889 2859 facti,

339 2915 458 2961 seu
515 2915 674 2959 usus
736 2893 1079 2981 utriusque
1126 2892 1895 2980 Sac1²amenti,(servato

334 3009 555 3076 debito
587 3009 859 3097 ordine)
887 3009 997 3096 qui
1029 3030 1109 3075 ex
1150 3009 1294 3075 aliis
1326 3009 1487 3074 locis
1512 3011 1647 3095 jam
1680 3010 1891 3075 citatis

335 3125 692 3213 Scripturae
725 3125 1132 3213 intelligitur,
1175 3125 1259 3191 ita
1299 3125 1520 3205 etiam,
1595 3126 1885 3214 inquam,

330 3243 727 3309 sufficienter
801 3242 1188 3328 intelligitur
1267 3264 1461 3309 causa
1513 3244 1653 3329 ipsa
1716 3244 1891 3311 illius

335 3361 630 3439 effectuS,
676 3380 824 3446 quoe
857 3359 977 3424 fuit
1036 3360 1366 3446 impositio
1424 3381 1682 3440 manus,
1737 3362 1888 3448 quia

327 3477 519 3541 aliter
554 3475 729 3542 hunc
761 3475 913 3540 dare
957 3496 1082 3541 non
1146 3488 1442 3562 poterant
1475 3477 1788 3562 Apostoli,
1827 3492 1890 3543 et

327 3605 490 3659 tunc
544 3593 829 3657 maxime
886 3592 1191 3675 congruit
1267 3613 1381 3678 per
1433 3593 1606 3677 ipsos
1666 3593 1886 3659 datum

331 3731 480 3776 esse
512 3709 824 3794 Spiritum
862 3718 1183 3785 sanctum,
1223 3719 1417 3795 atque
1451 3728 1565 3793 per
1600 3709 1883 3774 medium

328 3826 759 3910 ordinarium,
833 3847 961 3912 quo
992 3846 1216 3890 eorum
1265 3826 1615 3891 auctoritas
1676 3828 1885 3913 magis

333 3945 643 4021 eluceret,
695 3954 757 4009 et
828 3942 1171 4028 utriusque
1225 3943 1626 4007 Sacramenti
1677 3944 1889 4011 virtus

328 4083 445 4148 per
474 4061 738 4146 signum
776 4058 1187 4124 manifestata
1244 4058 1494 4123 facilius
1534 4059 1883 4126 adduceret

329 4177 616 4262 reliquos
649 4174 726 4240 ad
773 4174 1140 4251 veritatem,
1174 4185 1237 4239 et
1277 4188 1680 4240 sacramenta
1714 4176 1882 4243 salu-

328 4291 411 4355 tis
451 4289 926 4375 amplectenda.

422 4405 839 4494 Respondent
872 4404 1159 4471 secundo
1192 4405 1505 4485 haeretici,
1552 4406 1723 4472 illam
1759 4407 1878 4474 im-

73 4465 308 4639 argssiyasio
334 4523 723 4611 positionem
796 4542 1109 4588 manuum
1199 4520 1447 4587 nullum
1526 4524 1883 4592 contulisse

69 4605 285 4767 ῗπιιιῗρέιω.
333 4641 603 4722 donum,
648 4639 758 4705 sed
821 4640 1026 4705 fnisse
1104 4644 1351 4704 tantum
1421 4640 1879 4707 coeremoniam

71 4732 102 4764 ,Ε
144 4734 158 4765 1
187 4734 274 4771 ur.

336 4780 452 4846 per
494 4757 757 4824 modum
812 4756 1303 4844 approbationis
1355 4756 1704 4822 inductam.
1759 4756 1880 4821 Sed

336 4875 459 4940 hoe
528 4873 1028 4959 expressissime
1101 4886 1421 4959 repugnat
1504 4872 1876 4958 Scripturas,

331 4990 724 5056 ubidicitur
781 4990 927 5054 illos
999 4989 1325 5075 recepisse
1386 4989 1698 5075 Spiritum
1771 5009 1884 5072 per

333 5127 569 5174 manus
621 5106 1107 5191 impositionem
1152 5128 1166 5170 :
1223 5106 1304 5169 Ec
1345 5115 1702 5169 oraverim!
1757 5124 1882 5189 pro

330 5228 498 5313 ipsis
567 5235 639 5289 ἰαί
703 5227 1082 5310 accv‘pcrem
1147 5224 1480 5308 Spiritum
1533 5233 1878 5300 sanctum,·

322 5343 633 5408 nondum
670 5344 845 5407 enim
879 5344 952 5406 in
992 5362 1377 5427 quemquam
1446 5342 1717 5404 illorum
1776 5361 1877 5403 ve-

327 5468 547 5537 nera-c,
602 5458 719 5522 sed
759 5457 1087 5542 baptizati
1127 5469 1378 5521 tantu-m
1413 5466 1600 5519 erant
1662 5454 1733 5517 in
1764 5474 1880 5518 no·

323 5574 503 5639 mine
532 5572 811 5638 Domini
838 5571 989 5640 Jesu
1010 5595 1034 5653 ,·
1081 5576 1234 5637 tunc
1265 5567 1692 5657 imponebant
1727 5588 1874 5639 ma·

402 5804 453 5841 N

3466 402 3580 464 661

2016 587 2142 630 uus
2167 588 2368 652 super
2425 568 2600 646 illos,
2657 579 2719 632 ec
2758 568 3173 652 accipiebant
3239 567 3575 652 Spiritum

2015 695 2338 749 sanctu-m.
2389 685 2550 749 Cum
2591 684 2856 750 uidisset
2886 696 3102 749 (certem
3137 686 3374 750 Simon
3413 686 3570 769 quia

2014 817 2137 880 per
2165 800 2656 885 impositionem
2688 821 2928 864 mames
2961 801 3430 885 Apostolorum
3455 799 3569 864 da-

2016 924 2204 978 retur
2247 915 2547 1000 Spiritus
2591 926 2879 994 ssmelus,
2936 926 3063 980 etc.
3123 926 3186 979 et
3237 920 3372 980 Act.
3445 918 3553 980 19.

2017 1032 2102 1094 Ec
2143 1053 2290 1095 cum
2333 1034 2748 1118 imposuisset
2780 1033 2922 1096 illis
2987 1052 3224 1096 viantes
3285 1031 3565 1107 Paulus,

2015 1147 2196 1211 venie
2225 1148 2526 1233 Spiritus
2573 1158 2835 1212 semotus
2873 1169 3074 1232 super
3104 1168 3232 1227 eos,
3257 1158 3315 1209 et
3352 1147 3571 1231 loque·

2013 1263 2255 1328 bamur
2297 1265 2567 1349 linqui&
2607 1274 2666 1329 ec
2697 1264 3203 1350 prophetabant,
3245 1277 3369 1328 etc,
3411 1265 3565 1336 Ouae

2014 1379 2212 1444 verba
2253 1379 2611 1446 clarissima
2653 1393 2827 1459 sunt,
2878 1400 3004 1444 non
3059 1379 3181 1444 fuit
3243 1399 3400 1464 ergo
3451 1397 3568 1442 va—

2014 1515 2131 1560 cua
2172 1506 2232 1560 et
2262 1497 2431 1561 nuda
2473 1496 2614 1562 sine
2655 1497 2887 1563 effectu
2941 1496 3187 1561 visibili
3250 1516 3567 1561 caeremo-

2014 1612 2144 1689 nia,
2185 1612 2515 1697 impositio
2549 1612 2653 1677 illa
2689 1633 2921 1678 manus
2964 1611 3420 1697 Apostolorum
3455 1632 3567 1675 su-

2014 1749 2130 1813 per
2172 1728 2509 1812 baptizatis
2541 1741 2600 1794 et
2643 1728 3086 1795 credentibus

2103 1844 2522 1931 Respondent
2563 1847 2752 1911 tertio
2785 1867 2899 1932 per
2932 1865 3238 1911 manuum
3295 1847 3565 1932 imposi-

2012 1960 2256 2026 tionem
2318 1982 2446 2026 non
2537 1962 2828 2029 denotari
2871 1960 3131 2048 aliquod
3191 1964 3565 2028 Sacramen-

2012 2087 2151 2142 tum
2244 2078 2663 2144 sanctificans
2760 2078 3069 2156 animam,
3134 2078 3244 2142 sed
3321 2079 3566 2163 gratias

2010 2195 2220 2281 gratis
2290 2194 2493 2269 datas,
2575 2207 2638 2259 et
2705 2195 3014 2260 virtutem
3070 2194 3556 2274 miraculorum,

3678 1873 3851 1948 Tertia

3677 1954 3843 1988 evasio

3609 2001 3859 2054 refellitur
3870 2042 3880 2052 .

2012 2336 2141 2402 quo
2220 2316 2513 2402 Apostoli
2566 2316 2910 2382 fundarent
2997 2329 3060 2381 et
3105 2315 3568 2381 confirmarent

2012 2431 2368 2498 fidemSed
2405 2434 2550 2498 haee
2583 2433 2925 2518 responsio
2959 2433 3176 2518 inepta
3209 2445 3327 2512 est,
3351 2442 3412 2497 et
3437 2452 3564 2497 non

2011 2548 2358 2615 cohaerens
2401 2548 2604 2614 errori
2643 2550 3124 2627 haereticorum,
3182 2549 3292 2635 qui
3329 2562 3568 2633 negant

2010 2665 2204 2732 aliam
2248 2666 2562 2731 virtutem
2616 2666 2830 2733 inesse
2889 2665 3347 2745 SacramentiS,
3405 2685 3565 2752 prze-

2010 2789 2110 2844 ter
2155 2780 2358 2845 solam
2395 2780 2851 2846 excitationem
2887 2779 3061 2859 fidei,
3109 2801 3256 2866 quae
3298 2779 3565 2866 perinde

2009 2917 2123 2982 per
2171 2918 2403 2962 manus
2438 2897 2949 2983 impositionem,
3004 2908 3309 2983 tanquam
3361 2917 3561 2962 caere-

2008 3013 2298 3079 moniam
2370 3036 2448 3080 ex
2521 3014 2953 3101 institutione,
3022 3036 3150 3101 qua
3210 3016 3562 3080 utebantur

2007 3131 2331 3218 Apostoli,
2369 3129 2506 3197 fieri
2542 3131 2792 3217 potuit;
2839 3130 2890 3198 si
2933 3130 3107 3197 enim
3142 3131 3368 3197 babuit
3418 3129 3559 3197 effi-

2002 3246 2251 3315 caciam
2326 3248 2402 3312 ad
2463 3246 2859 3315 fundandam
2919 3260 2980 3313 et
3046 3246 3558 3314 confirmandam

2005 3364 2224 3444 fidem,
2262 3385 2296 3430 a
2330 3363 2580 3429 fortiori
2623 3384 2763 3429 eam
2806 3364 3152 3430 excitabat.

2094 3479 2341 3546 Deinde
2386 3500 2512 3543 non
2566 3479 2870 3565 congruit
2929 3479 3309 3564 Scripturae,
3349 3500 3560 3566 neque

2000 3594 2424 3682 promissioni
2494 3595 2761 3675 Christi,
2825 3597 3045 3674 Lis-cce,
3111 3598 3217 3659 24.
3290 3597 3432 3660 Act.
3491 3601 3552 3660 1.

2002 3712 2289 3776 Ioannis
2326 3715 2430 3775 14.
2482 3715 2584 3776 11.
2635 3724 2694 3775 et
2739 3714 2843 3777 16.
2879 3721 2939 3775 ec
2995 3711 3274 3775 Ioannis
3306 3716 3368 3778 7.
3415 3712 3552 3797 qui-

1998 3828 2120 3894 bus
2181 3827 2247 3891 in
2291 3827 2454 3892 locis
2489 3827 2893 3912 promittitur
2946 3826 3227 3912 Spiritus
3288 3838 3553 3892 sanetus

1995 3958 2060 4010 et
2092 3942 2422 4031 Apostolis
2463 3956 2526 4008 et
2576 3943 2879 4009 fidelibus
2919 3944 2984 4007 in
3042 3954 3361 4009 aeternum
3405 3966 3554 4029 per-

2000 4081 2350 4127 mansurus
2414 4059 2478 4124 in
2548 4059 2855 4140 Ecclesia,
2909 4059 3180 4126 daturus
3213 4059 3548 4137 virtutem,

1998 4177 2461 4265 baptizaturuS,
2506 4190 2628 4242 etc.
2683 4176 2921 4262 quibus
2953 4176 3295 4242 denotatur
3346 4178 3554 4241 abun-

1995 4293 2213 4361 dantia
2245 4293 2479 4379 gratiae
2522 4292 2986 4359 sanctificantis
3036 4314 3150 4379 per
3210 4292 3547 4379 Spiritum,

1995 4432 2143 4498 qua}
2176 4409 2546 4496 praesentim
2570 4410 2888 4495 corporali
2917 4409 3157 4474 Christi
3179 4409 3547 4494 praefertur,

1994 4527 2137 4613 ipso
2167 4526 2463 4608 docente,
2502 4537 2564 4590 et
2597 4538 2667 4591 ut
2698 4535 2934 4591 caetera
2967 4524 3371 4605 omittamus,
3408 4547 3554 4611 quae

1995 4664 2076 4709 ex
2131 4642 2235 4707 his
2315 4642 2472 4708 locis
2530 4642 2758 4708 crebro
2814 4642 3113 4728 replicari
3147 4655 3445 4727 possunt,
3491 4660 3555 4709 et

1994 4759 2240 4846 optime
2307 4757 2670 4844 ponderant
2740 4757 3078 4844 Theologi,
3172 4780 3299 4824 non
3368 4760 3555 4826 aliter

1994 4874 2277 4961 Spiritus
2329 4886 2594 4940 sanctus
2626 4874 2900 4941 dabatur
2921 4895 3035 4961 per
3075 4895 3308 4942 manus
3342 4875 3552 4963 impo-

1992 4990 2297 5058 sitionem
2357 4992 2436 5057 ab
2489 4991 2844 5077 Apostolis,
2893 5012 3086 5079 quam
3118 4993 3348 5080 recipit
3401 4998 3551 5060 Cor-

1993 5107 2211 5174 nelius
2283 5110 2428 5174 Act.
2530 5113 2633 5175 10.
2728 5108 2835 5194 qui
2903 5109 3392 5195 denotatur‘per
3441 5109 3550 5174 do-

1995 5246 2152 5290 num
2238 5223 2648 5309 linguarum,
2757 5236 2821 5290 et
2900 5245 3092 5311 quam
3167 5238 3552 5311 receperunt

1991 5340 2316 5429 Apostoli,
2391 5345 2536 5407 Act.
2610 5346 2673 5407 2.
2741 5361 2888 5405 nam
2956 5344 3098 5408 Ace.
3168 5344 3270 5406 19.
3318 5340 3544 5407 eodem

1992 5458 2184 5523 modo
2240 5457 2333 5522 illi
2391 5457 2628 5543 quibus
2668 5456 3016 5542 Apostolus
3070 5456 3381 5541 imposuit
3414 5478 3547 5522 ma-

1992 5571 2592 5669 nus,loquebantur
2641 5571 2920 5657 linguiS,
2949 5584 3011 5638 et
3043 5570 3536 5658 prophetabant.
