4255 6375
531 374 571 438 2
2068 368 2477 437 PRAEFATIO

558 541 921 630 praestat,
958 539 1037 610 et
1072 538 1495 610 commoda
1525 537 1615 609 de
1652 535 1974 608 Scholio
2014 534 2093 606 in
2137 534 2546 608 Scholium
2597 532 3037 626 explicatio
3079 529 3441 626 subjecta
3481 529 3760 603 Lecto·

557 668 728 720 rem
762 646 1152 731 continet,
1197 667 1295 720 ne
1334 646 1658 738 longius
1687 644 2284 719 excurrendum
2326 647 2565 718 esset.

641 779 941 854 Deinde
974 779 1408 852 secundum
1452 777 1841 870 cujusque
1875 775 2178 851 Scholii
2213 774 2674 854 materiam,
2712 793 2857 866 per
2889 768 3456 866 paragraphos
3485 767 3764 840 varios

555 889 957 982 percurri,
994 888 1339 980 singulis
1384 888 1803 981 propriam
1840 885 2435 980 expositionem
2482 883 2943 975 subjiciens,
2991 886 3070 955 et
3125 878 3360 954 initia
3409 875 3767 969 singulo-

557 1019 739 1071 rum
772 998 1053 1073 littera
1098 999 1426 1072 cursiva
1458 998 1864 1078 adnotavi,
1904 999 1992 1069 ut
2025 996 2276 1070 etiam
2308 996 2707 1069 lectorem
2748 1013 2909 1065 non
2958 993 3337 1084 oporteat
3368 987 3764 1080 divagari,

555 1109 688 1181 sed
738 1108 818 1181 in
853 1113 1237 1201 promptu
1284 1110 1691 1188 occurrat,
1732 1107 1936 1200 quod
1975 1103 2448 1198 compendio
2483 1101 2865 1195 exquirit.

645 1236 949 1320 Tertio,
986 1257 1083 1309 ne
1126 1234 1713 1312 commentarii
1758 1235 2064 1327 stylum
2102 1237 2689 1326 perverterem,
2728 1234 2869 1305 aut
2922 1228 3499 1323 praescriptum
3548 1229 3767 1299 tran-

559 1342 899 1427 silirem,
935 1347 1203 1418 visum
1244 1349 1365 1417 est
1402 1343 2017 1419 controversias
2054 1362 2359 1424 omneS,
2397 1361 2572 1432 quae
2613 1340 2739 1411 vel
2792 1360 2973 1411 cum
3024 1336 3465 1418 haereticis,
3514 1336 3641 1408 vel
3692 1338 3767 1406 in

560 1449 849 1523 Schola
892 1452 1108 1526 inter
1157 1453 1612 1543 Theologos
1664 1451 2113 1543 agitantur,
2168 1449 2262 1521 ad
2314 1448 2582 1541 ipsum
2624 1450 2938 1521 textum
2994 1444 3408 1525 Doctoris,
3489 1443 3566 1515 in
3610 1463 3765 1535 quo

561 1558 814 1649 ipsius
859 1561 1255 1635 resolutio
1291 1561 1553 1650 magis
1595 1581 1980 1652 expresse
2041 1556 2432 1637 occurrit,
2497 1575 2913 1636 revocare,
2971 1575 3069 1626 ne
3130 1557 3191 1627 si
3235 1554 3312 1624 in
3354 1552 3762 1623 diversum

559 1673 1009 1743 tractatum
1048 1666 1558 1739 referrentur
1601 1666 1745 1737 sub
1776 1664 2031 1736 variis
2065 1662 2358 1744 titulis,
2397 1662 2477 1732 in
2521 1662 2812 1733 molem
2864 1663 3458 1742 excrescerent,
3494 1662 3575 1732 et
3606 1677 3767 1730 non

558 1780 728 1850 tam
787 1775 1286 1867 expositioni
1358 1780 1658 1861 textuS,
1734 1794 1974 1866 quam
2052 1771 2459 1845 differenti
2547 1774 3066 1863 arg1.1mento,
3148 1774 3229 1844 et
3297 1766 3771 1861 repetitioni

559 1883 826 1958 inutili
862 1884 1219 1974 ejusdem
1253 1885 1669 1965 doctrinae,
1726 1884 1929 1975 quod
1966 1880 2466 1973 superfluum
2518 1884 2760 1954 esset.
2815 1879 3134 1960 Deinde,
3173 1878 3488 1969 aliquas
3521 1875 3771 1950 etiam

561 1995 1048 2086 quaestiones
1080 1998 1157 2065 et
1191 1994 1426 2066 dubia
1467 1993 1723 2083 adjeci
1764 1993 1857 2064 ad
1891 1989 2388 2082 completum
2439 1994 2893 2064 tractatum
2929 1987 3414 2081 spectantia,
3471 2006 3646 2077 quae
3689 1983 3772 2055 in

558 2103 936 2175 terminis
993 2123 1152 2174 non
1210 2102 1539 2174 disserit
1592 2101 2333 2192 Doctor,quamvis
2376 2099 2772 2171 resolutio
2827 2096 3251 2191 principiis
3301 2096 3476 2185 ejus
3531 2093 3772 2166 inhae-

565 2216 767 2292 reat,
803 2215 879 2284 et
923 2211 1335 2284 communi
1379 2212 1596 2302 stylo
1653 2212 1731 2283 in
1784 2209 2096 2283 Scholis
2141 2210 2596 2300 agitantum
2644 2210 2773 2281 ubi
2816 2214 3088 2281 autem
3136 2205 3360 2278 nulla
3406 2205 3771 2277 occurrit

558 2321 1129 2393 controversia
1188 2326 1327 2393 aut
1402 2319 1864 2392 obscuritas
1917 2317 1995 2388 in
2067 2317 2243 2409 ipso
2305 2322 2559 2398 textu,
2617 2318 2748 2389 sed
2804 2314 3257 2388 communis
3309 2317 3390 2386 et
3444 2314 3773 2403 recepta

561 2426 933 2499 doctrina
980 2446 1124 2519 per
1175 2426 1965 2518 recapitulationem,
2010 2424 2228 2498 dicta
2268 2425 2655 2497 Doctoris
2713 2422 3074 2496 breviter
3133 2421 3513 2513 subjicio;
3563 2419 3768 2510 quod

561 2536 991 2627 aliquando
1061 2538 1308 2608 etiarn
1380 2536 1461 2607 in
1526 2534 2121 2608 controversiis
2195 2538 2595 2626 praestare
2661 2532 3051 2626 oportuit,
3109 2532 3233 2603 vel
3279 2529 3767 2603 remittendo

563 2647 1011 2718 tractatum
1069 2645 1153 2715 in
1204 2644 1453 2716 alium
1514 2644 1800 2723 locum,
1851 2643 1928 2714 in
1977 2662 2132 2733 quo
2179 2642 2441 2733 magis
2491 2663 2591 2713 ex
2636 2642 3014 2715 instituto
3055 2639 3387 2713 disserit
3425 2641 3768 2717 Doctor,

560 2754 684 2824 vel
728 2754 961 2826 etiam
1007 2754 1316 2845 quando
1358 2753 1609 2823 variae
1655 2751 2074 2843 opiniones
2109 2750 2332 2823 circa
2367 2751 2569 2822 idem
2609 2752 3077 2831 occurrunt,
3116 2749 3400 2841 quibus
3447 2765 3775 2839 respon-

561 2861 899 2932 dendum
933 2865 1081 2941 est,
1121 2881 1376 2952 neque
1426 2859 1792 2932 claritati
1834 2858 2079 2930 aliter
2120 2857 2437 2929 consuli
2490 2862 2783 2948 potest.

653 2990 987 3068 Quarto,
1025 3006 1202 3056 eam
1252 2984 1654 3057 rationem
1697 2983 2286 3075 interpretandi
2327 2985 2766 3056 Doctorem
2803 2988 3127 3057 secutus
3173 3004 3378 3065 sum,
3427 3004 3602 3075 quae
3641 2984 3770 3057 vel

565 3094 826 3185 magis
859 3115 955 3165 ex
1003 3096 1221 3165 textu
1264 3092 1457 3164 milii
1502 3111 1865 3182 congrua
1901 3092 2292 3173 occurrit,
2329 3092 2454 3164 vel
2499 3111 2672 3182 quae
2718 3091 2978 3182 magis
3012 3092 3424 3164 communi
3467 3090 3766 3169 sensui.

564 3208 732 3275 tam
775 3207 1249 3275 nostrorum
1325 3220 1565 3291 quam
1626 3200 2006 3281 aliorum,
2054 3203 2180 3273 est
2238 3219 2622 3272 consona..
2686 3199 2905 3281 Quod
2967 3199 3037 3272 si
3097 3200 3524 3291 aliquando
3571 3198 3770 3271 mihi

567 3316 953 3383 occurrat
996 3309 1316 3380 diversa
1380 3305 1983 3398 interpretatio,
2044 3306 2159 3379 ita
2216 3306 2600 3390 inhaereO,
2655 3311 2740 3378 ut
2793 3305 3145 3378 aliorum
3198 3326 3357 3378 non
3416 3311 3769 3379 contem-

563 3439 775 3500 nam,
814 3418 946 3489 sed
988 3416 1171 3488 hinc
1210 3417 1383 3487 inde
1418 3418 1513 3487 ad
1550 3415 1974 3506 utriusque
2008 3434 2341 3507 scopum
2399 3415 2825 3507 principia,
2865 3418 3256 3505 quantum
3289 3413 3502 3496 licet,
3542 3414 3771 3487 dedu-

564 3549 687 3610 co,
742 3531 829 3601 ut
872 3547 1111 3620 penes
1162 3528 1553 3599 lectorem
1611 3526 1718 3597 sit
1758 3523 2074 3596 electio.
2130 3525 2459 3606 Quando
2511 3526 2780 3596 autem
2837 3522 3051 3595 inter
3108 3523 3329 3614 ipsos
3383 3522 3770 3595 Doctoris

564 3634 1004 3727 discipulos
1041 3634 1310 3725 aliqua
1341 3631 1977 3711 est-differentia,
2018 3635 2103 3704 ut
2140 3630 2581 3723 plurimum
2619 3650 2917 3721 sequor
2944 3629 3335 3721 judicium
3381 3629 3778 3704 Illustris·

567 3745 750 3817 simi
788 3743 1090 3818 Cavelli
1128 3743 1206 3813 in
1242 3740 1615 3821 Scholiis,
1661 3739 1893 3832 cujus
1926 3739 2318 3812 doctrinae
2351 3742 2432 3811 et
2476 3738 2799 3828 ingenio
2845 3738 3287 3830 plurimum
3330 3737 3667 3820 confidO,
3707 3739 3774 3811 si

564 3853 880 3925 aliunde
922 3872 1079 3923 non
1125 3852 1508 3923 occurrat
1546 3846 2239 3920 reconciliationis
2283 3845 2916 3929 fundamentum,
2952 3850 3093 3919 aut
3136 3847 3351 3920 ratio
3412 3846 3779 3939 probabi-

563 3962 689 4043 lis,
750 3982 919 4053 quae
961 3965 1395 4050 utramque
1430 3956 2198 4049 interpretationem
2251 3957 2547 4038 foveat,
2605 3956 2794 4046 quin
2849 3956 3097 4028 etiam
3157 3957 3771 4029 controversias

564 4096 747 4146 cum
789 4074 975 4145 aliis
1020 4072 1578 4154 Scholasticis,
1616 4075 2011 4162 quantum
2065 4069 2281 4151 licet,
2327 4068 2636 4150 aufero,
2686 4089 2859 4160 quae
2904 4068 3164 4160 magis
3205 4068 3477 4141 verbis
3526 4089 3766 4161 quam
3851 4109 3858 4116 -

566 4190 993 4284 principiis
1037 4189 1462 4261 inhaerent.

652 4317 973 4399 Quinto,
1030 4314 1185 4387 mei
1240 4313 1593 4387 instituti
1648 4312 1795 4385 fuit
1844 4317 2107 4385 totum
2161 4332 2361 4403 opus
2412 4312 2715 4383 duobus
2760 4312 3004 4385 tornis
3058 4310 3763 4404 comprehendere,

565 4425 698 4496 sed
738 4443 895 4494 non
940 4423 1197 4505 licuit,
1247 4421 1431 4514 quia
1472 4427 1552 4494 et
1597 4442 1795 4512 opus
1852 4421 2116 4510 ipsum
2170 4425 2337 4492 tam
2398 4440 2496 4489 ex
2549 4424 2773 4492 textu
2833 4419 3241 4509 Magistri,
3306 4440 3544 4511 quam
3605 4422 3766 4494 Do-

562 4532 818 4605 ctoris
878 4532 1304 4613 excrescit,
1369 4536 1449 4604 et
1504 4549 1796 4620 magna
1846 4528 2079 4619 copia
2132 4527 2708 4600 modernorum
2761 4528 3288 4619 scriptorum,
3327 4533 3406 4602 et
3475 4530 3768 4602 crebra

566 4640 1070 4733 impugnatio
1120 4640 1506 4711 adversus
1560 4637 1962 4731 principia
2016 4637 2139 4708 vel
2194 4636 2495 4727 placita
2536 4636 2946 4718 Doctoris,
2992 4641 3071 4710 et
3115 4637 3627 4721 sententiam,
3675 4639 3770 4710 ad

568 4752 934 4843 singulos
981 4771 1173 4843 pene
1220 4771 1505 4842 passus
1556 4769 1967 4822 remoram
2025 4746 2327 4838 injecit,
2385 4751 2473 4820 ut
2522 4747 2991 4821 necessario
3044 4748 3294 4821 fuerit
3337 4750 3772 4823 subsisten-

563 4866 748 4938 dum
783 4869 863 4937 et
898 4863 1428 4935 insistendum
1465 4861 1820 4952 longiori
1857 4865 2216 4935 tractatu
2263 4862 2340 4930 et
2384 4860 2733 4933 circuitu
2766 4886 2779 4940 ;
2816 4880 3002 4932 nam
3037 4865 3116 4934 et
3151 4861 3465 4952 primus
3499 4865 3771 4936 tomus

565 4971 1114 5062 complectens
1152 4972 1599 5041 tractatum
1633 4969 1722 5039 de
1759 4966 2317 5040 Sacramentis
2362 4966 2438 5037 in
2471 4985 2792 5057 genere,
2836 4967 2927 5038 de
2978 4967 3428 5059 Baptismo,
3467 4967 3776 5042 Confir-

568 5077 924 5149 matione
972 5081 1051 5149 et
1104 5073 1652 5155 Eucharistia,
1694 5076 1915 5148 ultra
1963 5073 2564 5147 distinctionem
2603 5073 2998 5146 decimam
3041 5074 3379 5146 tertiam
3411 5075 3774 5167 nequivit

566 5184 970 5277 protrahi.
1010 5183 1413 5258 Secundus
1457 5187 1725 5256 tomus
1761 5182 2047 5273 incipit
2081 5203 2129 5253 a
2167 5179 2687 5253 distinctione
2733 5181 3042 5252 decima
3083 5185 3401 5272 quarta,
3441 5187 3521 5255 et
3564 5203 3774 5255 com-

567 5294 953 5386 plectitur
987 5296 1434 5368 tractatum
1475 5292 1565 5363 de
1602 5291 2108 5370 Poenitentia‚
2166 5289 2502 5361 ,lustitia
2545 5296 2625 5362 et
2676 5291 2895 5369 dure,
2954 5291 3326 5361 extrema
3376 5289 3771 5363 Unctione

560 5408 638 5477 et
694 5404 1246 5486 Matrimonio,
1283 5408 1364 5477 et
1416 5401 1916 5474 terminatur
1954 5398 2477 5472 distinctione
2521 5397 3141 5489 quadragesima
3180 5400 3548 5472 secunda.
3586 5402 3771 5474 Ter-

565 5518 727 5592 tius
768 5520 1041 5589 autem
1082 5520 1351 5590 tomus
1404 5514 1755 5607 reliquas
1809 5517 1992 5586 octo
2035 5510 2600 5585 distinctiones
2653 5511 2744 5582 de
2788 5510 3298 5584 Beatitudine
3350 5517 3432 5586 et
3484 5513 3763 5606 poenis,
