4255 6375
1353 369 1548 433 Dts'r.
1595 368 1695 430 IV.
1731 364 2091 441 QUAEsTlo
2121 364 2199 425 V.
3307 359 3423 421 433

234 540 380 601 torio
401 536 694 617 eiusdem
723 537 944 617 gratiae
968 556 983 596 ε
1009 538 1344 606 Poenicere,
1377 536 1543 594 sicut
1573 548 1762 607 opor·

238 661 335 724 let,
378 658 443 714 ut
485 656 547 713 ei
571 655 1063 731 justificationis
1097 654 1319 729 qratia
1354 651 1762 741 concedatur,

220 778 283 834 ut
320 770 544 832 definit
574 769 1027 832 Tridentinum
1061 786 1208 831 sess.
1243 768 1302 827 6.
1356 782 1496 827 ean.
1530 768 1590 827 3.
1614 766 1764 842 jam

219 904 414 964 supra
491 889 709 961 ciente,
781 889 885 948 cui
947 883 1426 964 correspondet
1496 898 1638 959 cap.
1698 882 1760 941 5.

232 1004 516 1064 Dee-laroc
551 1010 881 1081 praeterea
931 1005 1132 1080 ipsius
1171 1001 1662 1078 justificationis
1699 1000 1765 1057 in

218 1121 445 1182 adultis
496 1138 538 1181 a
601 1124 721 1182 Dei
758 1137 878 1197 per
943 1121 1262 1182 Christum
1329 1121 1540 1179 lesum
1588 1132 1758 1193 prze-

221 1239 482 1298 venienie
535 1239 760 1314 qratia
824 1240 1210 1298 sumendum
1261 1252 1411 1305 esse,
1501 1235 1619 1294 hoe
1675 1237 1763 1294 est

223 1355 295 1412 ab
325 1355 460 1429 ejus
498 1355 854 1423 vocacione,
904 1354 1062 1428 quia
1108 1352 1309 1414 nullis
1366 1366 1588 1412 eorum
1619 1349 1762 1410 exi-

221 1470 505 1531 stentibus
535 1472 785 1531 mer-ilis
818 1473 1157 1539 vocantur,
1192 1475 1261 1530 ut
1306 1470 1423 1545 qui
1440 1484 1564 1544 per
1609 1484 1755 1544 pee-

227 1595 418 1649 catum
459 1604 499 1646 a
548 1590 680 1647 Deo
725 1589 937 1647 aversi
979 1590 1186 1653 erant,
1231 1601 1358 1662 per
1401 1586 1541 1662 ejus
1582 1589 1757 1645 exci-

229 1710 453 1764 tantem
536 1714 727 1780 atque
798 1705 1216 1780 adjuvantem
1289 1705 1578 1779 qratiam
1679 1703 1768 1763 ad

229 1823 702 1881 convertendum
759 1837 844 1894 se,
908 1826 1030 1881 etc,
1114 1821 1563 1896 disponuntur,
1634 1822 1759 1878 etc.

222 1934 287 1995 Et
331 1952 469 2011 cap.
520 1935 1042 2009 &enumerans
1086 1940 1272 1996 actus
1323 1934 1765 1995 conversionis

228 2049 547 2118 ordinatae,
620 2052 849 2112 ultimo
929 2052 1074 2111 loco
1149 2048 1373 2112 statuit
1431 2049 1766 2128 poeniten-

226 2170 410 2237 tiam,
485 2184 626 2243 cap.
693 2168 785 2229 14.
869 2165 1028 2229 dicit
1084 2167 1164 2228 ab
1241 2165 1479 2228 eadem
1549 2169 1765 2245 gratia

224 2284 470 2359 lapsum
527 2290 679 2360 post
730 2281 1137 2362 Baptismum
1188 2284 1453 2346 excitari
1499 2282 1584 2344 ad
1626 2299 1761 2360 poe-

227 2403 580 2476 nitentiam,
634 2423 776 2482 cap.
831 2406 891 2465 4.
947 2405 1406 2467 contritionem
1453 2403 1762 2483 imperfe-

233 2525 387 2579 ctam
439 2519 677 2581 asserit
733 2537 863 2581 esse
907 2524 1148 2584 donum
1190 2525 1328 2593 Dei,
1381 2525 1438 2581 et
1482 2523 1767 2596 Spiritus

230 2638 430 2696 sancti
481 2637 837 2713 impulsum
897 2643 1227 2712 moventis,
1288 2654 1410 2714 quo
1450 2639 1769 2714 poenitens

232 2752 350 2811 sibi
373 2753 550 2812 viam
580 2754 668 2814 ad
696 2753 1028 2829 justitiam
1055 2754 1230 2814 viam
1276 2758 1496 2827 parat.

304 2868 604 2929 Secundo
649 2871 962 2946 probatur
1020 2870 1224 2931 altera
1287 2885 1462 2946 parS,
1521 2885 1764 2947 nempe

174 3008 211 3056 ,b
233 2999 353 3044 non
409 2983 584 3065 exigi
643 2987 1105 3049 contritionem
1163 2985 1550 3064 perfectam,
1608 2987 1766 3048 rati-

233 3119 348 3165 one
401 3103 936 3174 Doctoris‚10‹·.o
988 3103 1179 3165 citato
1260 3109 1484 3166 contra
1561 3105 1759 3184 Magi-

174 3295 184 3306 ·
234 3225 448 3294 strum,
516 3222 666 3299 quia
725 3228 1118 3298 sequeretur
1163 3221 1340 3300 quod
1396 3224 1768 3301 Baptismus

233 3336 483 3398 realiter
544 3353 886 3415 nunquam
932 3335 1264 3399 conferret
1305 3339 1580 3414 primam
1622 3355 1768 3417 gra-

235 3454 396 3526 tiam,
430 3455 537 3518 vel
567 3455 934 3515 remitteret
962 3460 1304 3532 peccatum
1342 3473 1356 3527 ;
1392 3454 1516 3515 hoc
1546 3462 1767 3517 autem

239 3576 330 3632 est
367 3573 867 3644 inconveniens,
916 3572 1069 3651 quia
1116 3571 1488 3650 Baptismus
1530 3590 1648 3651 per
1694 3590 1766 3637 se

237 3690 496 3752 remittit
540 3692 913 3768 peccatum,
951 3688 1138 3768 juxta
1173 3705 1251 3750 ea
1285 3704 1435 3768 quae
1486 3689 1770 3753 Concilia

177 3832 194 3842 ·
238 3813 296 3867 et
347 3807 567 3870 Patres
612 3806 696 3868 de
755 3804 1047 3868 efficacia
1103 3806 1302 3885 hujus
1367 3805 1770 3868 Sacramenti

239 3922 488 3997 docent,
546 3930 619 3985 ut
658 3922 820 3985 illud
864 3943 880 3986 ε
923 3925 1246 3999 Confiteor
1284 3939 1485 3984 unum
1542 3925 1770 3998 Bapti-

237 4056 366 4101 sma
406 4042 472 4101 in
501 4042 948 4103 remissionem
990 4046 1426 4116 peccatorum.
1462 4040 1534 4100 Et
1562 4037 1767 4101 forma

236 4153 534 4232 Baptismi
578 4152 771 4216 datur
824 4153 891 4215 in
950 4154 1412 4218 remissionem
1454 4163 1761 4234 pcccato-

236 4285 366 4330 rum
396 4287 478 4334 ex
520 4271 886 4333 Milevitano
932 4288 1075 4333 can.
1107 4273 1165 4334 2.
1199 4271 1486 4333 Trident.
1520 4288 1667 4333 sess.
1703 4274 1763 4333 5.

180 4397 192 4472 j
241 4401 369 4448 can.
433 4388 493 4450 4.
565 4385 745 4466 quod
806 4404 941 4449 non
1003 4387 1217 4451 solum
1277 4388 1657 4464 intelligitur
1701 4389 1767 4448 in

238 4499 607 4571 infantibus.
656 4501 779 4564 sed
821 4502 1020 4565 etiam
1064 4503 1132 4564 in
1179 4503 1439 4577 adultiS,
1481 4507 1554 4565 ut
1588 4508 1772 4580 patet

245 4632 315 4678 ex
376 4620 592 4682 verbis
650 4619 808 4698 ipsis
877 4617 1099 4681 formae
1154 4619 1223 4680 in
1293 4618 1770 4699 significatione

174 4738 535 4862 inpractica,
581 4739 849 4814 Baptizo
902 4745 983 4809 ce,
1045 4739 1171 4798 etc.
1229 4750 1467 4814 nempe
1514 4754 1551 4798 a
1607 4754 1765 4815 pec-

174 4892 222 4925 ἴω
181 4830 411 4924 ‘icam
467 4852 759 4931 ideoque
827 4850 1284 4915 Tridentinum
1339 4854 1564 4913 eadem
1618 4870 1767 4915 sess,

245 4981 373 5027 can.
404 4967 459 5028 3.
506 4967 1009 5029 anathematizat
1056 4971 1416 5047 negantem
1463 4970 1771 5030 meritum

247 5077 458 5144 Christi
508 5088 640 5146 tam
693 5080 1051 5145 infantibus
1108 5098 1308 5161 quam
1352 5081 1594 5145 adultis
1653 5102 1772 5161 ap-

246 5196 478 5268 plicari
516 5205 588 5264 in
625 5203 986 5265 remedium
1007 5202 1263 5276 peccati
1290 5217 1416 5278 per
1458 5203 1778 5277 Baptismi

251 5317 737 5380 Sacra-mentum
759 5317 831 5377 in
876 5318 1099 5393 forma
1143 5318 1435 5379 Ecclesiae
1477 5319 1601 5378 rice
1650 5318 1775 5379 col-

252 5426 461 5495 latum.
489 5437 654 5516 Ergo
700 5434 1011 5512 supponit
1055 5432 1460 5509 Baptismum
1512 5434 1774 5496 realiter

260 5543 465 5611 datum
522 5556 583 5613 et
639 5553 1005 5629 receptum,
1056 5564 1202 5612 esse
1268 5548 1522 5626 efficax,
1584 5553 1776 5615 etiam

374 5664 684 5720 Tomxvl.

1879 535 1951 589 ut
2001 528 2369 591 remedium
2428 529 2791 605 proximum
2850 524 3117 586 delendi
3147 526 3422 602 peccati,

1877 646 2034 706 alias
2088 644 2297 706 forma
2346 645 2489 724 ejus
2546 660 2680 705 non
2740 647 2917 705 esset
2959 658 3143 712 vera,
3190 642 3243 703 si
3290 656 3427 701 non

1874 761 2150 822 haberet
2196 761 2393 822 talem
2441 759 2799 821 efficaciam
2843 763 3157 837 quantum
3194 761 3294 818 est
3339 754 3423 816 de

1875 894 1972 941 se.
2020 880 2095 940 Et
2122 895 2266 939 sess.
2302 877 2360 938 6.
2397 894 2537 954 cap.
2582 878 2646 936 4.
2693 876 2849 938 dicit
2887 874 3426 955 justificationem

1873 995 2055 1071 impii
2110 994 2210 1055 vel
2251 994 2317 1054 in
2373 1010 2446 1055 re
2502 992 2601 1054 vel
2641 995 2709 1054 in
2764 999 2906 1054 voto
2979 993 3233 1053 causari
3304 1006 3424 1069 per

1874 1127 1996 1189 per
2034 1110 2437 1187 Baptismum
2472 1130 2488 1183 ;
2526 1127 2670 1189 quae
2715 1109 3064 1190 disjunctio
3116 1111 3425 1186 importat

1845 1208 2262 1289 'alterutrum
2298 1245 2444 1289 esse
2478 1228 2842 1290 remedium
2888 1206 3315 1306 justificandi.
3349 1228 3427 1287 Et

1876 1364 2014 1422 cap.
2048 1348 2108 1408 7.
2159 1345 2312 1408 dicit
2335 1346 2819 1425 justificationis
2868 1362 3135 1409 causam
3184 1347 3421 1406 instru-

1873 1464 2221 1525 mentalem
2269 1481 2397 1525 esse
2442 1466 2869 1540 Baptismum,
2927 1471 2992 1525 et
3019 1464 3309 1542 loquitur
3343 1463 3427 1525 de

1866 1580 2339 1661 justificatione
2373 1581 2599 1643 adulti.

1956 1700 2124 1778 Ergo
2173 1716 2253 1760 ex
2284 1699 2382 1760 his
2413 1704 2642 1777 aperte
2687 1699 2987 1777 sequitur
3024 1697 3428 1776 Baptismum

1876 1834 2006 1879 non
2066 1818 2337 1896 exigere
2396 1819 2572 1878 illam
2640 1818 3135 1894 dispositionem
3204 1815 3451 1895 perfe-·

1878 1939 2049 1994 ctam
2079 1934 2146 1995 in
2178 1933 2428 2007 adult0,
2474 1949 2616 2011 quae
2648 1932 3008 1995 dimitteret
3056 1940 3424 2010 peccatum.

1874 2052 2061 2112 Patet
2116 2050 2617 2129 consequentia,
2666 2052 2817 2128 quia
2882 2049 3255 2111 remedium
3316 2067 3428 2110 or-

1879 2168 2225 2242 dinarium,
2288 2173 2353 2230 et
2394 2167 2627 2229 efficax
2672 2166 2941 2230 delendi
2989 2167 3245 2245 peccati
3289 2182 3423 2228 non

1879 2283 2274 2346 determinat
2321 2282 2821 2361 dispositionem
2871 2284 3180 2360 priorem,
3231 2285 3428 2344 talem

1879 2416 2051 2474 esse,
2101 2406 2174 2462 ut
2234 2418 2312 2462 ex
2371 2418 2487 2463 sua
2543 2404 2784 2465 virtute
2840 2402 3128 2463 remittat
3184 2419 3424 2480 pecca-

1879 2522 2038 2589 tum,
2085 2517 2243 2579 alias
2275 2514 2565 2581 efficacia
2596 2519 2704 2581 illa
2745 2518 3026 2581 remedii
3069 2535 3204 2580 non
3248 2520 3428 2580 esset

1879 2632 1961 2694 de
2020 2649 2092 2695 se
2165 2631 2521 2706 sufficienS,
2588 2652 2810 2713 neque
2866 2650 3161 2715 unquam
3231 2650 3427 2696 causa

1877 2752 2173 2827 proxima
2212 2753 2593 2815 remittendi
2638 2757 2919 2831 peccati,
2966 2761 3285 2833 quantum
3329 2757 3434 2815 est

1881 2868 1963 2931 de
2021 2886 2117 2943 se,
2177 2871 2231 2931 si
2307 2886 2385 2933 ea
2438 2874 2837 2935 necessitate
2898 2889 3027 2950 qua
3091 2873 3428 2951 praeexigit

1881 2987 2379 3066 dispositionem
2435 2989 2502 3049 in
2560 2987 2783 3051 adulto
2828 2996 3210 3066 peccatore,
3269 3005 3428 3067 prae-

1880 3111 2180 3187 exigeret
2240 3106 2436 3168 etiam
2495 3123 2643 3169 eam
2712 3107 3210 3185 dispositionem
3281 3123 3429 3170 esse
3506 3148 3517 3159 -

1878 3225 2285 3287 remissivam
2367 3225 2646 3302 peccati.
2717 3224 2968 3287 Deinde
3049 3241 3184 3286 non
3253 3229 3432 3286 esset

1879 3356 2031 3401 vera
2103 3341 2209 3401 illa
2282 3339 2521 3401 locutio
2594 3339 2877 3414 Concilii,
2949 3340 3128 3420 quod
3207 3340 3430 3402 Sacra-

1878 3463 2174 3520 mentum
2243 3475 2362 3520 seu
2424 3459 2798 3535 Baptismus
2853 3460 2920 3520 in
2987 3465 3139 3521 voto
3203 3462 3426 3520 remit-

1882 3580 2049 3638 teret
2103 3579 2455 3652 peccatum
2511 3576 2765 3636 actuale
2804 3579 2902 3634 ,et
2951 3577 3325 3652 personale,
3377 3576 3431 3636 si

1880 3696 2374 3756 Sacramentum
2422 3694 2490 3754 in
2537 3709 2610 3753 re
2660 3709 2793 3754 non
2841 3697 3019 3754 esset
3051 3691 3282 3755 efficax
3332 3710 3431 3755 re-

1880 3813 2113 3887 spectu
2183 3806 2488 3888 ejusdem
2546 3807 2972 3881 remissioniS,
3036 3811 3186 3887 quia
3253 3808 3431 3870 nulla

1882 3929 2058 3984 esset
2111 3923 2574 3985 subordinatio<
2620 3925 2792 3985 inter
2822 3925 3319 3987 Sacramentum
3364 3927 3431 3986 in

1880 4055 1952 4100 re
1999 4044 2065 4100 et
2110 4041 2177 4099 in
2224 4044 2404 4112 vot0,
2467 4055 2617 4101 cum
2673 4039 2851 4100 nulla
2903 4045 3083 4102 esset
3140 4038 3430 4101 efficacia

1881 4155 2283 4218 Sacramenti
2332 4157 2399 4218 in
2440 4173 2534 4230 re,
2590 4156 2811 4235 quoad
2860 4158 3043 4218 illum
3095 4157 3429 4231 effectum,

1885 4271 1995 4350 qui
2044 4286 2124 4332 ex
2168 4274 2568 4334 necessitate
2631 4273 3059 4347 sacramenti,
3110 4279 3180 4336 ut
3231 4271 3431 4353 digne

1885 4392 1951 4449 et
1977 4388 2193 4452 valide
2224 4389 2601 4468 recipiatur,
2648 4390 3042 4468 supponitur
3078 4399 3432 4468 peccatum

1885 4507 2195 4570 ablatum.

1961 4625 2279 4687 Praeterea
2326 4624 2778 4687 'I'ridentinum
2827 4644 2973 4689 sess.
3032 4626 3125 4690 14.
3176 4646 3318 4706 cap.
3366 4632 3427 4691 2.

3526 3218 3585 3269 Si
3612 3232 3714 3266 non

3476 3281 3761 3331 remitteret

3540 3344 3593 3393 in
3623 3359 3698 3403 re,

3486 3411 3751 3474 peccatum

3567 3483 3670 3518 non

3476 3534 3763 3584 remitteret

3506 3597 3557 3646 in
3591 3599 3726 3645 v0t0.

3578 4624 3661 4674 14.

3587 4689 3661 4737 Ex

1889 4741 2224 4820 explicans
2256 4740 2686 4804 differentiam
2718 4749 3282 4806 sacramentorum
3316 4747 3430 4808 Ba·
3476 4747 3765 4799 differentia

3487 4811 3685 4875 utriusq
3692 4828 3751 4861 ue

1885 4859 2101 4937 ptismi
2136 4863 2203 4919 et
2230 4858 2634 4921 Poenitentiae
2683 4859 2904 4938 quoad
2942 4860 3274 4925 fructum:
3307 4866 3433 4923 Per
3462 4876 3761 4925 sacramen-

1886 4977 2288 5051 Baptismum
2320 4979 2510 5048 enim,
2545 4980 2776 5055 inquit,
2815 4979 3138 5040 Christum
3167 4984 3429 5042 induen-

1884 5099 1973 5154 tes
2015 5109 2184 5152 nova
2217 5108 2493 5168 prorsus
2534 5096 2601 5154 in
2630 5093 2748 5155 illo
2796 5095 3125 5171 efficimur
3172 5103 3428 5158 creatu-

1885 5224 1984 5280 ra,
2034 5209 2299 5285 plenam
2343 5215 2398 5268 et
2447 5210 2768 5286 inteqram
2816 5219 3235 5288 peccatorum
3292 5234 3426 5278 om-

1890 5325 2068 5384 nium
2158 5326 2601 5386 remissionem
2703 5338 3167 5406 consequentes,
3255 5336 3431 5412 quod

1890 5444 2095 5519 negat
2142 5439 2279 5502 fieri
2325 5442 2391 5503 in
2441 5443 2839 5520 Poenitentia,
2902 5450 3120 5526 quoad
3165 5467 3433 5513 omnem

1890 5556 2138 5619 scilicet
2193 5573 2450 5635 poenam
2512 5562 2935 5639 temporalem
2981 5565 3102 5629 nisi
3155 5567 3237 5628 sit
3278 5584 3434 5645 per-

3244 5681 3307 5731 28

3586 4936 3649 4987 ti.
