<?xml version="1.0" encoding="UTF-8"?>
<!DOCTYPE html PUBLIC "-//W3C//DTD XHTML 1.0 Transitional//EN"
    "http://www.w3.org/TR/xhtml1/DTD/xhtml1-transitional.dtd">
<html xmlns="http://www.w3.org/1999/xhtml" xml:lang="en" lang="en">
 <head>
  <title>
</title>
<meta http-equiv="Content-Type" content="text/html;charset=utf-8" />
  <meta name='ocr-system' content='tesseract 3.04.00' />
  <meta name='ocr-capabilities' content='ocr_page ocr_carea ocr_par ocr_line ocrx_word'/>
</head>
<body>
  <div class='ocr_page' id='page_1' title='image "./joannisdunsscot02waddgoog_0147.png"; bbox 0 0 4255 6375; ppageno 0'>
   <div class='ocr_carea' id='block_1_1' title="bbox 1412 404 2241 486">
    <p class='ocr_par' dir='ltr' id='par_1_1' title="bbox 1412 404 2241 486">
     <span class='ocr_line' id='line_1_1' title="bbox 1412 404 2241 486; baseline 0.002 -14"><span class='ocrx_word' id='word_1_1' title='bbox 1412 408 1611 474; x_wconf 77' lang='lat' dir='ltr'><strong>DtsT.</strong></span> <span class='ocrx_word' id='word_1_2' title='bbox 1660 407 1703 471; x_wconf 92' lang='lat' dir='ltr'><strong>l.</strong></span> <span class='ocrx_word' id='word_1_3' title='bbox 1755 410 2117 486; x_wconf 76' lang='lat' dir='ltr'><strong>QUAESTto</strong></span> <span class='ocrx_word' id='word_1_4' title='bbox 2165 404 2241 474; x_wconf 82' lang='lat' dir='ltr'><strong>V.</strong></span> 
     </span>
    </p>
   </div>
   <div class='ocr_carea' id='block_1_2' title="bbox 62 566 1870 3914">
    <p class='ocr_par' dir='ltr' id='par_1_2' title="bbox 62 566 1870 3914">
     <span class='ocr_line' id='line_1_2' title="bbox 63 566 1857 684; baseline -0.001 -43"><span class='ocrx_word' id='word_1_5' title='bbox 63 566 220 684; x_wconf 51' lang='grc' dir='ltr'><strong>ἓξὲξ</strong></span> <span class='ocrx_word' id='word_1_6' title='bbox 280 573 461 657; x_wconf 89' lang='lat' dir='ltr'><strong>lem,</strong></span> <span class='ocrx_word' id='word_1_7' title='bbox 542 575 712 644; x_wconf 87' lang='lat' dir='ltr'><strong>hanc</strong></span> <span class='ocrx_word' id='word_1_8' title='bbox 749 574 1104 643; x_wconf 78' lang='lat' dir='ltr'><strong>efficaciam</strong></span> <span class='ocrx_word' id='word_1_9' title='bbox 1152 574 1395 642; x_wconf 89' lang='lat' dir='ltr'><strong>habent</strong></span> <span class='ocrx_word' id='word_1_10' title='bbox 1441 575 1857 641; x_wconf 78' lang='lat' dir='ltr'><strong>Sacramenta</strong></span> 
     </span>
     <span class='ocr_line' id='line_1_3' title="bbox 63 689 1857 779; baseline -0.001 -22"><span class='ocrx_word' id='word_1_11' title='bbox 63 712 248 747; x_wconf 65' lang='lat' dir='ltr'><strong>eseam-</strong></span> <span class='ocrx_word' id='word_1_12' title='bbox 286 712 420 779; x_wconf 88' lang='lat' dir='ltr'><strong>per</strong></span> <span class='ocrx_word' id='word_1_13' title='bbox 465 692 731 759; x_wconf 89' lang='lat' dir='ltr'><strong>modum</strong></span> <span class='ocrx_word' id='word_1_14' title='bbox 765 690 1208 767; x_wconf 78' lang='lat' dir='ltr'><strong>instrumenti,</strong></span> <span class='ocrx_word' id='word_1_15' title='bbox 1255 701 1325 756; x_wconf 88' lang='lat' dir='ltr'><strong>ut</strong></span> <span class='ocrx_word' id='word_1_16' title='bbox 1357 689 1700 757; x_wconf 77' lang='lat' dir='ltr'><strong>elevantur</strong></span> <span class='ocrx_word' id='word_1_17' title='bbox 1744 709 1857 776; x_wconf 91' lang='lat' dir='ltr'><strong>per</strong></span> 
     </span>
     <span class='ocr_line' id='line_1_4' title="bbox 292 806 1860 893; baseline -0.003 -20"><span class='ocrx_word' id='word_1_18' title='bbox 292 808 974 875; x_wconf 74' lang='lat' dir='ltr'>communicationem</span> <span class='ocrx_word' id='word_1_19' title='bbox 1046 807 1312 874; x_wconf 87' lang='lat' dir='ltr'><strong>virtutis</strong></span> <span class='ocrx_word' id='word_1_20' title='bbox 1353 806 1696 893; x_wconf 81' lang='lat' dir='ltr'><strong>impressae</strong></span> <span class='ocrx_word' id='word_1_21' title='bbox 1796 814 1860 869; x_wconf 91' lang='lat' dir='ltr'><strong>et</strong></span> 
     </span>
     <span class='ocr_line' id='line_1_5' title="bbox 295 921 1857 1013; baseline -0.004 -22"><span class='ocrx_word' id='word_1_22' title='bbox 295 938 598 1013; x_wconf 84' lang='lat' dir='ltr'><strong>receptae</strong></span> <span class='ocrx_word' id='word_1_23' title='bbox 672 924 739 989; x_wconf 91' lang='lat' dir='ltr'><strong>in</strong></span> <span class='ocrx_word' id='word_1_24' title='bbox 785 923 949 1012; x_wconf 89' lang='lat' dir='ltr'><strong>ipsis</strong></span> <span class='ocrx_word' id='word_1_25' title='bbox 1006 921 1466 1003; x_wconf 78' lang='lat' dir='ltr'><strong>SacramentiS,</strong></span> <span class='ocrx_word' id='word_1_26' title='bbox 1518 942 1667 1009; x_wconf 83' lang='lat' dir='ltr'><strong>quae</strong></span> <span class='ocrx_word' id='word_1_27' title='bbox 1726 939 1857 986; x_wconf 94' lang='lat' dir='ltr'><strong>non</strong></span> 
     </span>
     <span class='ocr_line' id='line_1_6' title="bbox 291 1038 1494 1125; baseline 0.001 -21"><span class='ocrx_word' id='word_1_28' title='bbox 291 1050 406 1105; x_wconf 88' lang='lat' dir='ltr'><strong>est</strong></span> <span class='ocrx_word' id='word_1_29' title='bbox 483 1060 896 1125; x_wconf 83' lang='lat' dir='ltr'><strong>permanenS,</strong></span> <span class='ocrx_word' id='word_1_30' title='bbox 961 1039 1074 1107; x_wconf 90' lang='lat' dir='ltr'><strong>sed</strong></span> <span class='ocrx_word' id='word_1_31' title='bbox 1138 1038 1494 1107; x_wconf 63' lang='lat' dir='ltr'><strong>transiens</strong></span> 
     </span>
     <span class='ocr_line' id='line_1_7' title="bbox 63 1154 1860 1243; baseline 0.002 -26"><span class='ocrx_word' id='word_1_32' title='bbox 63 1208 72 1217; x_wconf 93' lang='lat'><strong>.</strong></span> <span class='ocrx_word' id='word_1_33' title='bbox 390 1159 581 1223; x_wconf 87' lang='lat' dir='ltr'><strong>Hanc</strong></span> <span class='ocrx_word' id='word_1_34' title='bbox 622 1156 979 1224; x_wconf 81' lang='lat' dir='ltr'><strong>defendunt</strong></span> <span class='ocrx_word' id='word_1_35' title='bbox 1018 1177 1248 1224; x_wconf 88' lang='lat' dir='ltr'><strong>omnes</strong></span> <span class='ocrx_word' id='word_1_36' title='bbox 1296 1155 1557 1243; x_wconf 87' lang='lat' dir='ltr'><strong>antiqui</strong></span> <span class='ocrx_word' id='word_1_37' title='bbox 1598 1154 1860 1221; x_wconf 88' lang='lat' dir='ltr'><strong>Thomi·</strong></span> 
     </span>
     <span class='ocr_line' id='line_1_8' title="bbox 62 1236 1856 1361; baseline -0.002 -22"><span class='ocrx_word' id='word_1_38' title='bbox 62 1236 252 1346; x_wconf 47' lang='grc' dir='ltr'><strong>ἶῖῗέξζ</strong></span> <span class='ocrx_word' id='word_1_39' title='bbox 290 1284 454 1351; x_wconf 84' lang='lat' dir='ltr'><strong>stae,</strong></span> <span class='ocrx_word' id='word_1_40' title='bbox 484 1293 694 1361; x_wconf 89' lang='lat' dir='ltr'><strong>usque</strong></span> <span class='ocrx_word' id='word_1_41' title='bbox 724 1272 801 1338; x_wconf 90' lang='lat' dir='ltr'><strong>ad</strong></span> <span class='ocrx_word' id='word_1_42' title='bbox 837 1274 1239 1360; x_wconf 76' lang='lat' dir='ltr'><strong>cajetanum,</strong></span> <span class='ocrx_word' id='word_1_43' title='bbox 1280 1271 1644 1339; x_wconf 83' lang='lat' dir='ltr'><strong>Paludanus</strong></span> <span class='ocrx_word' id='word_1_44' title='bbox 1677 1272 1752 1335; x_wconf 84' lang='lat' dir='ltr'><strong>in</strong></span> <span class='ocrx_word' id='word_1_45' title='bbox 1789 1273 1856 1335; x_wconf 83' lang='lat'><strong>4.</strong></span> 
     </span>
     <span class='ocr_line' id='line_1_9' title="bbox 63 1376 1860 1476; baseline -0.002 -22"><span class='ocrx_word' id='word_1_46' title='bbox 63 1376 257 1409; x_wconf 63' lang='lat'><strong>⁸¹¹⁸¹¹³⁸</strong></span> <span class='ocrx_word' id='word_1_47' title='bbox 289 1387 366 1454; x_wconf 86' lang='lat' dir='ltr'><strong>d.</strong></span> <span class='ocrx_word' id='word_1_48' title='bbox 431 1394 497 1455; x_wconf 95' lang='grc'><strong>1.</strong></span> <span class='ocrx_word' id='word_1_49' title='bbox 529 1410 594 1476; x_wconf 89' lang='lat' dir='ltr'><strong>q.</strong></span> <span class='ocrx_word' id='word_1_50' title='bbox 637 1395 694 1456; x_wconf 84' lang='grc'><strong>1.</strong></span> <span class='ocrx_word' id='word_1_51' title='bbox 730 1387 1083 1475; x_wconf 88' lang='lat' dir='ltr'><strong>Capreolus</strong></span> <span class='ocrx_word' id='word_1_52' title='bbox 1113 1411 1174 1476; x_wconf 82' lang='lat' dir='ltr'><strong>q.</strong></span> <span class='ocrx_word' id='word_1_53' title='bbox 1205 1389 1266 1457; x_wconf 88' lang='lat'><strong>1.</strong></span> <span class='ocrx_word' id='word_1_54' title='bbox 1299 1399 1438 1454; x_wconf 83' lang='lat' dir='ltr'><strong>art.</strong></span> <span class='ocrx_word' id='word_1_55' title='bbox 1495 1392 1556 1455; x_wconf 85' lang='lat'><strong>1.</strong></span> <span class='ocrx_word' id='word_1_56' title='bbox 1592 1385 1860 1451; x_wconf 82' lang='lat' dir='ltr'><strong>conclu-</strong></span> 
     </span>
     <span class='ocr_line' id='line_1_10' title="bbox 284 1503 1856 1589; baseline -0.003 -20"><span class='ocrx_word' id='word_1_57' title='bbox 284 1505 493 1571; x_wconf 76' lang='lat' dir='ltr'><strong>sione</strong></span> <span class='ocrx_word' id='word_1_58' title='bbox 558 1508 625 1571; x_wconf 88' lang='lat'><strong>3.</strong></span> <span class='ocrx_word' id='word_1_59' title='bbox 689 1503 1127 1571; x_wconf 88' lang='lat' dir='ltr'><strong>Ferrariensis</strong></span> <span class='ocrx_word' id='word_1_60' title='bbox 1186 1508 1252 1572; x_wconf 86' lang='lat'><strong>4.</strong></span> <span class='ocrx_word' id='word_1_61' title='bbox 1312 1513 1546 1571; x_wconf 79' lang='lat' dir='ltr'><strong>contra</strong></span> <span class='ocrx_word' id='word_1_62' title='bbox 1612 1511 1856 1589; x_wconf 67' lang='lat' dir='ltr'><strong>yenceS,</strong></span> 
     </span>
     <span class='ocr_line' id='line_1_11' title="bbox 287 1617 1865 1711; baseline -0.003 -23"><span class='ocrx_word' id='word_1_63' title='bbox 287 1646 452 1711; x_wconf 82' lang='lat' dir='ltr'><strong>cap.</strong></span> <span class='ocrx_word' id='word_1_64' title='bbox 501 1627 613 1691; x_wconf 76' lang='lat'><strong>57.</strong></span> <span class='ocrx_word' id='word_1_65' title='bbox 656 1623 964 1690; x_wconf 87' lang='lat' dir='ltr'><strong>Eamdem</strong></span> <span class='ocrx_word' id='word_1_66' title='bbox 1010 1621 1400 1689; x_wconf 89' lang='lat' dir='ltr'><strong>sententiam</strong></span> <span class='ocrx_word' id='word_1_67' title='bbox 1446 1619 1723 1707; x_wconf 81' lang='lat' dir='ltr'>primam</span> <span class='ocrx_word' id='word_1_68' title='bbox 1766 1617 1865 1683; x_wconf 92' lang='lat' dir='ltr'><strong>in-</strong></span> 
     </span>
     <span class='ocr_line' id='line_1_12' title="bbox 62 1731 1861 1804; baseline 0.001 -10"><span class='ocrx_word' id='word_1_69' title='bbox 62 1744 206 1796; x_wconf 67' lang='lat' dir='ltr'><strong>ensis.</strong></span> <span class='ocrx_word' id='word_1_70' title='bbox 286 1736 573 1804; x_wconf 84' lang='lat' dir='ltr'><strong>venisse</strong></span> <span class='ocrx_word' id='word_1_71' title='bbox 644 1746 937 1804; x_wconf 90' lang='lat' dir='ltr'><strong>nostrum</strong></span> <span class='ocrx_word' id='word_1_72' title='bbox 996 1734 1436 1802; x_wconf 79' lang='lat' dir='ltr'><strong>Alexandrum</strong></span> <span class='ocrx_word' id='word_1_73' title='bbox 1495 1731 1717 1799; x_wconf 79' lang='lat' dir='ltr'><strong>AlenS.</strong></span> <span class='ocrx_word' id='word_1_74' title='bbox 1793 1732 1861 1796; x_wconf 89' lang='lat'><strong>3.</strong></span> 
     </span>
     <span class='ocr_line' id='line_1_13' title="bbox 282 1850 1864 1943; baseline -0.001 -22"><span class='ocrx_word' id='word_1_75' title='bbox 282 1866 484 1943; x_wconf 77' lang='lat' dir='ltr'><strong>part.</strong></span> <span class='ocrx_word' id='word_1_76' title='bbox 540 1875 603 1941; x_wconf 84' lang='lat' dir='ltr'><strong>q.</strong></span> <span class='ocrx_word' id='word_1_77' title='bbox 658 1860 722 1921; x_wconf 78' lang='lat'><strong>5.</strong></span> <span class='ocrx_word' id='word_1_78' title='bbox 779 1876 865 1920; x_wconf 87' lang='lat' dir='ltr'><strong>m.</strong></span> <span class='ocrx_word' id='word_1_79' title='bbox 904 1856 968 1919; x_wconf 87' lang='lat'><strong>3.</strong></span> <span class='ocrx_word' id='word_1_80' title='bbox 1029 1862 1160 1919; x_wconf 79' lang='lat' dir='ltr'><strong>art.</strong></span> <span class='ocrx_word' id='word_1_81' title='bbox 1208 1857 1273 1920; x_wconf 77' lang='grc' dir='ltr'><strong>ὅ.</strong></span> <span class='ocrx_word' id='word_1_82' title='bbox 1318 1863 1380 1917; x_wconf 81' lang='lat' dir='ltr'><strong>ee</strong></span> <span class='ocrx_word' id='word_1_83' title='bbox 1419 1872 1480 1938; x_wconf 84' lang='lat' dir='ltr'><strong>q.</strong></span> <span class='ocrx_word' id='word_1_84' title='bbox 1547 1852 1611 1917; x_wconf 88' lang='lat'><strong>8.</strong></span> <span class='ocrx_word' id='word_1_85' title='bbox 1649 1873 1735 1916; x_wconf 88' lang='lat' dir='ltr'><strong>m.</strong></span> <span class='ocrx_word' id='word_1_86' title='bbox 1798 1850 1864 1919; x_wconf 89' lang='lat'><strong>8.</strong></span> 
     </span>
     <span class='ocr_line' id='line_1_14' title="bbox 289 1966 1856 2057; baseline -0.001 -20"><span class='ocrx_word' id='word_1_87' title='bbox 289 1983 441 2039; x_wconf 82' lang='lat' dir='ltr'><strong>arc.</strong></span> <span class='ocrx_word' id='word_1_88' title='bbox 489 1976 547 2037; x_wconf 85' lang='grc'><strong>1.</strong></span> <span class='ocrx_word' id='word_1_89' title='bbox 575 1982 756 2057; x_wconf 91' lang='lat' dir='ltr'><strong>putat</strong></span> <span class='ocrx_word' id='word_1_90' title='bbox 789 1971 940 2036; x_wconf 91' lang='lat' dir='ltr'><strong>Soto</strong></span> <span class='ocrx_word' id='word_1_91' title='bbox 971 1968 1297 2047; x_wconf 76' lang='lat' dir='ltr'><strong>citandus,</strong></span> <span class='ocrx_word' id='word_1_92' title='bbox 1327 1967 1443 2035; x_wconf 87' lang='lat' dir='ltr'><strong>sed</strong></span> <span class='ocrx_word' id='word_1_93' title='bbox 1476 1966 1670 2051; x_wconf 91' lang='lat' dir='ltr'><strong>male,</strong></span> <span class='ocrx_word' id='word_1_94' title='bbox 1701 1967 1856 2055; x_wconf 90' lang='lat' dir='ltr'><strong>quia</strong></span> 
     </span>
     <span class='ocr_line' id='line_1_15' title="bbox 288 2085 1862 2174; baseline -0.002 -21"><span class='ocrx_word' id='word_1_95' title='bbox 288 2087 639 2174; x_wconf 83' lang='lat' dir='ltr'><strong>proediceo</strong></span> <span class='ocrx_word' id='word_1_96' title='bbox 675 2099 813 2155; x_wconf 81' lang='lat' dir='ltr'><strong>art.</strong></span> <span class='ocrx_word' id='word_1_97' title='bbox 866 2090 929 2151; x_wconf 77' lang='lat'><strong>5.</strong></span> <span class='ocrx_word' id='word_1_98' title='bbox 986 2085 1177 2152; x_wconf 89' lang='lat' dir='ltr'><strong>docet</strong></span> <span class='ocrx_word' id='word_1_99' title='bbox 1234 2087 1647 2151; x_wconf 78' lang='lat' dir='ltr'><strong>Sacramenta</strong></span> <span class='ocrx_word' id='word_1_100' title='bbox 1701 2104 1862 2151; x_wconf 91' lang='lat' dir='ltr'><strong>cau-</strong></span> 
     </span>
     <span class='ocr_line' id='line_1_16' title="bbox 296 2198 1858 2289; baseline -0.001 -22"><span class='ocrx_word' id='word_1_101' title='bbox 296 2223 458 2269; x_wconf 89' lang='lat' dir='ltr'><strong>sare</strong></span> <span class='ocrx_word' id='word_1_102' title='bbox 499 2201 808 2289; x_wconf 83' lang='lat' dir='ltr'><strong>gratiam,</strong></span> <span class='ocrx_word' id='word_1_103' title='bbox 853 2219 982 2266; x_wconf 91' lang='lat' dir='ltr'><strong>non</strong></span> <span class='ocrx_word' id='word_1_104' title='bbox 1016 2200 1228 2267; x_wconf 90' lang='lat' dir='ltr'><strong>solum</strong></span> <span class='ocrx_word' id='word_1_105' title='bbox 1270 2198 1704 2287; x_wconf 90' lang='lat' dir='ltr'><strong>disponendo,</strong></span> <span class='ocrx_word' id='word_1_106' title='bbox 1743 2198 1858 2265; x_wconf 88' lang='lat' dir='ltr'><strong>sed</strong></span> 
     </span>
     <span class='ocr_line' id='line_1_17' title="bbox 297 2316 688 2385; baseline -0.003 -2"><span class='ocrx_word' id='word_1_107' title='bbox 297 2316 688 2385; x_wconf 79' lang='lat' dir='ltr'><strong>efficiendo.</strong></span> 
     </span>
     <span class='ocr_line' id='line_1_18' title="bbox 63 2429 1865 2504; baseline -0.004 -2"><span class='ocrx_word' id='word_1_108' title='bbox 63 2454 236 2504; x_wconf 71' lang='lat' dir='ltr'><strong>:nouus</strong></span> <span class='ocrx_word' id='word_1_109' title='bbox 396 2431 740 2500; x_wconf 80' lang='lat' dir='ltr'><strong>Secundus</strong></span> <span class='ocrx_word' id='word_1_110' title='bbox 785 2431 1016 2499; x_wconf 87' lang='lat' dir='ltr'><strong>modus</strong></span> <span class='ocrx_word' id='word_1_111' title='bbox 1054 2429 1446 2498; x_wconf 86' lang='lat' dir='ltr'><strong>defendendi</strong></span> <span class='ocrx_word' id='word_1_112' title='bbox 1496 2430 1666 2497; x_wconf 90' lang='lat' dir='ltr'><strong>hanc</strong></span> <span class='ocrx_word' id='word_1_113' title='bbox 1717 2450 1865 2497; x_wconf 88' lang='lat' dir='ltr'><strong>sen-</strong></span> 
     </span>
     <span class='ocr_line' id='line_1_19' title="bbox 63 2518 1863 2643; baseline -0.002 -28"><span class='ocrx_word' id='word_1_114' title='bbox 63 2518 198 2643; x_wconf 43' lang='grc' dir='ltr'><strong>’ᾖξ’</strong></span> <span class='ocrx_word' id='word_1_115' title='bbox 297 2550 584 2615; x_wconf 88' lang='lat' dir='ltr'><strong>tentiam</strong></span> <span class='ocrx_word' id='word_1_116' title='bbox 615 2564 714 2615; x_wconf 89' lang='lat' dir='ltr'><strong>est</strong></span> <span class='ocrx_word' id='word_1_117' title='bbox 760 2549 894 2616; x_wconf 92' lang='lat' dir='ltr'><strong>Soti</strong></span> <span class='ocrx_word' id='word_1_118' title='bbox 929 2553 991 2615; x_wconf 87' lang='grc'><strong>4.</strong></span> <span class='ocrx_word' id='word_1_119' title='bbox 1027 2548 1095 2616; x_wconf 76' lang='lat' dir='ltr'><strong>cl.</strong></span> <span class='ocrx_word' id='word_1_120' title='bbox 1141 2553 1198 2615; x_wconf 94' lang='grc'><strong>1.</strong></span> <span class='ocrx_word' id='word_1_121' title='bbox 1236 2570 1302 2637; x_wconf 84' lang='lat' dir='ltr'><strong>q.</strong></span> <span class='ocrx_word' id='word_1_122' title='bbox 1359 2553 1425 2615; x_wconf 88' lang='lat'><strong>3.</strong></span> <span class='ocrx_word' id='word_1_123' title='bbox 1464 2559 1597 2616; x_wconf 78' lang='lat' dir='ltr'><strong>art.</strong></span> <span class='ocrx_word' id='word_1_124' title='bbox 1641 2552 1705 2614; x_wconf 94' lang='grc'><strong>1.</strong></span> <span class='ocrx_word' id='word_1_125' title='bbox 1752 2547 1863 2636; x_wconf 89' lang='lat' dir='ltr'><strong>qui</strong></span> 
     </span>
     <span class='ocr_line' id='line_1_20' title="bbox 62 2643 1868 2756; baseline -0.001 -24"><span class='ocrx_word' id='word_1_126' title='bbox 62 2643 269 2756; x_wconf 53' lang='lat' dir='ltr'><strong>{ffi‘u‘</strong></span> <span class='ocrx_word' id='word_1_127' title='bbox 304 2680 381 2732; x_wconf 92' lang='lat' dir='ltr'><strong>ut</strong></span> <span class='ocrx_word' id='word_1_128' title='bbox 412 2665 923 2752; x_wconf 89' lang='lat' dir='ltr'><strong>comprehendat</strong></span> <span class='ocrx_word' id='word_1_129' title='bbox 955 2665 1083 2732; x_wconf 93' lang='lat' dir='ltr'><strong>duo</strong></span> <span class='ocrx_word' id='word_1_130' title='bbox 1113 2679 1428 2745; x_wconf 84' lang='lat' dir='ltr'><strong>extrema,</strong></span> <span class='ocrx_word' id='word_1_131' title='bbox 1458 2684 1692 2752; x_wconf 87' lang='lat' dir='ltr'><strong>nempe</strong></span> <span class='ocrx_word' id='word_1_132' title='bbox 1712 2684 1868 2751; x_wconf 90' lang='lat' dir='ltr'><strong>gra-</strong></span> 
     </span>
     <span class='ocr_line' id='line_1_21' title="bbox 302 2778 1866 2867; baseline 0 -22"><span class='ocrx_word' id='word_1_133' title='bbox 302 2781 471 2847; x_wconf 82' lang='lat' dir='ltr'><strong>tiam</strong></span> <span class='ocrx_word' id='word_1_134' title='bbox 522 2801 650 2847; x_wconf 89' lang='lat' dir='ltr'><strong>non</strong></span> <span class='ocrx_word' id='word_1_135' title='bbox 691 2781 880 2847; x_wconf 84' lang='lat' dir='ltr'><strong>educi</strong></span> <span class='ocrx_word' id='word_1_136' title='bbox 931 2780 1010 2846; x_wconf 88' lang='lat' dir='ltr'><strong>de</strong></span> <span class='ocrx_word' id='word_1_137' title='bbox 1078 2780 1367 2867; x_wconf 91' lang='lat' dir='ltr'><strong>potentia</strong></span> <span class='ocrx_word' id='word_1_138' title='bbox 1405 2780 1704 2867; x_wconf 88' lang='lat' dir='ltr'><strong>subjecti,</strong></span> <span class='ocrx_word' id='word_1_139' title='bbox 1752 2778 1866 2846; x_wconf 92' lang='lat' dir='ltr'><strong>sed</strong></span> 
     </span>
     <span class='ocr_line' id='line_1_22' title="bbox 300 2896 1867 2984; baseline 0 -23"><span class='ocrx_word' id='word_1_140' title='bbox 300 2897 545 2976; x_wconf 86' lang='lat' dir='ltr'><strong>creari,</strong></span> <span class='ocrx_word' id='word_1_141' title='bbox 581 2909 646 2962; x_wconf 93' lang='lat' dir='ltr'><strong>et</strong></span> <span class='ocrx_word' id='word_1_142' title='bbox 675 2899 1090 2963; x_wconf 91' lang='lat' dir='ltr'><strong>Sacramenta</strong></span> <span class='ocrx_word' id='word_1_143' title='bbox 1121 2896 1363 2962; x_wconf 89' lang='lat' dir='ltr'><strong>habere</strong></span> <span class='ocrx_word' id='word_1_144' title='bbox 1394 2908 1691 2984; x_wconf 90' lang='lat' dir='ltr'><strong>respectu</strong></span> <span class='ocrx_word' id='word_1_145' title='bbox 1723 2897 1867 2984; x_wconf 85' lang='lat' dir='ltr'><strong>ejus</strong></span> 
     </span>
     <span class='ocr_line' id='line_1_23' title="bbox 303 3012 1869 3100; baseline 0.001 -22"><span class='ocrx_word' id='word_1_146' title='bbox 303 3012 762 3080; x_wconf 81' lang='lat' dir='ltr'><strong>causalitatem</strong></span> <span class='ocrx_word' id='word_1_147' title='bbox 811 3013 1177 3100; x_wconf 87' lang='lat' dir='ltr'><strong>physicam,</strong></span> <span class='ocrx_word' id='word_1_148' title='bbox 1235 3012 1393 3079; x_wconf 91' lang='lat' dir='ltr'><strong>dicit</strong></span> <span class='ocrx_word' id='word_1_149' title='bbox 1448 3015 1869 3080; x_wconf 87' lang='lat' dir='ltr'><strong>Sacramenta</strong></span> 
     </span>
     <span class='ocr_line' id='line_1_24' title="bbox 305 3128 1870 3218; baseline 0.001 -22"><span class='ocrx_word' id='word_1_150' title='bbox 305 3148 586 3197; x_wconf 86' lang='lat' dir='ltr'><strong>causare</strong></span> <span class='ocrx_word' id='word_1_151' title='bbox 622 3128 924 3217; x_wconf 88' lang='lat' dir='ltr'><strong>gratiam,</strong></span> <span class='ocrx_word' id='word_1_152' title='bbox 963 3128 1116 3218; x_wconf 87' lang='lat' dir='ltr'><strong>quia</strong></span> <span class='ocrx_word' id='word_1_153' title='bbox 1145 3140 1416 3197; x_wconf 90' lang='lat' dir='ltr'><strong>causant</strong></span> <span class='ocrx_word' id='word_1_154' title='bbox 1442 3139 1702 3217; x_wconf 88' lang='lat' dir='ltr'><strong>gratum</strong></span> <span class='ocrx_word' id='word_1_155' title='bbox 1724 3150 1870 3198; x_wconf 79' lang='lat' dir='ltr'><strong>esse</strong></span> 
     </span>
     <span class='ocr_line' id='line_1_25' title="bbox 303 3246 1867 3334; baseline 0.002 -24"><span class='ocrx_word' id='word_1_156' title='bbox 303 3246 696 3333; x_wconf 87' lang='lat' dir='ltr'><strong>attingendo</strong></span> <span class='ocrx_word' id='word_1_157' title='bbox 736 3267 864 3313; x_wconf 94' lang='lat' dir='ltr'><strong>non</strong></span> <span class='ocrx_word' id='word_1_158' title='bbox 907 3247 1112 3334; x_wconf 89' lang='lat' dir='ltr'><strong>ipsam</strong></span> <span class='ocrx_word' id='word_1_159' title='bbox 1163 3247 1465 3326; x_wconf 79' lang='lat' dir='ltr'><strong>formam,</strong></span> <span class='ocrx_word' id='word_1_160' title='bbox 1501 3247 1617 3314; x_wconf 91' lang='lat' dir='ltr'><strong>sed</strong></span> <span class='ocrx_word' id='word_1_161' title='bbox 1678 3247 1867 3314; x_wconf 92' lang='lat' dir='ltr'><strong>unio-</strong></span> 
     </span>
     <span class='ocr_line' id='line_1_26' title="bbox 307 3362 1863 3451; baseline 0.001 -23"><span class='ocrx_word' id='word_1_162' title='bbox 307 3383 462 3429; x_wconf 89' lang='lat' dir='ltr'><strong>nem</strong></span> <span class='ocrx_word' id='word_1_163' title='bbox 495 3364 639 3451; x_wconf 89' lang='lat' dir='ltr'><strong>ejus</strong></span> <span class='ocrx_word' id='word_1_164' title='bbox 675 3362 755 3430; x_wconf 92' lang='lat' dir='ltr'><strong>ad</strong></span> <span class='ocrx_word' id='word_1_165' title='bbox 795 3364 1188 3451; x_wconf 78' lang='lat' dir='ltr'><strong>subJectum,</strong></span> <span class='ocrx_word' id='word_1_166' title='bbox 1233 3362 1402 3429; x_wconf 89' lang='lat' dir='ltr'><strong>sicut</strong></span> <span class='ocrx_word' id='word_1_167' title='bbox 1437 3364 1632 3429; x_wconf 89' lang='lat' dir='ltr'><strong>homo</strong></span> <span class='ocrx_word' id='word_1_168' title='bbox 1661 3384 1863 3450; x_wconf 87' lang='lat' dir='ltr'><strong>gene-</strong></span> 
     </span>
     <span class='ocr_line' id='line_1_27' title="bbox 303 3478 1863 3568; baseline 0 -22"><span class='ocrx_word' id='word_1_169' title='bbox 303 3500 465 3546; x_wconf 87' lang='lat' dir='ltr'><strong>rans</strong></span> <span class='ocrx_word' id='word_1_170' title='bbox 513 3479 716 3545; x_wconf 90' lang='lat' dir='ltr'><strong>alium</strong></span> <span class='ocrx_word' id='word_1_171' title='bbox 769 3478 1129 3560; x_wconf 81' lang='lat' dir='ltr'><strong>hominem,</strong></span> <span class='ocrx_word' id='word_1_172' title='bbox 1187 3500 1314 3546; x_wconf 92' lang='lat' dir='ltr'><strong>non</strong></span> <span class='ocrx_word' id='word_1_173' title='bbox 1375 3479 1673 3568; x_wconf 87' lang='lat' dir='ltr'><strong>producit</strong></span> <span class='ocrx_word' id='word_1_174' title='bbox 1720 3480 1863 3546; x_wconf 91' lang='lat' dir='ltr'><strong>ani-</strong></span> 
     </span>
     <span class='ocr_line' id='line_1_28' title="bbox 307 3594 1866 3684; baseline 0 -22"><span class='ocrx_word' id='word_1_175' title='bbox 307 3616 488 3662; x_wconf 89' lang='lat' dir='ltr'><strong>mam</strong></span> <span class='ocrx_word' id='word_1_176' title='bbox 529 3594 938 3676; x_wconf 84' lang='lat' dir='ltr'><strong>rationalem,</strong></span> <span class='ocrx_word' id='word_1_177' title='bbox 996 3617 1146 3684; x_wconf 75' lang='lat' dir='ltr'><strong>quce</strong></span> <span class='ocrx_word' id='word_1_178' title='bbox 1202 3607 1482 3675; x_wconf 92' lang='lat' dir='ltr'><strong>creatur,</strong></span> <span class='ocrx_word' id='word_1_179' title='bbox 1547 3595 1663 3662; x_wconf 78' lang='lat' dir='ltr'><strong>&#39;sed</strong></span> <span class='ocrx_word' id='word_1_180' title='bbox 1722 3594 1866 3680; x_wconf 88' lang='lat' dir='ltr'><strong>ejus</strong></span> 
     </span>
     <span class='ocr_line' id='line_1_29' title="bbox 309 3708 1866 3802; baseline 0 -25"><span class='ocrx_word' id='word_1_181' title='bbox 309 3711 624 3777; x_wconf 92' lang='lat' dir='ltr'><strong>unionem</strong></span> <span class='ocrx_word' id='word_1_182' title='bbox 656 3709 734 3777; x_wconf 94' lang='lat' dir='ltr'><strong>ad</strong></span> <span class='ocrx_word' id='word_1_183' title='bbox 774 3708 1171 3802; x_wconf 87' lang='lat' dir='ltr'><strong>subjectum,</strong></span> <span class='ocrx_word' id='word_1_184' title='bbox 1221 3732 1296 3779; x_wconf 89' lang='lat' dir='ltr'><strong>ac</strong></span> <span class='ocrx_word' id='word_1_185' title='bbox 1327 3710 1599 3797; x_wconf 90' lang='lat' dir='ltr'><strong>proinde</strong></span> <span class='ocrx_word' id='word_1_186' title='bbox 1629 3711 1866 3779; x_wconf 89' lang='lat' dir='ltr'><strong>dicitur</strong></span> 
     </span>
     <span class='ocr_line' id='line_1_30' title="bbox 305 3826 1867 3914; baseline 0.001 -21"><span class='ocrx_word' id='word_1_187' title='bbox 305 3847 633 3914; x_wconf 89' lang='lat' dir='ltr'><strong>generare</strong></span> <span class='ocrx_word' id='word_1_188' title='bbox 678 3826 1036 3893; x_wconf 89' lang='lat' dir='ltr'><strong>hominem.</strong></span> <span class='ocrx_word' id='word_1_189' title='bbox 1092 3830 1277 3895; x_wconf 88' lang='lat' dir='ltr'><strong>Hunc</strong></span> <span class='ocrx_word' id='word_1_190' title='bbox 1325 3827 1588 3894; x_wconf 91' lang='lat' dir='ltr'><strong>modum</strong></span> <span class='ocrx_word' id='word_1_191' title='bbox 1642 3839 1867 3895; x_wconf 88' lang='lat' dir='ltr'><strong>censet</strong></span> 
     </span>
    </p>
   </div>
   <div class='ocr_carea' id='block_1_3' title="bbox 308 3942 1858 4124">
    <p class='ocr_par' dir='ltr' id='par_1_3' title="bbox 308 3942 1858 4124">
     <span class='ocr_line' id='line_1_31' title="bbox 309 3942 1858 4032; baseline 0.002 -23"><span class='ocrx_word' id='word_1_192' title='bbox 309 3942 718 4030; x_wconf 90' lang='lat' dir='ltr'><strong>probabilem</strong></span> <span class='ocrx_word' id='word_1_193' title='bbox 779 3943 1091 4011; x_wconf 88' lang='lat' dir='ltr'><strong>Ledesma</strong></span> <span class='ocrx_word' id='word_1_194' title='bbox 1143 3946 1216 4011; x_wconf 85' lang='lat' dir='ltr'><strong>in</strong></span> <span class='ocrx_word' id='word_1_195' title='bbox 1269 3949 1330 4011; x_wconf 83' lang='lat'><strong>1.</strong></span> <span class='ocrx_word' id='word_1_196' title='bbox 1379 3966 1448 4031; x_wconf 86' lang='lat' dir='ltr'><strong>p.</strong></span> <span class='ocrx_word' id='word_1_197' title='bbox 1505 3949 1569 4011; x_wconf 83' lang='lat'><strong>4.</strong></span> <span class='ocrx_word' id='word_1_198' title='bbox 1629 3955 1858 4032; x_wconf 78' lang='lat' dir='ltr'><strong>qucest.</strong></span> 
     </span>
     <span class='ocr_line' id='line_1_32' title="bbox 308 4057 665 4124; baseline 0.011 -6"><span class='ocrx_word' id='word_1_199' title='bbox 308 4057 376 4122; x_wconf 87' lang='lat'><strong>3.</strong></span> <span class='ocrx_word' id='word_1_200' title='bbox 421 4067 557 4121; x_wconf 84' lang='lat' dir='ltr'><strong>art.</strong></span> <span class='ocrx_word' id='word_1_201' title='bbox 602 4057 665 4124; x_wconf 93' lang='lat'><strong>1.</strong></span> 
     </span>
    </p>
   </div>
   <div class='ocr_carea' id='block_1_4' title="bbox 66 4188 1864 5553">
    <p class='ocr_par' dir='ltr' id='par_1_4' title="bbox 66 4188 1861 4510">
     <span class='ocr_line' id='line_1_33' title="bbox 111 4188 1855 4279; baseline 0.005 -28"><span class='ocrx_word' id='word_1_202' title='bbox 111 4210 172 4279; x_wconf 23' lang='lat'><strong>4,-</strong></span> <span class='ocrx_word' id='word_1_203' title='bbox 399 4188 661 4254; x_wconf 89' lang='lat' dir='ltr'><strong>Tertius</strong></span> <span class='ocrx_word' id='word_1_204' title='bbox 703 4188 935 4256; x_wconf 90' lang='lat' dir='ltr'><strong>modus</strong></span> <span class='ocrx_word' id='word_1_205' title='bbox 973 4201 1073 4256; x_wconf 91' lang='lat' dir='ltr'><strong>est</strong></span> <span class='ocrx_word' id='word_1_206' title='bbox 1112 4191 1398 4279; x_wconf 86' lang='lat' dir='ltr'><strong>Cajetani</strong></span> <span class='ocrx_word' id='word_1_207' title='bbox 1441 4194 1508 4258; x_wconf 90' lang='lat'><strong>3.</strong></span> <span class='ocrx_word' id='word_1_208' title='bbox 1541 4213 1610 4278; x_wconf 84' lang='lat' dir='ltr'><strong>p.</strong></span> <span class='ocrx_word' id='word_1_209' title='bbox 1648 4212 1710 4279; x_wconf 84' lang='lat' dir='ltr'><strong>q.</strong></span> <span class='ocrx_word' id='word_1_210' title='bbox 1747 4193 1855 4260; x_wconf 63' lang='lat'><strong>69.</strong></span> 
     </span>
     <span class='ocr_line' id='line_1_34' title="bbox 66 4270 1861 4395; baseline 0.004 -28"><span class='ocrx_word' id='word_1_211' title='bbox 66 4270 234 4384; x_wconf 46' lang='grc' dir='ltr'><strong>Εςᾟζῗ</strong></span> <span class='ocrx_word' id='word_1_212' title='bbox 311 4313 448 4370; x_wconf 76' lang='lat' dir='ltr'><strong>art.</strong></span> <span class='ocrx_word' id='word_1_213' title='bbox 500 4309 556 4369; x_wconf 85' lang='grc'><strong>1.</strong></span> <span class='ocrx_word' id='word_1_214' title='bbox 593 4314 656 4369; x_wconf 91' lang='lat' dir='ltr'><strong>et</strong></span> <span class='ocrx_word' id='word_1_215' title='bbox 693 4307 759 4371; x_wconf 84' lang='lat'><strong>4.</strong></span> <span class='ocrx_word' id='word_1_216' title='bbox 797 4304 905 4372; x_wconf 91' lang='lat' dir='ltr'><strong>ubi</strong></span> <span class='ocrx_word' id='word_1_217' title='bbox 945 4304 1133 4373; x_wconf 92' lang='lat' dir='ltr'><strong>docet</strong></span> <span class='ocrx_word' id='word_1_218' title='bbox 1171 4306 1406 4395; x_wconf 88' lang='lat' dir='ltr'><strong>attingi</strong></span> <span class='ocrx_word' id='word_1_219' title='bbox 1447 4307 1656 4394; x_wconf 88' lang='lat' dir='ltr'><strong>ipsam</strong></span> <span class='ocrx_word' id='word_1_220' title='bbox 1691 4308 1861 4374; x_wconf 92' lang='lat' dir='ltr'><strong>enti-</strong></span> 
     </span>
     <span class='ocr_line' id='line_1_35' title="bbox 67 4399 1860 4510; baseline 0.005 -29"><span class='ocrx_word' id='word_1_221' title='bbox 67 4399 250 4459; x_wconf 70' lang='lat' dir='ltr'><strong>³J⁰¹³⁰³·</strong></span> <span class='ocrx_word' id='word_1_222' title='bbox 314 4428 515 4483; x_wconf 88' lang='lat' dir='ltr'><strong>tatem</strong></span> <span class='ocrx_word' id='word_1_223' title='bbox 545 4418 802 4505; x_wconf 73' lang='lat' dir='ltr'><strong>gratiae,</strong></span> <span class='ocrx_word' id='word_1_224' title='bbox 859 4440 974 4505; x_wconf 93' lang='lat' dir='ltr'><strong>per</strong></span> <span class='ocrx_word' id='word_1_225' title='bbox 1031 4430 1469 4502; x_wconf 85' lang='lat' dir='ltr'><strong>Sacramenta,</strong></span> <span class='ocrx_word' id='word_1_226' title='bbox 1549 4435 1860 4510; x_wconf 89' lang='lat' dir='ltr'><strong>tanquam</strong></span> 
     </span>
    </p>

    <p class='ocr_par' dir='ltr' id='par_1_5' title="bbox 68 4532 1864 5553">
     <span class='ocr_line' id='line_1_36' title="bbox 313 4532 1864 4626; baseline 0.006 -28"><span class='ocrx_word' id='word_1_227' title='bbox 313 4532 749 4600; x_wconf 84' lang='lat' dir='ltr'><strong>instrumenta</strong></span> <span class='ocrx_word' id='word_1_228' title='bbox 812 4535 1084 4622; x_wconf 89' lang='lat' dir='ltr'><strong>physica</strong></span> <span class='ocrx_word' id='word_1_229' title='bbox 1141 4537 1475 4618; x_wconf 88' lang='lat' dir='ltr'><strong>causandi,</strong></span> <span class='ocrx_word' id='word_1_230' title='bbox 1558 4558 1686 4604; x_wconf 93' lang='lat' dir='ltr'><strong>non</strong></span> <span class='ocrx_word' id='word_1_231' title='bbox 1748 4560 1864 4626; x_wconf 89' lang='lat' dir='ltr'><strong>per</strong></span> 
     </span>
     <span class='ocr_line' id='line_1_37' title="bbox 310 4649 1863 4745; baseline 0.006 -30"><span class='ocrx_word' id='word_1_232' title='bbox 310 4649 598 4737; x_wconf 86' lang='lat' dir='ltr'><strong>aliquam</strong></span> <span class='ocrx_word' id='word_1_233' title='bbox 664 4651 1125 4740; x_wconf 90' lang='lat' dir='ltr'><strong>dipositionem</strong></span> <span class='ocrx_word' id='word_1_234' title='bbox 1218 4656 1561 4743; x_wconf 70' lang='lat' dir='ltr'><strong>praeviam,</strong></span> <span class='ocrx_word' id='word_1_235' title='bbox 1651 4677 1863 4745; x_wconf 89' lang='lat' dir='ltr'><strong>neque</strong></span> 
     </span>
     <span class='ocr_line' id='line_1_38' title="bbox 315 4767 1862 4861; baseline 0.005 -28"><span class='ocrx_word' id='word_1_236' title='bbox 315 4787 432 4853; x_wconf 87' lang='lat' dir='ltr'><strong>per</strong></span> <span class='ocrx_word' id='word_1_237' title='bbox 471 4767 784 4836; x_wconf 83' lang='lat' dir='ltr'><strong>virtutem</strong></span> <span class='ocrx_word' id='word_1_238' title='bbox 818 4782 1143 4857; x_wconf 90' lang='lat' dir='ltr'><strong>receptam</strong></span> <span class='ocrx_word' id='word_1_239' title='bbox 1197 4770 1262 4836; x_wconf 96' lang='lat' dir='ltr'><strong>in</strong></span> <span class='ocrx_word' id='word_1_240' title='bbox 1323 4772 1505 4859; x_wconf 88' lang='lat' dir='ltr'><strong>ipsis,</strong></span> <span class='ocrx_word' id='word_1_241' title='bbox 1570 4794 1718 4861; x_wconf 83' lang='lat' dir='ltr'><strong>quoe</strong></span> <span class='ocrx_word' id='word_1_242' title='bbox 1776 4773 1862 4840; x_wconf 88' lang='lat' dir='ltr'><strong>sit</strong></span> 
     </span>
     <span class='ocr_line' id='line_1_39' title="bbox 69 4882 1861 4974; baseline 0.01 -36"><span class='ocrx_word' id='word_1_243' title='bbox 69 4888 247 4940; x_wconf 72' lang='lat' dir='ltr'><strong>:ausam</strong></span> <span class='ocrx_word' id='word_1_244' title='bbox 314 4882 709 4970; x_wconf 89' lang='lat' dir='ltr'><strong>principium</strong></span> <span class='ocrx_word' id='word_1_245' title='bbox 742 4885 1014 4952; x_wconf 85' lang='lat' dir='ltr'><strong>actionis</strong></span> <span class='ocrx_word' id='word_1_246' title='bbox 1056 4908 1444 4974; x_wconf 83' lang='lat' dir='ltr'><strong>permanens</strong></span> <span class='ocrx_word' id='word_1_247' title='bbox 1490 4902 1601 4955; x_wconf 92' lang='lat' dir='ltr'><strong>aut</strong></span> <span class='ocrx_word' id='word_1_248' title='bbox 1687 4900 1861 4956; x_wconf 89' lang='lat' dir='ltr'><strong>tran·</strong></span> 
     </span>
     <span class='ocr_line' id='line_1_40' title="bbox 68 4971 1863 5092; baseline 0.005 -28"><span class='ocrx_word' id='word_1_249' title='bbox 68 4971 228 5068; x_wconf 56' lang='lat' dir='ltr'><strong>mffim</strong></span> <span class='ocrx_word' id='word_1_250' title='bbox 315 5000 520 5080; x_wconf 87' lang='lat' dir='ltr'><strong>siens,</strong></span> <span class='ocrx_word' id='word_1_251' title='bbox 587 5001 699 5069; x_wconf 89' lang='lat' dir='ltr'><strong>sed</strong></span> <span class='ocrx_word' id='word_1_252' title='bbox 762 5023 875 5088; x_wconf 90' lang='lat' dir='ltr'><strong>per</strong></span> <span class='ocrx_word' id='word_1_253' title='bbox 929 5014 1176 5070; x_wconf 91' lang='lat' dir='ltr'><strong>motum</strong></span> <span class='ocrx_word' id='word_1_254' title='bbox 1238 5016 1567 5092; x_wconf 90' lang='lat' dir='ltr'><strong>receptum</strong></span> <span class='ocrx_word' id='word_1_255' title='bbox 1631 5025 1668 5072; x_wconf 90' lang='lat' dir='ltr'><strong>a</strong></span> <span class='ocrx_word' id='word_1_256' title='bbox 1712 5027 1863 5074; x_wconf 88' lang='lat' dir='ltr'><strong>cau-</strong></span> 
     </span>
     <span class='ocr_line' id='line_1_41' title="bbox 68 5089 1861 5207; baseline 0.004 -26"><span class='ocrx_word' id='word_1_257' title='bbox 68 5089 253 5206; x_wconf 55' lang='lat' dir='ltr'><strong>”iffifflu</strong></span> <span class='ocrx_word' id='word_1_258' title='bbox 316 5136 392 5183; x_wconf 86' lang='lat' dir='ltr'><strong>sa</strong></span> <span class='ocrx_word' id='word_1_259' title='bbox 432 5116 797 5204; x_wconf 85' lang='lat' dir='ltr'><strong>principali,</strong></span> <span class='ocrx_word' id='word_1_260' title='bbox 833 5140 953 5205; x_wconf 90' lang='lat' dir='ltr'><strong>per</strong></span> <span class='ocrx_word' id='word_1_261' title='bbox 993 5140 1186 5207; x_wconf 90' lang='lat' dir='ltr'><strong>quem</strong></span> <span class='ocrx_word' id='word_1_262' title='bbox 1251 5119 1616 5201; x_wconf 65' lang='lat' dir='ltr'><strong>elevantum</strong></span> <span class='ocrx_word' id='word_1_263' title='bbox 1685 5122 1861 5189; x_wconf 88' lang='lat' dir='ltr'><strong>hunc</strong></span> 
     </span>
     <span class='ocr_line' id='line_1_42' title="bbox 68 5213 1857 5320; baseline 0.004 -25"><span class='ocrx_word' id='word_1_264' title='bbox 68 5213 254 5268; x_wconf 51' lang='lat'><strong>&#39;‘⁸¹⁸³&#39;‘</strong></span> <span class='ocrx_word' id='word_1_265' title='bbox 316 5244 567 5298; x_wconf 89' lang='lat' dir='ltr'><strong>motum</strong></span> <span class='ocrx_word' id='word_1_266' title='bbox 618 5236 684 5298; x_wconf 88' lang='lat'><strong>3.</strong></span> <span class='ocrx_word' id='word_1_267' title='bbox 745 5255 812 5319; x_wconf 89' lang='lat' dir='ltr'><strong>p.</strong></span> <span class='ocrx_word' id='word_1_268' title='bbox 877 5255 940 5320; x_wconf 85' lang='lat' dir='ltr'><strong>q.</strong></span> <span class='ocrx_word' id='word_1_269' title='bbox 994 5234 1103 5301; x_wconf 89' lang='lat'><strong>18.</strong></span> <span class='ocrx_word' id='word_1_270' title='bbox 1156 5246 1287 5301; x_wconf 82' lang='lat' dir='ltr'><strong>art.</strong></span> <span class='ocrx_word' id='word_1_271' title='bbox 1350 5238 1410 5300; x_wconf 77' lang='lat'><strong>2.</strong></span> <span class='ocrx_word' id='word_1_272' title='bbox 1468 5237 1555 5302; x_wconf 88' lang='lat' dir='ltr'><strong>ita</strong></span> <span class='ocrx_word' id='word_1_273' title='bbox 1593 5235 1857 5303; x_wconf 90' lang='lat' dir='ltr'><strong>demum</strong></span> 
     </span>
     <span class='ocr_line' id='line_1_43' title="bbox 315 5346 1859 5439; baseline 0.003 -24"><span class='ocrx_word' id='word_1_274' title='bbox 315 5358 534 5415; x_wconf 86' lang='lat' dir='ltr'><strong>autem</strong></span> <span class='ocrx_word' id='word_1_275' title='bbox 576 5346 879 5433; x_wconf 83' lang='lat' dir='ltr'><strong>explicat,</strong></span> <span class='ocrx_word' id='word_1_276' title='bbox 925 5361 994 5415; x_wconf 92' lang='lat' dir='ltr'><strong>ut</strong></span> <span class='ocrx_word' id='word_1_277' title='bbox 1023 5350 1109 5415; x_wconf 90' lang='lat' dir='ltr'><strong>sit</strong></span> <span class='ocrx_word' id='word_1_278' title='bbox 1152 5350 1600 5418; x_wconf 89' lang='lat' dir='ltr'><strong>intentionalis</strong></span> <span class='ocrx_word' id='word_1_279' title='bbox 1640 5364 1705 5419; x_wconf 90' lang='lat' dir='ltr'><strong>et</strong></span> <span class='ocrx_word' id='word_1_280' title='bbox 1726 5353 1859 5439; x_wconf 89' lang='lat' dir='ltr'><strong>spi-</strong></span> 
     </span>
     <span class='ocr_line' id='line_1_44' title="bbox 315 5462 1860 5553; baseline 0.005 -23"><span class='ocrx_word' id='word_1_281' title='bbox 315 5462 597 5545; x_wconf 88' lang='lat' dir='ltr'><strong>ritualis,</strong></span> <span class='ocrx_word' id='word_1_282' title='bbox 676 5485 805 5531; x_wconf 92' lang='lat' dir='ltr'><strong>non</strong></span> <span class='ocrx_word' id='word_1_283' title='bbox 848 5487 963 5553; x_wconf 93' lang='lat' dir='ltr'><strong>per</strong></span> <span class='ocrx_word' id='word_1_284' title='bbox 1042 5465 1305 5535; x_wconf 90' lang='lat' dir='ltr'><strong>modum</strong></span> <span class='ocrx_word' id='word_1_285' title='bbox 1374 5490 1532 5537; x_wconf 87' lang='lat' dir='ltr'><strong>usus</strong></span> <span class='ocrx_word' id='word_1_286' title='bbox 1616 5468 1860 5537; x_wconf 82' lang='lat' dir='ltr'><strong>instru-</strong></span> 
     </span>
    </p>
   </div>
   <div class='ocr_carea' id='block_1_5' title="bbox 314 5579 1861 5668">
    <p class='ocr_par' dir='ltr' id='par_1_6' title="bbox 314 5579 1861 5668">
     <span class='ocr_line' id='line_1_45' title="bbox 314 5579 1861 5668; baseline 0.003 -21"><span class='ocrx_word' id='word_1_287' title='bbox 314 5579 545 5662; x_wconf 89' lang='lat' dir='ltr'><strong>menti,</strong></span> <span class='ocrx_word' id='word_1_288' title='bbox 588 5601 719 5668; x_wconf 89' lang='lat' dir='ltr'><strong>qua</strong></span> <span class='ocrx_word' id='word_1_289' title='bbox 747 5601 864 5668; x_wconf 88' lang='lat' dir='ltr'><strong>per</strong></span> <span class='ocrx_word' id='word_1_290' title='bbox 901 5581 1221 5650; x_wconf 89' lang='lat' dir='ltr'><strong>actionem</strong></span> <span class='ocrx_word' id='word_1_291' title='bbox 1271 5584 1632 5652; x_wconf 88' lang='lat' dir='ltr'><strong>naturalem</strong></span> <span class='ocrx_word' id='word_1_292' title='bbox 1653 5584 1861 5653; x_wconf 76' lang='lat' dir='ltr'><strong>defert</strong></span> 
     </span>
    </p>
   </div>
   <div class='ocr_carea' id='block_1_6' title="bbox 63 1175 110 1219">
    <p class='ocr_par' dir='ltr' id='par_1_7' title="bbox 63 1175 110 1219">
     <span class='ocr_line' id='line_1_46' title="bbox 63 1175 110 1219; baseline 0 0"><span class='ocrx_word' id='word_1_293' title='bbox 63 1175 110 1219; x_wconf 77' lang='lat'><strong>¹3.</strong></span> 
     </span>
    </p>
   </div>
   <div class='ocr_carea' id='block_1_7' title="bbox 62 3049 242 3400">
    <p class='ocr_par' dir='ltr' id='par_1_8' title="bbox 62 3049 242 3400">
     <span class='ocr_line' id='line_1_47' title="bbox 63 3049 230 3083; baseline 0.012 -2"><span class='ocrx_word' id='word_1_294' title='bbox 63 3049 230 3083; x_wconf 75' lang='lat' dir='ltr'><strong>nusare</strong></span> 
     </span>
     <span class='ocr_line' id='line_1_48' title="bbox 62 3104 202 3147; baseline 0 0"><span class='ocrx_word' id='word_1_295' title='bbox 62 3104 202 3147; x_wconf 52' lang='lat' dir='ltr'><strong>fatum</strong></span> 
     </span>
     <span class='ocr_line' id='line_1_49' title="bbox 63 3175 242 3222; baseline -0.006 -14"><span class='ocrx_word' id='word_1_296' title='bbox 63 3176 128 3222; x_wconf 71' lang='lat' dir='ltr'><strong>se,</strong></span> <span class='ocrx_word' id='word_1_297' title='bbox 155 3175 242 3211; x_wconf 61' lang='lat' dir='ltr'><strong>seu</strong></span> 
     </span>
     <span class='ocr_line' id='line_1_50' title="bbox 63 3223 239 3272; baseline 0.011 -2"><span class='ocrx_word' id='word_1_298' title='bbox 63 3223 239 3272; x_wconf 74' lang='lat' dir='ltr'><strong>iionem</strong></span> 
     </span>
     <span class='ocr_line' id='line_1_51' title="bbox 64 3293 212 3335; baseline 0.027 -4"><span class='ocrx_word' id='word_1_299' title='bbox 64 3293 212 3335; x_wconf 71' lang='lat' dir='ltr'><strong>nutum</strong></span> 
     </span>
     <span class='ocr_line' id='line_1_52' title="bbox 65 3350 218 3400; baseline 0.02 -3"><span class='ocrx_word' id='word_1_300' title='bbox 65 3350 218 3400; x_wconf 76' lang='lat' dir='ltr'><strong>ratiae.</strong></span> 
     </span>
    </p>
   </div>
   <div class='ocr_carea' id='block_1_8' title="bbox 3401 410 3510 473">
    <p class='ocr_par' dir='ltr' id='par_1_9' title="bbox 3401 410 3510 473">
     <span class='ocr_line' id='line_1_53' title="bbox 3401 410 3510 473; baseline 0.009 -2"><span class='ocrx_word' id='word_1_301' title='bbox 3401 410 3510 473; x_wconf 73' lang='lat'><strong>143</strong></span> 
     </span>
    </p>
   </div>
   <div class='ocr_carea' id='block_1_9' title="bbox 1968 570 3826 2641">
    <p class='ocr_par' dir='ltr' id='par_1_10' title="bbox 1968 570 3516 1244">
     <span class='ocr_line' id='line_1_54' title="bbox 1972 570 3516 663; baseline 0.003 -27"><span class='ocrx_word' id='word_1_302' title='bbox 1972 570 2322 657; x_wconf 92' lang='lat' dir='ltr'><strong>imperium</strong></span> <span class='ocrx_word' id='word_1_303' title='bbox 2387 573 2856 661; x_wconf 71' lang='lat' dir='ltr'><strong>praeceptivum</strong></span> <span class='ocrx_word' id='word_1_304' title='bbox 2943 574 3201 663; x_wconf 87' lang='lat' dir='ltr'><strong>agentis</strong></span> <span class='ocrx_word' id='word_1_305' title='bbox 3276 574 3516 662; x_wconf 92' lang='lat' dir='ltr'><strong>princi-</strong></span> 
     </span>
     <span class='ocr_line' id='line_1_55' title="bbox 1972 688 3506 774; baseline 0.005 -21"><span class='ocrx_word' id='word_1_306' title='bbox 1972 688 2161 774; x_wconf 86' lang='lat' dir='ltr'><strong>palis,</strong></span> <span class='ocrx_word' id='word_1_307' title='bbox 2214 703 2277 756; x_wconf 93' lang='lat' dir='ltr'><strong>et</strong></span> <span class='ocrx_word' id='word_1_308' title='bbox 2327 689 2586 757; x_wconf 91' lang='lat' dir='ltr'><strong>intimat</strong></span> <span class='ocrx_word' id='word_1_309' title='bbox 2635 690 2700 758; x_wconf 83' lang='lat' dir='ltr'><strong>in</strong></span> <span class='ocrx_word' id='word_1_310' title='bbox 2748 693 2979 759; x_wconf 90' lang='lat' dir='ltr'><strong>ordine</strong></span> <span class='ocrx_word' id='word_1_311' title='bbox 3054 692 3130 759; x_wconf 88' lang='lat' dir='ltr'><strong>ad</strong></span> <span class='ocrx_word' id='word_1_312' title='bbox 3175 692 3506 761; x_wconf 78' lang='lat' dir='ltr'><strong>effectum.</strong></span> 
     </span>
     <span class='ocr_line' id='line_1_56' title="bbox 1971 803 3515 897; baseline 0.005 -28"><span class='ocrx_word' id='word_1_313' title='bbox 1971 803 2158 870; x_wconf 93' lang='lat' dir='ltr'><strong>Unde</strong></span> <span class='ocrx_word' id='word_1_314' title='bbox 2185 818 2404 872; x_wconf 89' lang='lat' dir='ltr'><strong>autem</strong></span> <span class='ocrx_word' id='word_1_315' title='bbox 2438 805 2694 874; x_wconf 91' lang='lat' dir='ltr'><strong>dicatur</strong></span> <span class='ocrx_word' id='word_1_316' title='bbox 2734 808 3181 876; x_wconf 88' lang='lat' dir='ltr'><strong>intentionalis</strong></span> <span class='ocrx_word' id='word_1_317' title='bbox 3213 825 3277 877; x_wconf 88' lang='lat' dir='ltr'><strong>et</strong></span> <span class='ocrx_word' id='word_1_318' title='bbox 3312 810 3515 897; x_wconf 91' lang='lat' dir='ltr'><strong>spiri-</strong></span> 
     </span>
     <span class='ocr_line' id='line_1_57' title="bbox 1971 920 3506 1013; baseline 0.004 -27"><span class='ocrx_word' id='word_1_319' title='bbox 1971 920 2190 1000; x_wconf 75' lang='lat' dir='ltr'><strong>tualia,</strong></span> <span class='ocrx_word' id='word_1_320' title='bbox 2237 941 2363 988; x_wconf 92' lang='lat' dir='ltr'><strong>non</strong></span> <span class='ocrx_word' id='word_1_321' title='bbox 2388 924 2698 1011; x_wconf 87' lang='lat' dir='ltr'><strong>suppetit,</strong></span> <span class='ocrx_word' id='word_1_322' title='bbox 2737 924 2864 993; x_wconf 92' lang='lat' dir='ltr'><strong>nisi</strong></span> <span class='ocrx_word' id='word_1_323' title='bbox 2901 947 3015 1013; x_wconf 87' lang='lat' dir='ltr'><strong>per</strong></span> <span class='ocrx_word' id='word_1_324' title='bbox 3076 925 3375 993; x_wconf 91' lang='lat' dir='ltr'><strong>ordinem</strong></span> <span class='ocrx_word' id='word_1_325' title='bbox 3430 926 3506 994; x_wconf 86' lang='lat' dir='ltr'><strong>ad</strong></span> 
     </span>
     <span class='ocr_line' id='line_1_58' title="bbox 1972 1037 3510 1131; baseline 0.003 -28"><span class='ocrx_word' id='word_1_326' title='bbox 1972 1037 2399 1107; x_wconf 89' lang='lat' dir='ltr'><strong>intentionem</strong></span> <span class='ocrx_word' id='word_1_327' title='bbox 2491 1041 2869 1129; x_wconf 90' lang='lat' dir='ltr'><strong>principalis</strong></span> <span class='ocrx_word' id='word_1_328' title='bbox 2938 1043 3217 1131; x_wconf 88' lang='lat' dir='ltr'><strong>agentis,</strong></span> <span class='ocrx_word' id='word_1_329' title='bbox 3299 1057 3364 1111; x_wconf 91' lang='lat' dir='ltr'><strong>et</strong></span> <span class='ocrx_word' id='word_1_330' title='bbox 3432 1041 3510 1110; x_wconf 92' lang='lat' dir='ltr'><strong>ad</strong></span> 
     </span>
     <span class='ocr_line' id='line_1_59' title="bbox 1968 1153 3016 1244; baseline 0.005 -24"><span class='ocrx_word' id='word_1_331' title='bbox 1968 1153 2274 1221; x_wconf 80' lang='lat' dir='ltr'><strong>effectum</strong></span> <span class='ocrx_word' id='word_1_332' title='bbox 2326 1156 2434 1244; x_wconf 90' lang='lat' dir='ltr'><strong>qui</strong></span> <span class='ocrx_word' id='word_1_333' title='bbox 2488 1156 2847 1244; x_wconf 88' lang='lat' dir='ltr'><strong>spiritualis</strong></span> <span class='ocrx_word' id='word_1_334' title='bbox 2893 1171 3016 1226; x_wconf 88' lang='lat' dir='ltr'><strong>est.</strong></span> 
     </span>
    </p>

    <p class='ocr_par' dir='ltr' id='par_1_11' title="bbox 1970 1272 3826 2641">
     <span class='ocr_line' id='line_1_60' title="bbox 2058 1272 3826 1354; baseline 0.005 -18"><span class='ocrx_word' id='word_1_335' title='bbox 2058 1272 2339 1345; x_wconf 87' lang='lat' dir='ltr'><strong>Quartus</strong></span> <span class='ocrx_word' id='word_1_336' title='bbox 2382 1272 2613 1341; x_wconf 89' lang='lat' dir='ltr'><strong>modus</strong></span> <span class='ocrx_word' id='word_1_337' title='bbox 2680 1273 3069 1343; x_wconf 86' lang='lat' dir='ltr'><strong>defendendi</strong></span> <span class='ocrx_word' id='word_1_338' title='bbox 3130 1290 3230 1344; x_wconf 90' lang='lat' dir='ltr'><strong>est</strong></span> <span class='ocrx_word' id='word_1_339' title='bbox 3277 1281 3514 1346; x_wconf 89' lang='lat' dir='ltr'><strong>Suarez</strong></span> <span class='ocrx_word' id='word_1_340' title='bbox 3599 1294 3826 1354; x_wconf 76' lang='lat' dir='ltr'><strong>Quartus</strong></span> 
     </span>
     <span class='ocr_line' id='line_1_61' title="bbox 1970 1358 3810 1482; baseline 0.005 -29"><span class='ocrx_word' id='word_1_341' title='bbox 1970 1390 2035 1453; x_wconf 88' lang='grc'><strong>3.</strong></span> <span class='ocrx_word' id='word_1_342' title='bbox 2082 1407 2151 1472; x_wconf 84' lang='lat' dir='ltr'><strong>p.</strong></span> <span class='ocrx_word' id='word_1_343' title='bbox 2199 1398 2247 1456; x_wconf 80' lang='lat' dir='ltr'><strong>c.</strong></span> <span class='ocrx_word' id='word_1_344' title='bbox 2283 1391 2342 1459; x_wconf 88' lang='lat'><strong>3.</strong></span> <span class='ocrx_word' id='word_1_345' title='bbox 2385 1389 2561 1477; x_wconf 78' lang='lat' dir='ltr'><strong>disp.</strong></span> <span class='ocrx_word' id='word_1_346' title='bbox 2608 1394 2671 1459; x_wconf 86' lang='lat'><strong>9.</strong></span> <span class='ocrx_word' id='word_1_347' title='bbox 2715 1403 2869 1458; x_wconf 77' lang='lat' dir='ltr'><strong>sect.</strong></span> <span class='ocrx_word' id='word_1_348' title='bbox 2907 1395 2970 1458; x_wconf 66' lang='grc' dir='ltr'><strong>Ξ.</strong></span> <span class='ocrx_word' id='word_1_349' title='bbox 3013 1393 3201 1461; x_wconf 90' lang='lat' dir='ltr'><strong>docet</strong></span> <span class='ocrx_word' id='word_1_350' title='bbox 3233 1395 3511 1482; x_wconf 86' lang='lat' dir='ltr'><strong>gratiam</strong></span> <span class='ocrx_word' id='word_1_351' title='bbox 3606 1358 3810 1472; x_wconf 53' lang='lat' dir='ltr'><strong>{unffi-{2¹2</strong></span> 
     </span>
     <span class='ocr_line' id='line_1_62' title="bbox 1975 1504 3511 1598; baseline 0.008 -32"><span class='ocrx_word' id='word_1_352' title='bbox 1975 1521 2101 1568; x_wconf 93' lang='lat' dir='ltr'><strong>non</strong></span> <span class='ocrx_word' id='word_1_353' title='bbox 2136 1504 2363 1585; x_wconf 86' lang='lat' dir='ltr'><strong>creari,</strong></span> <span class='ocrx_word' id='word_1_354' title='bbox 2412 1519 2565 1574; x_wconf 81' lang='lat' dir='ltr'><strong>sect.</strong></span> <span class='ocrx_word' id='word_1_355' title='bbox 2615 1513 2674 1574; x_wconf 82' lang='lat'><strong>1.</strong></span> <span class='ocrx_word' id='word_1_356' title='bbox 2720 1521 2784 1575; x_wconf 94' lang='lat' dir='ltr'><strong>et</strong></span> <span class='ocrx_word' id='word_1_357' title='bbox 2824 1508 3132 1597; x_wconf 89' lang='lat' dir='ltr'><strong>deinceps</strong></span> <span class='ocrx_word' id='word_1_358' title='bbox 3177 1511 3511 1598; x_wconf 89' lang='lat' dir='ltr'><strong>improbat</strong></span> 
     </span>
     <span class='ocr_line' id='line_1_63' title="bbox 1975 1617 3515 1712; baseline 0.006 -29"><span class='ocrx_word' id='word_1_359' title='bbox 1975 1617 2239 1686; x_wconf 92' lang='lat' dir='ltr'><strong>modum</strong></span> <span class='ocrx_word' id='word_1_360' title='bbox 2292 1618 2545 1688; x_wconf 90' lang='lat' dir='ltr'><strong>dicendi</strong></span> <span class='ocrx_word' id='word_1_361' title='bbox 2587 1622 2900 1701; x_wconf 86' lang='lat' dir='ltr'><strong>aliorum;</strong></span> <span class='ocrx_word' id='word_1_362' title='bbox 2939 1623 3095 1690; x_wconf 90' lang='lat' dir='ltr'><strong>dicit</strong></span> <span class='ocrx_word' id='word_1_363' title='bbox 3125 1625 3318 1692; x_wconf 89' lang='lat' dir='ltr'><strong>etiam</strong></span> <span class='ocrx_word' id='word_1_364' title='bbox 3364 1648 3515 1712; x_wconf 90' lang='lat' dir='ltr'><strong>pro-</strong></span> 
     </span>
     <span class='ocr_line' id='line_1_64' title="bbox 1972 1732 3821 1828; baseline 0.002 -29"><span class='ocrx_word' id='word_1_365' title='bbox 1972 1732 2119 1800; x_wconf 92' lang='lat' dir='ltr'><strong>duci</strong></span> <span class='ocrx_word' id='word_1_366' title='bbox 2155 1736 2426 1822; x_wconf 72' lang='lat' dir='ltr'><strong>physice</strong></span> <span class='ocrx_word' id='word_1_367' title='bbox 2479 1738 3068 1807; x_wconf 89' lang='lat' dir='ltr'><strong>instrumentaliter</strong></span> <span class='ocrx_word' id='word_1_368' title='bbox 3116 1762 3228 1826; x_wconf 91' lang='lat' dir='ltr'><strong>per</strong></span> <span class='ocrx_word' id='word_1_369' title='bbox 3290 1754 3512 1828; x_wconf 88' lang='lat' dir='ltr'><strong>poten·</strong></span> <span class='ocrx_word' id='word_1_370' title='bbox 3599 1754 3821 1805; x_wconf 74' lang='lat' dir='ltr'><strong>causare</strong></span> 
     </span>
     <span class='ocr_line' id='line_1_65' title="bbox 1975 1851 3518 1947; baseline 0.006 -30"><span class='ocrx_word' id='word_1_371' title='bbox 1975 1851 2130 1918; x_wconf 90' lang='lat' dir='ltr'><strong>tiam</strong></span> <span class='ocrx_word' id='word_1_372' title='bbox 2173 1854 2695 1934; x_wconf 88' lang='lat' dir='ltr'><strong>obedientialem,</strong></span> <span class='ocrx_word' id='word_1_373' title='bbox 2750 1878 2897 1944; x_wconf 81' lang='lat' dir='ltr'><strong>quoe</strong></span> <span class='ocrx_word' id='word_1_374' title='bbox 2936 1871 3030 1926; x_wconf 88' lang='lat' dir='ltr'><strong>est</strong></span> <span class='ocrx_word' id='word_1_375' title='bbox 3073 1859 3282 1926; x_wconf 88' lang='lat' dir='ltr'><strong>virtus</strong></span> <span class='ocrx_word' id='word_1_376' title='bbox 3341 1881 3518 1947; x_wconf 84' lang='lat' dir='ltr'><strong>quae-</strong></span> 
     </span>
     <span class='ocr_line' id='line_1_66' title="bbox 1976 1967 3515 2064; baseline 0.007 -30"><span class='ocrx_word' id='word_1_377' title='bbox 1976 1967 2121 2036; x_wconf 92' lang='lat' dir='ltr'><strong>dam</strong></span> <span class='ocrx_word' id='word_1_378' title='bbox 2157 1970 2460 2038; x_wconf 87' lang='lat' dir='ltr'><strong>inchoata</strong></span> <span class='ocrx_word' id='word_1_379' title='bbox 2492 1973 2728 2062; x_wconf 88' lang='lat' dir='ltr'><strong>agendi</strong></span> <span class='ocrx_word' id='word_1_380' title='bbox 2763 1974 2827 2041; x_wconf 93' lang='lat' dir='ltr'><strong>in</strong></span> <span class='ocrx_word' id='word_1_381' title='bbox 2863 1977 3151 2064; x_wconf 90' lang='lat' dir='ltr'><strong>qualibet</strong></span> <span class='ocrx_word' id='word_1_382' title='bbox 3190 1989 3515 2059; x_wconf 87' lang='lat' dir='ltr'><strong>creatura,</strong></span> 
     </span>
     <span class='ocr_line' id='line_1_67' title="bbox 1976 2087 3521 2181; baseline 0.006 -30"><span class='ocrx_word' id='word_1_383' title='bbox 1976 2105 2105 2171; x_wconf 86' lang='lat' dir='ltr'><strong>qua</strong></span> <span class='ocrx_word' id='word_1_384' title='bbox 2171 2087 2518 2174; x_wconf 87' lang='lat' dir='ltr'><strong>subjicitur</strong></span> <span class='ocrx_word' id='word_1_385' title='bbox 2586 2089 2797 2176; x_wconf 91' lang='lat' dir='ltr'><strong>primo</strong></span> <span class='ocrx_word' id='word_1_386' title='bbox 2863 2092 3108 2179; x_wconf 89' lang='lat' dir='ltr'><strong>agenti,</strong></span> <span class='ocrx_word' id='word_1_387' title='bbox 3181 2106 3251 2161; x_wconf 91' lang='lat' dir='ltr'><strong>ut</strong></span> <span class='ocrx_word' id='word_1_388' title='bbox 3315 2094 3521 2181; x_wconf 88' lang='lat' dir='ltr'><strong>possit</strong></span> 
     </span>
     <span class='ocr_line' id='line_1_68' title="bbox 1975 2203 3517 2300; baseline 0.007 -33"><span class='ocrx_word' id='word_1_389' title='bbox 1975 2203 2219 2269; x_wconf 89' lang='lat' dir='ltr'><strong>assumi</strong></span> <span class='ocrx_word' id='word_1_390' title='bbox 2286 2205 2365 2272; x_wconf 91' lang='lat' dir='ltr'><strong>ad</strong></span> <span class='ocrx_word' id='word_1_391' title='bbox 2446 2228 2925 2296; x_wconf 91' lang='lat' dir='ltr'><strong>quemcumque</strong></span> <span class='ocrx_word' id='word_1_392' title='bbox 2984 2210 3311 2290; x_wconf 83' lang='lat' dir='ltr'><strong>effectum,</strong></span> <span class='ocrx_word' id='word_1_393' title='bbox 3396 2213 3517 2300; x_wconf 88' lang='lat' dir='ltr'><strong>qui</strong></span> 
     </span>
     <span class='ocr_line' id='line_1_69' title="bbox 1977 2316 3523 2409; baseline 0.008 -26"><span class='ocrx_word' id='word_1_394' title='bbox 1977 2316 2135 2384; x_wconf 88' lang='lat' dir='ltr'><strong>alias</strong></span> <span class='ocrx_word' id='word_1_395' title='bbox 2184 2340 2313 2385; x_wconf 94' lang='lat' dir='ltr'><strong>non</strong></span> <span class='ocrx_word' id='word_1_396' title='bbox 2354 2333 2721 2409; x_wconf 87' lang='lat' dir='ltr'><strong>repugnat;</strong></span> <span class='ocrx_word' id='word_1_397' title='bbox 2772 2334 2836 2388; x_wconf 89' lang='lat' dir='ltr'><strong>et</strong></span> <span class='ocrx_word' id='word_1_398' title='bbox 2892 2324 3061 2391; x_wconf 89' lang='lat' dir='ltr'><strong>hanc</strong></span> <span class='ocrx_word' id='word_1_399' title='bbox 3122 2325 3310 2393; x_wconf 88' lang='lat' dir='ltr'><strong>docet</strong></span> <span class='ocrx_word' id='word_1_400' title='bbox 3375 2348 3523 2395; x_wconf 90' lang='lat' dir='ltr'><strong>esse</strong></span> 
     </span>
     <span class='ocr_line' id='line_1_70' title="bbox 1981 2433 3530 2523; baseline 0.008 -25"><span class='ocrx_word' id='word_1_401' title='bbox 1981 2433 2372 2522; x_wconf 89' lang='lat' dir='ltr'><strong>principium</strong></span> <span class='ocrx_word' id='word_1_402' title='bbox 2448 2437 2684 2523; x_wconf 90' lang='lat' dir='ltr'><strong>agendi</strong></span> <span class='ocrx_word' id='word_1_403' title='bbox 2766 2437 2830 2505; x_wconf 95' lang='lat' dir='ltr'><strong>in</strong></span> <span class='ocrx_word' id='word_1_404' title='bbox 2898 2440 3210 2508; x_wconf 87' lang='lat' dir='ltr'><strong>omnibus</strong></span> <span class='ocrx_word' id='word_1_405' title='bbox 3289 2442 3530 2511; x_wconf 89' lang='lat' dir='ltr'><strong>instru-</strong></span> 
     </span>
     <span class='ocr_line' id='line_1_71' title="bbox 1981 2550 3576 2641; baseline 0.009 -26"><span class='ocrx_word' id='word_1_406' title='bbox 1981 2551 2218 2618; x_wconf 87' lang='lat' dir='ltr'><strong>mentis</strong></span> <span class='ocrx_word' id='word_1_407' title='bbox 2258 2550 2526 2635; x_wconf 81' lang='lat' dir='ltr'><strong>divinis,</strong></span> <span class='ocrx_word' id='word_1_408' title='bbox 2562 2553 2641 2620; x_wconf 94' lang='lat' dir='ltr'><strong>de</strong></span> <span class='ocrx_word' id='word_1_409' title='bbox 2673 2575 2799 2641; x_wconf 90' lang='lat' dir='ltr'><strong>qua</strong></span> <span class='ocrx_word' id='word_1_410' title='bbox 2833 2555 3043 2623; x_wconf 79' lang='lat' dir='ltr'><strong>fusius</strong></span> <span class='ocrx_word' id='word_1_411' title='bbox 3076 2556 3336 2626; x_wconf 87' lang='lat' dir='ltr'><strong>disserit</strong></span> <span class='ocrx_word' id='word_1_412' title='bbox 3367 2569 3524 2630; x_wconf 79' lang='lat' dir='ltr'><strong>tom.</strong></span> <span class='ocrx_word' id='word_1_413' title='bbox 3569 2624 3576 2631; x_wconf 82' lang='lat'><strong>.</strong></span> 
     </span>
    </p>
   </div>
   <div class='ocr_carea' id='block_1_10' title="bbox 1980 2667 3527 2876">
    <p class='ocr_par' dir='ltr' id='par_1_12' title="bbox 1980 2667 3527 2876">
     <span class='ocr_line' id='line_1_72' title="bbox 1983 2667 3527 2756; baseline 0.008 -26"><span class='ocrx_word' id='word_1_414' title='bbox 1983 2668 2043 2731; x_wconf 92' lang='grc'><strong>1.</strong></span> <span class='ocrx_word' id='word_1_415' title='bbox 2099 2667 2176 2731; x_wconf 81' lang='lat' dir='ltr'><strong>in</strong></span> <span class='ocrx_word' id='word_1_416' title='bbox 2215 2669 2281 2734; x_wconf 87' lang='lat'><strong>3.</strong></span> <span class='ocrx_word' id='word_1_417' title='bbox 2320 2678 2607 2754; x_wconf 80' lang='lat' dir='ltr'><strong>partem,</strong></span> <span class='ocrx_word' id='word_1_418' title='bbox 2650 2670 2827 2756; x_wconf 80' lang='lat' dir='ltr'><strong>disp.</strong></span> <span class='ocrx_word' id='word_1_419' title='bbox 2879 2675 2987 2738; x_wconf 83' lang='lat'><strong>31.</strong></span> <span class='ocrx_word' id='word_1_420' title='bbox 3040 2685 3193 2740; x_wconf 76' lang='lat' dir='ltr'><strong>sect.</strong></span> <span class='ocrx_word' id='word_1_421' title='bbox 3239 2679 3301 2740; x_wconf 78' lang='lat'><strong>5.</strong></span> <span class='ocrx_word' id='word_1_422' title='bbox 3361 2677 3527 2742; x_wconf 93' lang='lat' dir='ltr'><strong>Sunt</strong></span> 
     </span>
     <span class='ocr_line' id='line_1_73' title="bbox 1980 2778 3526 2876; baseline 0.008 -33"><span class='ocrx_word' id='word_1_423' title='bbox 1980 2788 2044 2843; x_wconf 93' lang='lat' dir='ltr'><strong>et</strong></span> <span class='ocrx_word' id='word_1_424' title='bbox 2090 2778 2237 2846; x_wconf 78' lang='lat' dir='ltr'><strong>aliae</strong></span> <span class='ocrx_word' id='word_1_425' title='bbox 2277 2782 2623 2848; x_wconf 82' lang='lat' dir='ltr'><strong>sententiae</strong></span> <span class='ocrx_word' id='word_1_426' title='bbox 2654 2782 2720 2849; x_wconf 91' lang='lat' dir='ltr'><strong>in</strong></span> <span class='ocrx_word' id='word_1_427' title='bbox 2763 2783 2886 2850; x_wconf 88' lang='lat' dir='ltr'><strong>hac</strong></span> <span class='ocrx_word' id='word_1_428' title='bbox 2932 2786 3322 2871; x_wconf 82' lang='lat' dir='ltr'><strong>quaestione,</strong></span> <span class='ocrx_word' id='word_1_429' title='bbox 3376 2809 3526 2876; x_wconf 84' lang='lat' dir='ltr'><strong>quae</strong></span> 
     </span>
    </p>
   </div>
   <div class='ocr_carea' id='block_1_11' title="bbox 1976 2893 3527 3223">
    <p class='ocr_par' dir='ltr' id='par_1_13' title="bbox 1976 2893 3527 3223">
     <span class='ocr_line' id='line_1_74' title="bbox 1979 2893 3527 2987; baseline 0.008 -28"><span class='ocrx_word' id='word_1_430' title='bbox 1979 2893 2187 2962; x_wconf 82' lang='lat' dir='ltr'><strong>videri</strong></span> <span class='ocrx_word' id='word_1_431' title='bbox 2228 2909 2504 2983; x_wconf 88' lang='lat' dir='ltr'><strong>possunt</strong></span> <span class='ocrx_word' id='word_1_432' title='bbox 2546 2898 2716 2985; x_wconf 92' lang='lat' dir='ltr'><strong>apud</strong></span> <span class='ocrx_word' id='word_1_433' title='bbox 2759 2900 3067 2987; x_wconf 59' lang='lat' dir='ltr'><strong>praefatos</strong></span> <span class='ocrx_word' id='word_1_434' title='bbox 3114 2915 3411 2970; x_wconf 88' lang='lat' dir='ltr'><strong>auctores</strong></span> <span class='ocrx_word' id='word_1_435' title='bbox 3461 2918 3527 2972; x_wconf 92' lang='lat' dir='ltr'><strong>et</strong></span> 
     </span>
     <span class='ocr_line' id='line_1_75' title="bbox 1979 3010 3525 3105; baseline 0.007 -29"><span class='ocrx_word' id='word_1_436' title='bbox 1979 3010 2165 3093; x_wconf 90' lang='lat' dir='ltr'><strong>alios,</strong></span> <span class='ocrx_word' id='word_1_437' title='bbox 2221 3033 2385 3100; x_wconf 86' lang='lat' dir='ltr'><strong>quos</strong></span> <span class='ocrx_word' id='word_1_438' title='bbox 2442 3016 2636 3100; x_wconf 79' lang='lat' dir='ltr'><strong>infra</strong></span> <span class='ocrx_word' id='word_1_439' title='bbox 2681 3015 3027 3084; x_wconf 86' lang='lat' dir='ltr'><strong>citabimus</strong></span> <span class='ocrx_word' id='word_1_440' title='bbox 3086 3039 3201 3105; x_wconf 89' lang='lat' dir='ltr'><strong>pro</strong></span> <span class='ocrx_word' id='word_1_441' title='bbox 3257 3019 3525 3087; x_wconf 87' lang='lat' dir='ltr'><strong>conclu-</strong></span> 
     </span>
     <span class='ocr_line' id='line_1_76' title="bbox 1976 3130 3516 3223; baseline 0.008 -29"><span class='ocrx_word' id='word_1_442' title='bbox 1976 3130 2162 3197; x_wconf 90' lang='lat' dir='ltr'><strong>sione</strong></span> <span class='ocrx_word' id='word_1_443' title='bbox 2199 3132 2514 3215; x_wconf 91' lang='lat' dir='ltr'><strong>Doctoris,</strong></span> <span class='ocrx_word' id='word_1_444' title='bbox 2568 3145 2633 3202; x_wconf 90' lang='lat' dir='ltr'><strong>et</strong></span> <span class='ocrx_word' id='word_1_445' title='bbox 2682 3147 2874 3223; x_wconf 91' lang='lat' dir='ltr'><strong>prout</strong></span> <span class='ocrx_word' id='word_1_446' title='bbox 2927 3136 3182 3204; x_wconf 90' lang='lat' dir='ltr'><strong>occasio</strong></span> <span class='ocrx_word' id='word_1_447' title='bbox 3232 3138 3516 3215; x_wconf 86' lang='lat' dir='ltr'><strong>dabitur,</strong></span> 
     </span>
    </p>
   </div>
   <div class='ocr_carea' id='block_1_12' title="bbox 1979 3251 3525 3452">
    <p class='ocr_par' dir='ltr' id='par_1_14' title="bbox 1979 3251 3525 3452">
     <span class='ocr_line' id='line_1_77' title="bbox 1979 3251 3525 3343; baseline 0.01 -32"><span class='ocrx_word' id='word_1_448' title='bbox 1979 3265 2090 3311; x_wconf 84' lang='lat' dir='ltr'><strong>eas</strong></span> <span class='ocrx_word' id='word_1_449' title='bbox 2141 3268 2582 3335; x_wconf 77' lang='lat' dir='ltr'><strong>exponemus3</strong></span> <span class='ocrx_word' id='word_1_450' title='bbox 2643 3251 2904 3320; x_wconf 90' lang='lat' dir='ltr'><strong>interim</strong></span> <span class='ocrx_word' id='word_1_451' title='bbox 2958 3275 3315 3343; x_wconf 86' lang='lat' dir='ltr'><strong>sequemur</strong></span> <span class='ocrx_word' id='word_1_452' title='bbox 3354 3257 3525 3325; x_wconf 87' lang='lat' dir='ltr'><strong>litte-</strong></span> 
     </span>
     <span class='ocr_line' id='line_1_78' title="bbox 1982 3365 2442 3452; baseline 0.015 -25"><span class='ocrx_word' id='word_1_453' title='bbox 1982 3381 2119 3428; x_wconf 92' lang='lat' dir='ltr'><strong>ram</strong></span> <span class='ocrx_word' id='word_1_454' title='bbox 2154 3374 2223 3431; x_wconf 92' lang='lat' dir='ltr'><strong>ut</strong></span> <span class='ocrx_word' id='word_1_455' title='bbox 2243 3365 2442 3452; x_wconf 90' lang='lat' dir='ltr'><strong>jacet.</strong></span> 
     </span>
    </p>
   </div>
   <div class='ocr_carea' id='block_1_13' title="bbox 3640 1832 3850 1929">
    <p class='ocr_par' dir='ltr' id='par_1_15' title="bbox 3640 1832 3850 1929">
     <span class='ocr_line' id='line_1_79' title="bbox 3640 1832 3850 1929; baseline 0.005 -1"><span class='ocrx_word' id='word_1_456' title='bbox 3640 1832 3850 1929; x_wconf 52' lang='lat' dir='ltr'><strong>teniiam</strong></span> 
     </span>
    </p>
   </div>
   <div class='ocr_carea' id='block_1_14' title="bbox 3637 2006 3762 2058">
    <p class='ocr_par' dir='ltr' id='par_1_16' title="bbox 3637 2006 3762 2058">
     <span class='ocr_line' id='line_1_80' title="bbox 3637 2006 3762 2058; baseline 0.032 -4"><span class='ocrx_word' id='word_1_457' title='bbox 3637 2006 3736 2054; x_wconf 85' lang='lat' dir='ltr'><strong>lem</strong></span> <span class='ocrx_word' id='word_1_458' title='bbox 3747 2042 3762 2058; x_wconf 88' lang='lat'><strong>.</strong></span> 
     </span>
    </p>
   </div>
   <div class='ocr_carea' id='block_1_15' title="bbox 2554 3613 2955 3672">
    <p class='ocr_par' dir='ltr' id='par_1_17' title="bbox 2554 3613 2955 3672">
     <span class='ocr_line' id='line_1_81' title="bbox 2554 3613 2955 3672; baseline 0.007 -3"><span class='ocrx_word' id='word_1_459' title='bbox 2554 3613 2637 3669; x_wconf 89' lang='lat' dir='ltr'><strong>SC</strong></span> <span class='ocrx_word' id='word_1_460' title='bbox 2646 3614 2955 3672; x_wconf 84' lang='lat' dir='ltr'><strong>HOLIUM.</strong></span> 
     </span>
    </p>
   </div>
   <div class='ocr_carea' id='block_1_16' title="bbox 1973 3790 3534 4553">
    <p class='ocr_par' dir='ltr' id='par_1_18' title="bbox 1973 3790 3534 4553">
     <span class='ocr_line' id='line_1_82' title="bbox 2046 3790 3534 3871; baseline 0.012 -30"><span class='ocrx_word' id='word_1_461' title='bbox 2046 3790 2254 3859; x_wconf 87' lang='lat' dir='ltr'><strong>Quoad</strong></span> <span class='ocrx_word' id='word_1_462' title='bbox 2282 3790 2621 3849; x_wconf 86' lang='lat' dir='ltr'><strong>secundam</strong></span> <span class='ocrx_word' id='word_1_463' title='bbox 2677 3809 2738 3866; x_wconf 85' lang='lat' dir='ltr'><strong>q.</strong></span> <span class='ocrx_word' id='word_1_464' title='bbox 2799 3797 2865 3851; x_wconf 90' lang='lat' dir='ltr'><strong>D.</strong></span> <span class='ocrx_word' id='word_1_465' title='bbox 2922 3796 3136 3855; x_wconf 81' lang='lat' dir='ltr'><strong>Thom.</strong></span> <span class='ocrx_word' id='word_1_466' title='bbox 3185 3801 3358 3871; x_wconf 89' lang='lat' dir='ltr'><strong>ponit</strong></span> <span class='ocrx_word' id='word_1_467' title='bbox 3414 3801 3534 3858; x_wconf 89' lang='lat' dir='ltr'><strong>ali-</strong></span> 
     </span>
     <span class='ocr_line' id='line_1_83' title="bbox 1976 3889 3525 3967; baseline 0.007 -23"><span class='ocrx_word' id='word_1_468' title='bbox 1976 3902 2164 3959; x_wconf 88' lang='lat' dir='ltr'><strong>quam</strong></span> <span class='ocrx_word' id='word_1_469' title='bbox 2200 3889 2503 3946; x_wconf 80' lang='lat' dir='ltr'><strong>virtutem</strong></span> <span class='ocrx_word' id='word_1_470' title='bbox 2555 3893 3101 3962; x_wconf 81' lang='lat' dir='ltr'><strong>supernaturalem</strong></span> <span class='ocrx_word' id='word_1_471' title='bbox 3131 3909 3245 3967; x_wconf 85' lang='lat' dir='ltr'><strong>per</strong></span> <span class='ocrx_word' id='word_1_472' title='bbox 3275 3897 3525 3955; x_wconf 89' lang='lat' dir='ltr'><strong>modum</strong></span> 
     </span>
     <span class='ocr_line' id='line_1_84' title="bbox 1973 3986 3525 4065; baseline 0.008 -24"><span class='ocrx_word' id='word_1_473' title='bbox 1973 3987 2135 4042; x_wconf 87' lang='lat' dir='ltr'><strong>entis</strong></span> <span class='ocrx_word' id='word_1_474' title='bbox 2167 3986 2530 4059; x_wconf 87' lang='lat' dir='ltr'><strong>incompleti</strong></span> <span class='ocrx_word' id='word_1_475' title='bbox 2584 3992 2646 4045; x_wconf 88' lang='lat' dir='ltr'><strong>et</strong></span> <span class='ocrx_word' id='word_1_476' title='bbox 2681 3989 2748 4046; x_wconf 91' lang='lat' dir='ltr'><strong>in</strong></span> <span class='ocrx_word' id='word_1_477' title='bbox 2798 3988 2962 4062; x_wconf 84' lang='lat' dir='ltr'><strong>fleri,</strong></span> <span class='ocrx_word' id='word_1_478' title='bbox 3003 3993 3068 4049; x_wconf 92' lang='lat' dir='ltr'><strong>in</strong></span> <span class='ocrx_word' id='word_1_479' title='bbox 3101 3994 3525 4065; x_wconf 81' lang='lat' dir='ltr'><strong>SacramentO,</strong></span> 
     </span>
     <span class='ocr_line' id='line_1_85' title="bbox 1974 4089 3527 4166; baseline 0.008 -25"><span class='ocrx_word' id='word_1_480' title='bbox 1974 4100 2116 4159; x_wconf 83' lang='lat' dir='ltr'><strong>quae</strong></span> <span class='ocrx_word' id='word_1_481' title='bbox 2144 4091 2360 4145; x_wconf 85' lang='lat' dir='ltr'><strong>causat</strong></span> <span class='ocrx_word' id='word_1_482' title='bbox 2386 4089 2920 4148; x_wconf 85' lang='lat' dir='ltr'><strong>intrumentaliter</strong></span> <span class='ocrx_word' id='word_1_483' title='bbox 2946 4091 3207 4164; x_wconf 86' lang='lat' dir='ltr'><strong>physice</strong></span> <span class='ocrx_word' id='word_1_484' title='bbox 3239 4097 3527 4166; x_wconf 86' lang='lat' dir='ltr'><strong>gratiam,</strong></span> 
     </span>
     <span class='ocr_line' id='line_1_86' title="bbox 1976 4186 3524 4266; baseline 0.007 -24"><span class='ocrx_word' id='word_1_485' title='bbox 1976 4186 2155 4243; x_wconf 88' lang='lat' dir='ltr'><strong>modo</strong></span> <span class='ocrx_word' id='word_1_486' title='bbox 2197 4187 2529 4259; x_wconf 84' lang='lat' dir='ltr'><strong>explicato,</strong></span> <span class='ocrx_word' id='word_1_487' title='bbox 2587 4189 2752 4261; x_wconf 87' lang='lat' dir='ltr'><strong>quod</strong></span> <span class='ocrx_word' id='word_1_488' title='bbox 2803 4191 2997 4248; x_wconf 85' lang='lat' dir='ltr'><strong>variis</strong></span> <span class='ocrx_word' id='word_1_489' title='bbox 3049 4195 3357 4266; x_wconf 81' lang='lat' dir='ltr'><strong>exemplis</strong></span> <span class='ocrx_word' id='word_1_490' title='bbox 3414 4196 3524 4253; x_wconf 86' lang='lat' dir='ltr'><strong>de-</strong></span> 
     </span>
     <span class='ocr_line' id='line_1_87' title="bbox 1973 4287 3521 4357; baseline 0.005 -15"><span class='ocrx_word' id='word_1_491' title='bbox 1973 4287 2194 4344; x_wconf 84' lang='lat' dir='ltr'><strong>clarat.</strong></span> <span class='ocrx_word' id='word_1_492' title='bbox 2251 4288 2530 4344; x_wconf 89' lang='lat' dir='ltr'><strong>Similem</strong></span> <span class='ocrx_word' id='word_1_493' title='bbox 2576 4289 2900 4357; x_wconf 86' lang='lat' dir='ltr'><strong>virtutem,</strong></span> <span class='ocrx_word' id='word_1_494' title='bbox 2944 4290 3049 4347; x_wconf 88' lang='lat' dir='ltr'><strong>sed</strong></span> <span class='ocrx_word' id='word_1_495' title='bbox 3098 4290 3521 4352; x_wconf 82' lang='lat' dir='ltr'><strong>diversimode</strong></span> 
     </span>
     <span class='ocr_line' id='line_1_88' title="bbox 1977 4384 3522 4462; baseline 0.007 -24"><span class='ocrx_word' id='word_1_496' title='bbox 1977 4384 2375 4455; x_wconf 85' lang='lat' dir='ltr'><strong>explicatam,</strong></span> <span class='ocrx_word' id='word_1_497' title='bbox 2433 4389 2670 4456; x_wconf 89' lang='lat' dir='ltr'><strong>ponunt</strong></span> <span class='ocrx_word' id='word_1_498' title='bbox 2719 4388 2834 4442; x_wconf 90' lang='lat' dir='ltr'><strong>DD.</strong></span> <span class='ocrx_word' id='word_1_499' title='bbox 2866 4387 3038 4444; x_wconf 88' lang='lat' dir='ltr'><strong>citati</strong></span> <span class='ocrx_word' id='word_1_500' title='bbox 3088 4388 3166 4445; x_wconf 87' lang='lat' dir='ltr'><strong>ad</strong></span> <span class='ocrx_word' id='word_1_501' title='bbox 3198 4391 3291 4448; x_wconf 87' lang='lat' dir='ltr'><strong>tit.</strong></span> <span class='ocrx_word' id='word_1_502' title='bbox 3332 4391 3522 4462; x_wconf 78' lang='lat' dir='ltr'><strong>huJus</strong></span> 
     </span>
     <span class='ocr_line' id='line_1_89' title="bbox 1975 4485 2190 4553; baseline 0.005 -16"><span class='ocrx_word' id='word_1_503' title='bbox 1975 4485 2190 4553; x_wconf 80' lang='lat' dir='ltr'><strong>quaest.</strong></span> 
     </span>
    </p>
   </div>
   <div class='ocr_carea' id='block_1_17' title="bbox 1969 4645 3844 5671">
    <p class='ocr_par' dir='ltr' id='par_1_19' title="bbox 1969 4645 3844 5671">
     <span class='ocr_line' id='line_1_90' title="bbox 2064 4645 3745 4741; baseline 0.006 -24"><span class='ocrx_word' id='word_1_504' title='bbox 2064 4645 2514 4718; x_wconf 83' lang='lat' dir='ltr'><strong>Secundum</strong></span> <span class='ocrx_word' id='word_1_505' title='bbox 2575 4645 2800 4720; x_wconf 84' lang='lat' dir='ltr'><strong>illam</strong></span> <span class='ocrx_word' id='word_1_506' title='bbox 2873 4647 3336 4741; x_wconf 89' lang='lat' dir='ltr'><strong>opinionem</strong></span> <span class='ocrx_word' id='word_1_507' title='bbox 3412 4653 3519 4726; x_wconf 89' lang='lat' dir='ltr'><strong>di·</strong></span> <span class='ocrx_word' id='word_1_508' title='bbox 3694 4676 3745 4726; x_wconf 86' lang='lat'><strong>3.</strong></span> 
     </span>
     <span class='ocr_line' id='line_1_91' title="bbox 1973 4738 3844 4856; baseline 0.011 -24"><span class='ocrx_word' id='word_1_509' title='bbox 1973 4759 2193 4832; x_wconf 83' lang='lat' dir='ltr'><strong>citur</strong></span> <span class='ocrx_word' id='word_1_510' title='bbox 2248 4761 2344 4833; x_wconf 82' lang='lat' dir='ltr'><strong>ad</strong></span> <span class='ocrx_word' id='word_1_511' title='bbox 2447 4763 2876 4836; x_wconf 87' lang='lat' dir='ltr'><strong>secundam</strong></span> <span class='ocrx_word' id='word_1_512' title='bbox 2957 4765 3513 4856; x_wconf 79' lang='lat' dir='ltr'><strong>quaestionem,</strong></span> <span class='ocrx_word' id='word_1_513' title='bbox 3569 4738 3844 4852; x_wconf 40' lang='lat' dir='ltr'><strong>nimo-m.</strong></span> 
     </span>
     <span class='ocr_line' id='line_1_92' title="bbox 1975 4876 3521 4976; baseline 0.006 -30"><span class='ocrx_word' id='word_1_514' title='bbox 1975 4877 2183 4968; x_wconf 89' lang='lat' dir='ltr'><strong>quod</strong></span> <span class='ocrx_word' id='word_1_515' title='bbox 2259 4876 2338 4948; x_wconf 92' lang='lat' dir='ltr'><strong>in</strong></span> <span class='ocrx_word' id='word_1_516' title='bbox 2424 4880 2977 4956; x_wconf 77' lang='lat' dir='ltr'><strong>sacramentis</strong></span> <span class='ocrx_word' id='word_1_517' title='bbox 3052 4885 3177 4956; x_wconf 82' lang='lat' dir='ltr'><strong>est</strong></span> <span class='ocrx_word' id='word_1_518' title='bbox 3249 4883 3521 4976; x_wconf 83' lang='lat' dir='ltr'><strong>aliqua</strong></span> 
     </span>
     <span class='ocr_line' id='line_1_93' title="bbox 1973 4993 3523 5091; baseline 0.006 -29"><span class='ocrx_word' id='word_1_519' title='bbox 1973 4993 2241 5068; x_wconf 82' lang='lat' dir='ltr'><strong>virtus</strong></span> <span class='ocrx_word' id='word_1_520' title='bbox 2327 4997 3008 5087; x_wconf 57' lang='lat' dir='ltr'><strong>supernaturalis</strong></span> <span class='ocrx_word' id='word_1_521' title='bbox 3105 5019 3280 5091; x_wconf 86' lang='lat' dir='ltr'><strong>quae</strong></span> <span class='ocrx_word' id='word_1_522' title='bbox 3361 5019 3523 5072; x_wconf 90' lang='lat' dir='ltr'><strong>non</strong></span> 
     </span>
     <span class='ocr_line' id='line_1_94' title="bbox 1972 5111 3518 5201; baseline 0.004 -19"><span class='ocrx_word' id='word_1_523' title='bbox 1972 5111 2295 5184; x_wconf 85' lang='lat' dir='ltr'><strong>tantum</strong></span> <span class='ocrx_word' id='word_1_524' title='bbox 2388 5113 2514 5184; x_wconf 84' lang='lat' dir='ltr'><strong>est</strong></span> <span class='ocrx_word' id='word_1_525' title='bbox 2612 5112 2807 5184; x_wconf 88' lang='lat' dir='ltr'><strong>ordo</strong></span> <span class='ocrx_word' id='word_1_526' title='bbox 2912 5112 3008 5186; x_wconf 87' lang='lat' dir='ltr'><strong>ad</strong></span> <span class='ocrx_word' id='word_1_527' title='bbox 3109 5112 3518 5201; x_wconf 82' lang='lat' dir='ltr'><strong>effectum,</strong></span> 
     </span>
     <span class='ocr_line' id='line_1_95' title="bbox 1972 5224 3520 5324; baseline 0.005 -29"><span class='ocrx_word' id='word_1_528' title='bbox 1972 5224 2162 5318; x_wconf 83' lang='lat' dir='ltr'><strong>quia</strong></span> <span class='ocrx_word' id='word_1_529' title='bbox 2198 5226 2469 5300; x_wconf 81' lang='lat' dir='ltr'><strong>virtus</strong></span> <span class='ocrx_word' id='word_1_530' title='bbox 2512 5248 2836 5321; x_wconf 89' lang='lat' dir='ltr'><strong>semper</strong></span> <span class='ocrx_word' id='word_1_531' title='bbox 2875 5228 3246 5305; x_wconf 82' lang='lat' dir='ltr'><strong>nominat</strong></span> <span class='ocrx_word' id='word_1_532' title='bbox 3306 5230 3520 5324; x_wconf 88' lang='lat' dir='ltr'><strong>prin·</strong></span> 
     </span>
     <span class='ocr_line' id='line_1_96' title="bbox 1972 5341 3517 5440; baseline 0.005 -24"><span class='ocrx_word' id='word_1_533' title='bbox 1972 5341 2274 5436; x_wconf 89' lang='lat' dir='ltr'><strong>cipium</strong></span> <span class='ocrx_word' id='word_1_534' title='bbox 2316 5343 2643 5435; x_wconf 85' lang='lat' dir='ltr'><strong>agendi;</strong></span> <span class='ocrx_word' id='word_1_535' title='bbox 2697 5345 3186 5440; x_wconf 88' lang='lat' dir='ltr'><strong>principium</strong></span> <span class='ocrx_word' id='word_1_536' title='bbox 3244 5354 3517 5423; x_wconf 81' lang='lat' dir='ltr'><strong>autem</strong></span> 
     </span>
     <span class='ocr_line' id='line_1_97' title="bbox 1972 5459 3513 5554; baseline 0.003 -22"><span class='ocrx_word' id='word_1_537' title='bbox 1972 5459 2346 5544; x_wconf 83' lang='lat' dir='ltr'><strong>actionis.</strong></span> <span class='ocrx_word' id='word_1_538' title='bbox 2446 5465 2535 5536; x_wconf 79' lang='lat' dir='ltr'><strong>ut</strong></span> <span class='ocrx_word' id='word_1_539' title='bbox 2622 5462 3020 5554; x_wconf 83' lang='lat' dir='ltr'><strong>probatur</strong></span> <span class='ocrx_word' id='word_1_540' title='bbox 3101 5466 3169 5538; x_wconf 87' lang='grc'><strong>5.</strong></span> <span class='ocrx_word' id='word_1_541' title='bbox 3242 5469 3513 5554; x_wconf 70' lang='lat' dir='ltr'><strong>physic.</strong></span> 
     </span>
     <span class='ocr_line' id='line_1_98' title="bbox 1969 5576 3516 5671; baseline 0.003 -21"><span class='ocrx_word' id='word_1_542' title='bbox 1969 5581 2095 5654; x_wconf 85' lang='lat' dir='ltr'><strong>est</strong></span> <span class='ocrx_word' id='word_1_543' title='bbox 2148 5578 2420 5671; x_wconf 83' lang='lat' dir='ltr'><strong>aliqua</strong></span> <span class='ocrx_word' id='word_1_544' title='bbox 2468 5576 2737 5653; x_wconf 85' lang='lat' dir='ltr'><strong>forma</strong></span> <span class='ocrx_word' id='word_1_545' title='bbox 2792 5578 3193 5655; x_wconf 83' lang='lat' dir='ltr'><strong>absoluta.</strong></span> <span class='ocrx_word' id='word_1_546' title='bbox 3240 5583 3516 5665; x_wconf 84' lang='lat' dir='ltr'><strong>Qualis</strong></span> 
     </span>
    </p>
   </div>
   <div class='ocr_carea' id='block_1_18' title="bbox 3546 1940 3867 1993">
    <p class='ocr_par' dir='ltr' id='par_1_20' title="bbox 3546 1940 3867 1993">
     <span class='ocr_line' id='line_1_99' title="bbox 3546 1940 3867 1993; baseline 0.003 -1"><span class='ocrx_word' id='word_1_547' title='bbox 3546 1957 3576 1992; x_wconf 94' lang='lat' dir='ltr'><strong>o</strong></span> <span class='ocrx_word' id='word_1_548' title='bbox 3642 1940 3867 1993; x_wconf 82' lang='lat' dir='ltr'><strong>dientia-</strong></span> 
     </span>
    </p>
   </div>
   <div class='ocr_carea' id='block_1_19' title="bbox 3551 4863 3864 4928">
    <p class='ocr_par' dir='ltr' id='par_1_21' title="bbox 3551 4863 3864 4928">
     <span class='ocr_line' id='line_1_100' title="bbox 3551 4863 3864 4928; baseline 0 -14"><span class='ocrx_word' id='word_1_549' title='bbox 3551 4863 3605 4917; x_wconf 87' lang='lat' dir='ltr'><strong>d.</strong></span> <span class='ocrx_word' id='word_1_550' title='bbox 3637 4863 3679 4913; x_wconf 85' lang='grc'><strong>1.</strong></span> <span class='ocrx_word' id='word_1_551' title='bbox 3720 4879 3770 4928; x_wconf 88' lang='lat' dir='ltr'><strong>q.</strong></span> <span class='ocrx_word' id='word_1_552' title='bbox 3812 4864 3864 4914; x_wconf 81' lang='lat'><strong>1.</strong></span> 
     </span>
    </p>
   </div>
  </div>
 </body>
</html>
