4255 6375
767 329 884 392 576
1903 337 2048 398 ΜΒ.
2081 337 2183 398 lv.
2215 335 2811 400 SEN'rEN'rlARUM

747 502 891 557 ctus
957 493 1277 581 dependet
1335 500 1416 565 ab
1492 501 1636 586 ejus
1697 500 2081 578 intentione,
2160 518 2289 585 qua
2400 517 2493 574 se,
2564 498 2666 564 cui
2722 498 2812 563 ita
2854 498 3067 566 invisa
3125 499 3211 565 sit
3276 498 3459 565 salus
3501 497 3772 584 proximi,
3824 516 3871 563 ut

747 607 1130 674 Procurator
1196 630 1477 696 operans
1534 626 1633 677 est
1693 614 1883 699 juxta
1970 610 2286 677 instituti·
2399 610 2654 678 omittat
2684 611 3046 700 legitimam
3080 613 3541 690 intentionem,
3579 611 3716 699 quid
3755 612 3870 679 liet?

745 742 937 789 onem
1002 725 1387 807 mandantis,
1444 741 1508 794 et
1575 730 1963 815 inquantum
2025 726 2289 793 manda·
2403 731 2817 817 Respondent
2857 731 3113 797 Alensis
3141 731 3574 818 responsione
3599 730 3674 796 ad
3699 736 4026 859 secun-DQ

746 848 892 902 tur·
878 839 1101 925 ,quod
1151 840 1207 906 si
1268 842 1531 909 modum
1590 856 1652 909 et
1713 842 2091 909 mandatum
2160 861 2290 907 non
2400 845 2554 912 dum
2623 847 2761 913 loco
2826 848 3022 914 citato
3060 869 3095 914 a
3135 847 3525 928 Scholiaste,
3599 846 3693 912 vel
3738 849 3875 933 juxta

743 966 985 1034 servat,
1050 976 1177 1023 non
1254 958 1389 1044 agit
1458 970 1526 1025 ut
1585 962 1993 1039 Procurator
2078 980 2291 1046 neque
2399 959 2591 1025 aliam
2636 961 3047 1047 partitionem
3088 973 3311 1048 quoest.
3350 966 3413 1029 8.
3455 984 3526 1028 η.
3572 966 3641 1027 3.
3672 973 3782 1027 art
3833 924 4028 1098 mizi

745 1083 1116 1138 contractus
1164 1074 1358 1140 valet.
1422 1075 1664 1141 Deinde
1729 1097 1939 1163 neque
1987 1076 2116 1156 lex,
2180 1095 2288 1141 ne·
2403 1080 2830 1165 responsione
2905 1079 2997 1145 ad
3069 1084 3133 1145 4.
3206 1083 3658 1146 Bonaventura
3714 1079 3788 1143 ad
3831 1084 3874 1145 5.
3919 1060 4018 1180 g}

748 1207 874 1273 que
951 1188 1393 1256 mandatarius
1478 1191 1830 1259 voluerunt
1924 1191 2293 1279 dependere
2404 1194 2745 1261 Durandus
2807 1207 2871 1260 et
2929 1194 3212 1277 Gabriel,
3276 1209 3365 1276 et,
3427 1208 3500 1261 ut
3566 1208 3795 1281 apparet
3825 1216 3921 1259 ex
3912 1167 4024 1268 μ’

750 1316 1153 1372 contractum
1216 1308 1295 1372 ab
1355 1306 1611 1375 interna
1660 1321 1724 1375 et
1781 1308 2031 1375 occulta
2083 1308 2292 1375 inten·
2408 1310 2614 1396 prima
2672 1310 3123 1397 responsione,
3185 1315 3259 1379 D
3341 1313 3626 1377 Thomas
3683 1321 3793 1377 are.
3836 1313 3880 1377 8.
3927 1300 4024 1347 ’ἡ

420 4031 465 4082 Ι)
476 4070 490 4085 .
546 4033 731 4084 Tbem.

477 4095 693 4146 Tollitur

447 4173 560 4208 scru
599 4159 714 4208 ulus

440 4282 720 4334 intentione

445 4345 669 4410 legitima
685 4384 699 4399 .

749 1421 926 1488 tione
991 1425 1459 1505 procuratoris,
1530 1427 1610 1494 de
1678 1448 1803 1514 qua
1873 1425 2096 1513 nequit
2160 1425 2288 1506 lex,

746 1553 858 1607 aut
914 1543 1292 1630 principalis
1341 1544 1667 1631 judicare.
1724 1549 1796 1612 ln
1858 1545 2296 1612 Sacramentis

745 1669 919 1742 patet
949 1659 1134 1725 aliter
1166 1660 1433 1740 factum,
1469 1682 1549 1727 ex
1598 1661 1960 1728 rationibus
2002 1660 2298 1748 praemis-

746 1772 862 1852 sis,
918 1775 1071 1861 quia
1130 1775 1273 1843 sine
1314 1777 1673 1844 intentione
1733 1776 2013 1843 ministri
2076 1775 2300 1864 nequit

747 1910 1014 1956 manere
1062 1890 1478 1970 caeremonia,
1533 1903 1602 1958 ut
1643 1903 1744 1959 est
1780 1892 1992 1958 oblata
2040 1892 2106 1958 in
2163 1891 2297 1958 cul-

747 2017 885 2071 tum
955 2007 1318 2094 religionis,
1385 2030 1533 2097 quae
1587 2007 2031 2096 principaliter
2070 2008 2296 2075 funda·

751 2133 857 2187 tur
907 2121 973 2187 in
1039 2122 1317 2190 internis
1379 2127 1659 2202 actibus,
1705 2147 1869 2213 quos
1910 2128 2079 2191 Deus
2120 2123 2299 2191 insti·

751 2250 928 2305 tutor
970 2243 1369 2309 Sacramenti
1406 2243 1718 2331 primario
1767 2228 2032 2331 respicit
2060 2256 2124 2309 et
2164 2242 2300 2308 exi·

755 2354 876 2440 git,
961 2370 1023 2423 et
1110 2380 1389 2446 quorum
1459 2372 1558 2427 est
1624 2360 1828 2447 judex
1874 2358 2109 2447 (quod
2171 2377 2300 2424 non

754 2473 1064 2558 competit
1104 2495 1266 2561 puro
1307 2474 1608 2561 homini),
1645 2492 1707 2541 et
1749 2496 1866 2562 per
1925 2474 2299 2541 ministrum

755 2586 960 2654 voluit
996 2589 1100 2654 illa
1140 2589 1388 2670 offerri,
1433 2601 1739 2680 tanquam
1772 2611 2031 2658 causam
2065 2591 2300 2657 subor-

754 2690 1065 2783 dinatam‘,
1100 2726 1248 2772 curn
1291 2728 1418 2795 qua
1448 2706 1591 2794 ipsa
1625 2707 2001 2794 principalis
2031 2727 2301 2773 concur·

751 2819 834 2887 rit
873 2821 950 2888 ad
992 2824 1336 2904 effectum;
1383 2825 1573 2892 debet
1615 2847 1774 2914 ergo
1815 2826 2111 2892 Minister
2150 2845 2302 2891 con·

751 2953 1102 3025 sequenter
1160 2941 1497 3009 intendere
1548 2943 1672 3009 sub
1739 2943 1959 3030 aliquo
2028 2941 2297 3021 motivo,

753 3052 819 3118 in
862 3076 990 3141 quo
1049 3056 1366 3124 subsistat
1416 3059 1690 3126 intentio
1751 3058 2130 3146 principalis
2196 3057 2301 3125 cui

752 3168 945 3238 debet
985 3174 1406 3241 conformari.
1445 3253 1452 3262 ,

840 3290 936 3354 Ex
976 3289 1081 3355 his
1116 3303 1390 3378 negatur
1421 3293 1907 3380 consequentia,
1949 3313 2066 3358 nec
2102 3291 2303 3359 refert

752 3414 821 3468 ut
872 3422 1064 3483 unus,
1119 3418 1182 3470 et
1231 3405 1393 3471 alter
1457 3405 1544 3472 sit
1602 3405 1949 3494 perplexus
1997 3427 2078 3472 ex
2130 3417 2302 3472 statu

750 3534 813 3585 et
858 3520 1099 3586 malitia
1137 3520 1442 3601 ministri,
1489 3521 1543 3588 si
1588 3522 1902 3588 motivum
1948 3522 2196 3603 subest,
2240 3535 2304 3588 et

752 3634 892 3722 ipso
930 3636 1161 3704 effectu
1192 3639 1385 3704 etiam
1431 3638 1725 3726 privatur
1753 3641 2169 3706 sacramento
2242 3650 2306 3705 et

754 3753 898 3839 ejus
945 3752 1184 3835 fructu,
1271 3755 1423 3841 quia
1472 3778 1664 3823 casus
1717 3756 2140 3843 particulares
2174 3776 2301 3822 non

761 3871 1252 3956 comprehendit
1316 3872 1444 3940 lex.
1492 3874 1661 3953 Dixi,
1708 3873 1762 3939 si
1815 3873 2135 3939 motivum
2196 3893 2304 3939 su-

767 3986 932 4068 best,
993 3988 1143 4075 quia
1202 3988 1515 4077 alioquin,
1575 4003 1645 4056 ut
1697 3990 1861 4056 bene
1910 3995 1982 4058 D.
2020 3991 2304 4055 Thomas

765 4124 984 4190 supra,
1047 4105 1102 4172 si
1148 4105 1393 4173 ablutio
1425 4117 1488 4172 et
1528 4107 1735 4173 forma
1766 4119 1939 4174 recte
1976 4108 2303 4194 applicen-

763 4232 868 4287 tur
897 4233 1186 4302 externe,
1244 4235 1312 4288 ut
1363 4223 1526 4289 nihil
1566 4235 1872 4310 appareat
1903 4225 2299 4291 contrarium

763 4338 1104 4405 intentioni
1172 4339 1511 4426 legitimae,
1584 4360 1710 4406 non
1781 4342 2005 4407 subest
2072 4341 2303 4408 funda-

759 4470 1051 4523 mentum
1101 4455 1363 4542 aliquod
1407 4457 1875 4544 perplexitatis,
1936 4458 2089 4545 quia
2130 4459 2302 4525 sicut

756 4572 1042 4640 Ecclesia
1072 4586 1282 4640 ratum
1318 4574 1509 4641 habet
1548 4576 2064 4655 Sacramentum,
2103 4577 2188 4641 ita
2238 4585 2302 4641 et

755 4689 1119 4777 suscipiens
1172 4691 1361 4756 debet
1411 4690 1749 4778 quiescere
1807 4691 2033 4758 eodem
2068 4691 2298 4758 sunda-

754 4820 973 4874 mento
1012 4808 1447 4889 certitudiniS,
1503 4830 1650 4895 quae
1696 4809 1958 4876 moralis
1990 4823 2129 4889 est;
2169 4809 2298 4876 imo

752 4938 1045 5010 peccaret
1077 4925 1555 5012 praesumendo,
1594 4938 1704 4993 aut
1736 4924 2091 5013 judicando
2121 4925 2298 4993 aliud

750 5038 830 5105 de
888 5038 1207 5121 ministr0,
1280 5040 1536 5107 secluso
1603 5040 1848 5107 motivo
1914 5039 2293 5121 sufficienti,

748 5156 920 5243 quod
970 5156 1024 5223 si
1076 5157 1323 5223 oriatur
1361 5157 1711 5242 scrupulus
1760 5176 1843 5223 ex
1874 5156 2135 5242 propria
2165 5156 2295 5223 dis·

747 5272 1090 5359 positione,
1168 5293 1361 5360 quam
1415 5273 1740 5360 deponere
1798 5273 2013 5354 debet,
2087 5274 2296 5340 oritur

751 5408 880 5458 non
913 5411 994 5456 ex
1026 5401 1254 5456 natura
1286 5389 1584 5469 actioniS,
1622 5401 1734 5457 aut
1766 5389 2153 5457 ministerio

847 5509 1084 5573 Demus
1123 5528 1283 5594 ergo
1312 5526 1562 5588 casum,
1607 5505 1889 5594 aliquem
1922 5525 2157 5592 nempe
2188 5526 2293 5572 es-

2406 1427 2496 1492 ad
2553 1431 2615 1493 2.
2682 1427 2856 1515 quod
2908 1431 3079 1495 Deus
3136 1430 3475 1516 suppleret
3530 1430 3595 1493 in
3645 1449 3715 1493 eo
3753 1447 3884 1503 casu,

2406 1542 2578 1628 quod
2619 1541 2873 1610 deesset
2920 1558 3235 1631 quantum
3276 1543 3355 1610 ad
3389 1542 3886 1631 justificationem,

2407 1660 2459 1725 si
2511 1659 2803 1726 defectus
2845 1660 3229 1728 intentionis
3268 1674 3445 1727 esset
3476 1661 3776 1726 occultus.
3805 1659 3891 1723 Alii

2410 1775 2533 1840 hoc
2572 1788 2839 1862 negant,
2884 1777 2993 1864 qui
3037 1788 3263 1864 putant
3309 1778 3609 1864 rigorose
3645 1780 3812 1842 Deum
3835 1776 3894 1839 ita

2410 1890 2716 1977 alligasse
2775 1892 3085 1960 virtutem
3159 1914 3344 1960 suam
3405 1895 3812 1968 Sacramenw,
3849 1905 3896 1956 ut

2411 2007 2598 2072 aliter
2638 2007 2703 2073 in
2757 2028 2832 2073 eo
2873 2029 3031 2076 casu
3093 2030 3219 2076 non
3263 2009 3607 2095 provideat
3669 2009 3738 2074 ad
3770 2007 3895 2072 salu·

2413 2133 2566 2203 tem,
2610 2145 2819 2210 neque
2869 2125 3148 2212 gratiam
3182 2124 3678 2213 justificationis
3730 2122 3891 2188 inluu-

2412 2241 2616 2307 deret.
2666 2241 2789 2308 Sed
2824 2243 2946 2308 hoc
2974 2243 3244 2308 omnino
3293 2243 3620 2309 incertum
3670 2253 3775 2318 est,
3816 2259 3896 2304 ne-

2413 2379 2539 2444 que
2592 2358 3089 2425 fundamentum
3131 2359 3393 2447 aliquod
3453 2360 3603 2442 hoc,
3642 2368 3743 2423 aut
3780 2355 3894 2422 illud

2418 2486 2631 2559 urget,
2687 2493 2835 2538 nam
2887 2472 3059 2560 quod
3103 2472 3393 2538 moderni
3453 2482 3721 2558 urgeant
3753 2467 3892 2535 illud:

2414 2588 2565 2653 Nisi
2605 2590 2752 2674 quis
2801 2601 3075 2655 renatus
3102 2592 3334 2675 fuerit,
3375 2601 3503 2655 etc.
3550 2587 3656 2654 ubi
3696 2588 3897 2653 denota·

2413 2716 2518 2770 tur
2551 2705 2909 2772 necessitas
2942 2706 3279 2793 Baptismi,
3329 2706 3611 2792 intelligi
3651 2718 3826 2793 potest
3853 2702 3897 2766 iu

2416 2820 2653 2907 reipsa,
2719 2837 2830 2887 aut
2895 2822 2960 2888 in
3031 2822 3433 2909 apparentia,
3549 2835 3612 2889 et
3689 2823 3747 2887 in
3805 2819 3899 2885 roro

2413 2934 2723 3001 Ecclesiae
2770 2937 3080 3023 suscepti,
3150 2937 3407 3023 quando
3480 2938 3706 3004 vitium
3749 2936 3898 3000 inten-

2413 3050 2610 3118 tionis
2642 3051 2932 3119 exterius
2975 3073 3102 3118 non
3137 3053 3457 3140 proditur,
3501 3068 3565 3120 et
3612 3050 3762 3140 quod
3785 3071 3894 3138 gra-

2417 3189 2530 3234 ves
2602 3170 2905 3236 Doctores
2979 3181 3389 3255 praesumunt
3460 3169 3540 3237 de
3606 3169 3787 3236 salute
3834 3165 3898 3232 sic

2417 3285 2744 3372 baptizati,
2798 3287 3072 3352 multum
3114 3287 3419 3374 congruit
3486 3288 3723 3354 divinae
3758 3285 3894 3351 mise-

2416 3402 2740 3470 ricordiae.
2804 3406 2881 3469 Et
2942 3403 3005 3468 in
3063 3424 3206 3469 eam
3266 3404 3655 3471 sententiam
3688 3401 3892 3468 multum

2419 3518 2779 3607 propendet
2819 3521 3254 3606 AugustinuS,
3299 3521 3354 3588 si
3395 3542 3542 3587 eam
3585 3522 3768 3607 ipsam
3805 3536 3893 3582 non

2415 3646 2652 3716 teneat,
2703 3635 2844 3700 loco
2883 3635 3102 3715 citat0,
3130 3657 3246 3702 nec
3296 3637 3480 3702 deest
3519 3630 3890 3722 congruentia,

2422 3764 2491 3816 ut
2549 3755 2718 3818 Deus
2775 3772 2974 3818 causa
3042 3752 3423 3840 principalis
3496 3753 3810 3819 instituens
3853 3759 3894 3809 et

2418 3889 2697 3938 causans
2765 3870 3040 3936 salutem
3085 3871 3423 3937 hominum
3479 3870 3683 3937 medio
3728 3870 3892 3933 Sacra·

2420 3999 2663 4068 ment0,
2705 3987 2770 4052 in
2813 4009 2889 4054 eo
2931 4008 3084 4054 casu
3127 4008 3257 4074 quo
3295 3990 3766 4053 Sacramentum
3798 3981 3893 4047 sine

2413 4103 2608 4191 culpa
2655 4104 3099 4191 sitscipientiS‚
3137 4104 3250 4171 sed
3291 4127 3373 4171 ex
3424 4105 3564 4171 sola
3603 4098 3889 4186 malignita-

2415 4231 2478 4286 te
2537 4220 2794 4287 interna
2851 4220 3275 4302 conferentis,
3321 4220 3406 4287 sit
3455 4221 3716 4302 nullum,
3781 4234 3889 4298 sup·

2416 4336 2587 4425 pleat
2645 4357 2763 4404 sua
2823 4336 3046 4404 divina
3099 4336 3548 4404 misericordia
3611 4335 3884 4402 derectum,

2417 4454 2480 4518 in
2535 4453 2617 4520 iis
2658 4476 2806 4542 quae
2873 4454 2951 4521 ad
3013 4455 3290 4522 salutem
3349 4468 3509 4523 sunt
3574 4447 3883 4521 necessaria.

2417 4571 2532 4636 sed
2580 4592 2791 4659 neque
2830 4571 3024 4638 etiam
3076 4594 3157 4639 ex
3194 4572 3320 4638 alia
3362 4584 3547 4660 parte
3594 4582 3682 4638 est
3718 4562 3885 4634 lunda·

2416 4700 2732 4770 mentum,
2773 4688 2943 4775 quod
2993 4689 3341 4756 convincat
3387 4690 3479 4757 ita
3531 4687 3701 4762 fieri;
3739 4695 3882 4750 totum

2413 4814 2512 4869 est
2561 4804 2674 4870 Dei
2728 4804 3158 4892 providentiae
3188 4819 3252 4871 et
3292 4804 3693 4892 dispositioni
3734 4816 3879 4868 secre-

2411 4930 2495 4985 tae
2540 4932 2980 4987 reservatum.

2481 5039 2683 5102 Casus
2718 5035 2979 5103 moralis
3011 5057 3156 5103 esse
3197 5050 3414 5123 posset
3443 5037 3526 5103 de
3557 5035 3695 5103 solis
3731 5030 3871 5099 inlatr
3945 5031 3976 5136 ξ

2405 5155 2581 5221 tibus
2612 5154 2707 5220 sic
2741 5153 3073 5240 baptizatis
3112 5173 3148 5219 a
3191 5153 3492 5219 ministro
3534 5155 3665 5221 sine
3692 5146 3872 5216 ullain-
3906 5151 4014 5276 m}

2407 5270 2720 5350 tentione,
2772 5283 2836 5336 et
2870 5270 3144 5336 mortuis
3201 5289 3346 5334 cum
3399 5269 3540 5336 solo
3594 5268 3688 5334 illo
3728 5256 3870 5346 Bapti·
3915 5283 4024 5378 ff*

2409 5407 2574 5467 sm0‚
2621 5407 2702 5452 an
2743 5383 3141 5452 exhumandi
3176 5397 3395 5451 essent
3433 5406 3514 5451 ex
3555 5385 3676 5451 loco
3709 5346 4000 5456 εειοτῦῗωὲἶῖν

2410 5504 2561 5590 quia
2595 5502 2672 5570 de
2702 5502 2963 5583 adultiS,
2997 5502 3110 5589 qui
3141 5523 3255 5589 per
3320 5501 3519 5568 fidem
3566 5505 3857 5569 Sacramen·
3885 5489 3914 5526 ¹³
