4255 6375
821 395 1004 484 ‚442

890 555 1125 623 bonum
1158 560 1334 644 quod
1361 564 1651 631 nondum
1692 568 1890 633 hahes
1921 569 2199 652 (scilicet
2247 571 2439 636 iidem

891 688 1271 758 operantem
1325 699 1440 763 per
1495 682 1907 771 charitatem)
1950 698 2018 751 ut
2055 689 2269 771 prosit
2322 689 2444 753 tibi

896 786 1134 855 bonum
1193 792 1367 877 quod
1421 796 1640 875 habea,
1731 801 1965 885 supple
2043 805 2433 888 Baptismus.

896 905 1249 990 Gregorius
1320 910 1596 995 Magnus
1665 912 1777 979 lib.
1842 918 1905 981 9.
1988 918 2437 1003 epistolarum,

599 1025 820 1090 Gregor·
893 1020 1167 1105 epistola
1236 1026 1347 1092 61.
1418 1028 1736 1095 Sanctum
1817 1034 2187 1117 Baptisma,
2268 1040 2442 1122 quod

583 1086 828 1203 Ιλέῑῗιῖῗῧίἶ
888 1150 1042 1203 sunt
1079 1141 1262 1225 apud
1313 1143 1657 1210 haereticos
1724 1153 2072 1228 consecuti,
2150 1163 2302 1217 lunc
2371 1158 2437 1219 in

888 1269 983 1331 eis
1066 1268 1245 1333 vires
1298 1271 1795 1338 emundationis
1833 1279 2094 1362 rec-ipit,
2143 1303 2285 1345 mm
2341 1285 2440 1348 vel

893 1384 1005 1448 illi
1070 1406 1194 1470 per
1261 1387 1755 1473 impositionem
1819 1416 2052 1460 viarius
2109 1401 2437 1484 Spe're’lum

886 1512 1188 1565 sanctum
1221 1507 1621 1589 acceperint,
1673 1510 1774 1572 vel
1807 1513 1921 1574 isti
1953 1527 2232 1598 propter
2286 1541 2441 1602 pro-

890 1613 1251 1696 fessionem
1331 1616 1496 1698 fidei
1581 1632 1824 1683 sancta>
1922 1635 1980 1686 el
2040 1628 2441 1692 universalis·

883 1727 1195 1792 Ecclesice
1233 1731 1593 1797 visceribus
1611 1735 1866 1816 suerin!
1911 1742 2107 1818 uniti,
2147 1756 2269 1808 etC.
2320 1745 2433 1807 lsi-

878 1841 1078 1908 dorus
1113 1845 1519 1931 Hispalensis
1546 1848 1660 1914 lib.
1707 1854 1768 1916 ⁶2.
1823 1852 2101 1921 officior.
2143 1879 2283 1944 cap.
2322 1865 2427 1926 24.

882 1959 1083 2023 Habet
1117 1962 1379 2046 quidem
1433 1965 1847 2050 Baptismum
1895 1970 2157 2038 Christi
2221 1978 2432 2042 luere-

882 2077 1069 2155 ciens,
1115 2079 1232 2142 secl
1260 2083 1418 2164 quia
1449 2094 1641 2146 extra
1684 2088 2004 2152 unitatem
2034 2092 2221 2172 fidei,
2256 2098 2434 2161 nihil

880 2194 943 2256 ei
992 2194 1302 2279 prodest‚·
1347 2209 1416 2261 a!
1473 2198 1586 2262 ubi
1634 2201 1968 2286 inm-ossus
2013 2208 2250 2292 suerit,
2294 2225 2425 2276 sla-

885 2311 1004 2374 tim
1054 2311 1421 2396 Baptisma,
1489 2316 1663 2400 quod
1720 2319 2038 2384 habuerat
2102 2328 2278 2408 soris
2343 2330 2433 2392 ad

875 2429 1269 2511 perniciem,
1326 2431 1564 2516 ineipic
1617 2435 1728 2498 illi
1772 2439 1918 2521 jam
1958 2442 2274 2524 prodesse
2343 2448 2433 2510 acl

879 2543 1184 2624 salntem,
1221 2558 1343 2611 etc.
1395 2548 1568 2613 Idem
1616 2550 1804 2616 docet
1845 2570 2070 2621 auctor
2108 2566 2432 2628 sermonis

884 2667 965 2728 de
1026 2668 1218 2732 Coena
1276 2673 1556 2747 Domini,
1592 2678 1658 2735 et
1701 2694 1895 2739 serm.
1955 2683 2031 2742 de
2061 2683 2296 2746 lotione
2314 2707 2426 2763 pe-

887 2788 1064 2858 dum,
1113 2790 1284 2849 inter
1362 2805 1561 2866 opera
1616 2790 1944 2872 Cypriani,
1996 2796 2158 2860 infra
2244 2804 2432 2865 vide-

883 2895 1078 2959 bitur.

688 3019 767 3071 26.
971 3009 1350 3073 Confirmari
1421 3020 1639 3092 potest
1695 3035 1776 3079 ex
1835 3020 2121 3086 Trident.
2164 3043 2309 3088 sess,
2365 3032 2424 3092 6.

559 3079 838 3200 Οοῖἓζῖῃὼ
890 3145 1032 3205 cap.
1066 3129 1125 3190 4.
1175 3129 1355 3207 quod
1388 3129 1582 3193 docet
1633 3133 1772 3196 sine
1821 3137 2151 3216 Baptismo
2208 3143 2272 3203 in
2330 3164 2424 3218 re,

879 3248 982 3308 vel
1033 3255 1182 3311 voto
1217 3266 1349 3311 non
1395 3248 1531 3312 fieri
1580 3251 2119 3332 Justificationem
2169 3279 2205 3323 a
2264 3281 2426 3340 pec-

880 3367 1020 3426 cato
1051 3367 1385 3444 originali;
1421 3374 1485 3429 et
1528 3388 1668 3447 cap.
1720 3372 1780 3433 6.
1834 3372 1988 3436 dicit
2040 3382 2286 3456 requiri
2317 3402 2423 3443 vo-

879 3484 1036 3552 tum,
1097 3497 1218 3541 seu
1260 3483 1667 3545 voluntatem
1738 3490 2140 3567 suscipiendi
2176 3496 2423 3573 Baptis-

576 3638 792 3691 Peccata
873 3612 1090 3670 mum;
1165 3602 1401 3659 etsess.
1471 3601 1563 3661 14.
1597 3618 1734 3678 cap.
1795 3604 1846 3664 l.
1884 3609 2025 3668 et2.
2079 3614 2420 3673 materiam

523 3707 838 3825 Bapiisstrr‘i’um
872 3712 1040 3773 circa
1098 3730 1294 3791 quam
1356 3717 1665 3792 Baptismi
1713 3736 1859 3780 esse
1933 3731 2201 3799 peccata
2268 3736 2418 3791 ante

547 3827 812 3939 ⁰⁰¹?,ffiitffl
871 3832 1269 3909 Baptismum
1351 3838 1718 3911 commissa,
1813 3844 2159 3906 commissa
2259 3865 2413 3908 vero

570 3952 783 4023 nia-teria
864 3953 1011 4025 post
1053 3949 1456 4026 Baptismum
1485 3969 1636 4014 esse
1680 3957 2020 4018 materiam
2083 3963 2405 4036 poeniten-

618 4029 741 4078 ΘΜ
862 4077 980 4145 tiae,
1028 4074 1148 4136 sed
1195 4078 1581 4153 poenitentia
1630 4081 1860 4142 nonin
1905 4090 2053 4145 voto
2100 4089 2413 4164 Baptismi

854 4192 1219 4253 remitteret.
1275 4164 1402 4253 ‘illa
1491 4204 1762 4270 peccata
1859 4202 2201 4264 commissa
2259 4211 2411 4266 ante

853 4305 1280 4382 Baptismum,
1345 4310 1497 4387 quia
1563 4327 1697 4371 non
1759 4319 1859 4374 est
1917 4318 2063 4376 talis
2107 4319 2408 4384 subordi-

851 4425 1026 4484 natio
1105 4422 1242 4500 ejus
1288 4424 1369 4486 ad
1431 4429 1882 4505 Baptismum;
1949 4451 2106 4513 ergo
2175 4440 2409 4502 virtute

845 4538 1156 4615 Baptismi
1271 4548 1424 4603 sunt
1522 4546 1952 4622 remissibilia,
2043 4562 2106 4612 et
2183 4557 2400 4617 remit-

848 4658 1074 4715 tuntur
1143 4672 1276 4717 non
1325 4660 1564 4721 virtute
1603 4664 2025 4739 poenitentiae,
2061 4676 2125 4730 et
2172 4686 2406 4732 conse-

850 4778 1134 4850 quenter
1216 4776 1585 4852 Baptismus
1649 4791 1996 4859 susceptus
2075 4789 2248 4848 valet
2319 4792 2399 4850 ad

851 4891 1312 4953 remissionem
1386 4910 1637 4969 eorum,
1740 4904 1812 4959 ut
1894 4901 2092 4963 verba
2175 4904 2399 4968 Conri-

851 5007 914 5066 lii
973 5006 1345 5068 secundum
1405 5009 1689 5089 rigorem
1761 5016 2191 5096 intelligenda
2260 5038 2397 5099 prae

851 5138 923 5184 se
953 5122 1196 5185 ferunt.

526 5275 805 5342 Responsio
930 5241 1121 5303 Dices
1170 5260 1319 5304 cum
1374 5243 1675 5323 Vasquez
1730 5248 1968 5311 remitti
2041 5270 2161 5329 per
2229 5271 2394 5317 acci-

537 5339 788 5405 Vasquez.
854 5354 1042 5425 dens,
1089 5372 1209 5433 per
1262 5358 1564 5437 gratiam,
1607 5376 1749 5437 quae
1806 5360 1997 5421 datur
2053 5365 2116 5423 in
2178 5372 2393 5442 poeni-

854 5472 1075 5544 tentia,
1118 5488 1261 5549 quae
1303 5489 1423 5550 per
1453 5490 1525 5534 se
1576 5474 1844 5552 quidem
1901 5478 2166 5541 remittit
2232 5480 2391 5542 ficti·

849 5599 1073 5657 onem,
1105 5600 1226 5661 per
1255 5586 1565 5648 accidens
1619 5606 1774 5652 vero
1820 5592 2143 5671 quidquid
2184 5613 2384 5673 repu-

2074 408 2218 470 LlB.
2266 411 2365 472 IV.
2414 412 3005 478 SENTENTIARUM

2552 579 2711 650 gnat
2749 576 2993 653 gratiae,
3055 579 3248 657 quale
3296 584 3403 640 est
3448 578 3760 655 originale,
3795 586 3843 641 et
3874 585 3960 644 reli-

2554 705 2707 766 qua,
2733 707 2876 767 quae
2906 694 3312 755 antecedunt
3356 694 3755 772 Baptismum.
3798 697 3993 766 Contra·

2560 809 2709 883 quia
2738 807 3009 884 praefato
3041 810 3185 872 loco
3211 811 3568 872 Concilium
3600 811 3964 876 docetnecessi-

2556 924 2754 982 tatem
2800 925 3133 1001 Baptismi,
3165 933 3237 987 ut
3267 932 3369 987 est
3418 924 3778 988 mediumin
3801 943 3871 999 re,
3902 935 3961 987 aut

2553 1043 2702 1100 voto
2761 1039 2841 1099 ad
2887 1039 3430 1119 justificationem
3472 1042 3959 1122 requisitumaergo

2520 1146 2777 1216 'dicens
2822 1175 2952 1216 non
2986 1159 3226 1219 remitti
3279 1159 3624 1238 originale.
3658 1161 3757 1218 nisi
3796 1175 3882 1235 per
3900 1162 3961 1220 Ba

2551 1270 2857 1346 ptismum
2890 1272 2953 1332 in
2997 1290 3093 1342 re,
3127 1282 3237 1334 aut
3266 1275 3331 1334 in
3361 1279 3543 1344 vot0‚
3576 1276 3840 1351 supponit
3860 1277 3965 1352 quoi
3984 1282 4001 1328 .·

2552 1401 2683 1448 non
2741 1389 2826 1446 sit
2879 1388 3054 1449 aliud
3126 1389 3420 1451 medium
3472 1390 3617 1469 ejus
3681 1392 3995 1462 remittendi,

2548 1501 2707 1562 alias
2753 1509 3023 1579 possent
3056 1504 3251 1565 etiam
3285 1508 3647 1587 excogitari
3675 1506 3779 1566 alia
3811 1505 3965 1565 media.
4000 1543 4005 1547 -

2550 1623 2617 1678 ut
2662 1618 2841 1696 quod
2886 1620 3305 1683 Circumcisio
3364 1628 3432 1683 et
3488 1621 3815 1683 remedium
3866 1622 3967 1699 legis

2546 1741 2796 1794 naturae
2845 1737 2908 1794 in
2942 1752 3020 1795 eo
3054 1751 3211 1797 casu
3240 1738 3559 1808 valerent,
3592 1737 3753 1815 quod
3776 1736 3964 1797 nonalia

2548 1855 2799 1913 ratione
2824 1854 3129 1928 negatur,
3155 1853 3272 1913 nisi
3307 1856 3459 1931 quia
3488 1855 3619 1915 haec
3651 1853 3887 1915 efficacia
3906 1858 3966 1912 tn'-

2545 1970 2770 2030 buitur
2796 1969 2915 2029 soli
2950 1969 3277 2047 Baptismo
3301 1973 3361 2031 in
3392 1987 3488 2040 re,
3515 1970 3618 2031 vel
3636 1972 3695 2030 in
3722 1976 3861 2040 voto,
3893 1973 3966 2028 tam

2544 2102 2579 2142 a
2612 2087 2940 2162 Scriptura
2983 2101 3182 2163 quam
3227 2103 3263 2146 a
3306 2086 3621 2160 PatribuS,
3678 2103 3745 2146 ac
3783 2085 3963 2162 proinde

2545 2201 2908 2262 excluditur
2970 2201 3440 2280 quodcumque
3509 2200 3680 2263 aliud
3753 2201 3962 2263 medium

2623 2322 2805 2383 Patet
2838 2327 3335 2401 consequentia,
3378 2327 3530 2404 quia
3577 2326 3657 2386 ob
3687 2324 3964 2386 determina

2547 2445 2668 2500 tam
2694 2445 3156 2503 necessitatem
3181 2444 3486 2519 Baptismi
3509 2449 3573 2504 et
3591 2439 3966 2504 Poenitentiaeai

2544 2558 3000 2619 remissionem
3034 2561 3284 2636 peccati
3318 2560 3645 2639 originalis
3701 2565 3758 2619 et
3791 2557 3967 2617 actualis

2543 2676 2935 2752 respective,
2969 2676 3442 2738 subordinatur
3473 2679 3616 2756 ipsis
3641 2675 3885 2737 contritio
3899 2689 3965 2732 sen

2542 2792 2920 2868 poenitentia
2963 2792 3279 2870 perfecta,
3329 2810 3473 2871 quae
3530 2811 3652 2857 non
3708 2793 3865 2861 valet,
3896 2807 3960 2851 ne·

2543 2926 2671 2986 que
2719 2916 3103 2988 acceptatur
3150 2911 3231 2970 ad
3288 2910 3723 2972 remissionem
3772 2906 3957 2987 peceati.

2539 3033 2609 3088 ut
2654 3029 2813 3089 locis
2845 3027 3053 3088 citatis
3087 3027 3673 3101 docetConcilium‚
3701 3033 3757 3088 et
3778 3043 3885 3087 sess.
3906 3025 3959 3084 lt.

2539 3160 2680 3219 cap.
2727 3145 2787 3204 4.
2836 3143 2958 3203 nisi
3005 3141 3430 3222 conjunctum
3462 3143 3544 3204 sit
3584 3149 3778 3205 votum
3814 3140 3957 3200 Sacra·

2536 3261 2764 3329 menti,
2814 3263 3105 3337 quamvis
3190 3260 3347 3322 alias
3393 3265 3546 3321 ante
3599 3260 3955 3320 institutionem
3986 3287 4002 3325 s

2534 3376 2769 3435 horum
2819 3378 3389 3437 sacramentorum
3448 3376 3749 3446 absolute,
3777 3376 3830 3435 et
3868 3366 4023 3463 sine?

2533 3493 3071 3554 subordinatione
3135 3494 3217 3554 ad
3276 3494 3713 3556 remiss10nem
3773 3478 3992 3553 actuattz'

2530 3613 2831 3685 valebam
2869 3630 3027 3689 ergo
3064 3615 3151 3673 ita
3182 3613 3606 3692 intelligenda
3640 3617 3724 3676 est
3748 3610 3953 3671 remissio

2530 3731 2779 3807 peccati
2813 3727 2950 3789 fieri
2983 3746 3016 3788 a
3049 3729 3471 3791 Sacramento
3505 3728 3567 3789 in
3609 3745 3693 3798 re,
3720 3731 3813 3789 aut
3842 3729 3952 3785 voto.

2529 3853 2600 3907 ut
2644 3847 2830 3907 aliter
2872 3846 3010 3907 fieri
3053 3864 3184 3907 non
3233 3849 3438 3923 possit
3489 3846 3569 3909 de
3598 3848 3730 3926 lege
3775 3841 3949 3905 ordina·

2524 3963 2643 4035 ria,
2692 3978 2909 4039 neque
2963 3979 3082 4039 per
3124 3978 3221 4032 se,
3284 3978 3508 4040 neque
3552 3979 3665 4040 per
3701 3956 3945 4020 accidens:

2526 4079 2606 4141 ab
2669 4077 2792 4139 alio
2839 4078 3131 4139 remedio
3174 4079 3247 4138 de
3304 4078 3444 4155 leqe
3506 4080 3806 4140 ordinaria
3844 4073 3945 4134 diro,

2525 4201 2597 4256 ut
2645 4193 3076 4256 excludamus
3121 4194 3535 4273 privilegium
3590 4190 3842 4270 Baptismi
3878 4183 3943 4244 fla·

2524 4312 2714 4374 minis
2771 4311 3090 4373 infantum
3128 4357 3142 4382 ‚
3232 4316 3345 4373 aut
3429 4310 3777 4389 sanguinis,
3819 4310 3943 4378 atque

2524 4430 2719 4489 etiam
2767 4430 3125 4506 potentiam
3173 4428 3283 4488 Dei
3319 4428 3697 4489 absolutam.

2601 4544 2731 4607 Sed
2764 4559 2895 4604 non
2927 4546 3134 4619 magis
3163 4550 3513 4606 revocatur
3554 4540 3804 4604 remissio
3844 4548 3938 4611 pec·

2523 4664 2641 4722 cati
2686 4662 2749 4722 in
2781 4676 3034 4740 genere
3095 4660 3176 4722 ad
3221 4662 3364 4722 haec
3410 4661 3790 4722 Sacramenta
3830 4651 3873 4711 in
3900 4658 3940 4703 re

2519 4784 2628 4837 aut
2657 4783 2833 4849 voto,
2870 4793 3065 4855 quam
3099 4775 3180 4835 ad
3228 4775 3570 4854 quodlibet
3595 4756 3936 4842 horum‚(11¹0d

2516 4901 2617 4958 est
2678 4912 2958 4975 propriae
3019 4898 3339 4966 materiae,
3400 4903 3691 4975 tanquam
3748 4888 3811 4950 ad
3849 4897 3930 4943 me·

2514 5010 2687 5073 dium
2747 5014 3242 5085 necessarium;
3305 5031 3466 5093 ergo
3551 5015 3631 5074 ita
3694 5006 3927 5086 peccatum

2507 5134 2826 5212 originale
2921 5139 2985 5195 et
3075 5135 3332 5196 actuale
3414 5140 3568 5196 ante
3643 5119 3955 5206 Baptismumt'

2508 5253 2874 5322 commissa,
2921 5258 3314 5316 revocantur
3378 5252 3463 5313 ad
3527 5254 3713 5332 ipsum
3766 5236 3959 5364 Βὲψῑῑῗ·ἶ

2507 5382 2699 5439 mum,
2732 5370 2804 5426 ut
2854 5383 3075 5445 neque
3129 5384 3248 5443 per
3289 5383 3385 5440 se,
3447 5380 3655 5444 neque
3701 5374 3790 5437 per
3818 5360 3983 5459 wlff*

2506 5482 2669 5543 dens
2728 5461 2965 5543 remitti
3052 5485 3306 5562 possint
3379 5502 3500 5563 per
3566 5468 3901 5560 poenitentiam·
3975 5482 4005 5524 ἐι

2496 5600 2918 5662 Antecedens
2989 5607 3172 5677 patet
3237 5618 3333 5663 ex
3379 5602 3610 5665 iisdem
3662 5584 3893 5675 principiis,
