4255 6375
1402 439 1417 450 ⁹
1488 445 1688 510 DlS'l'.
1725 442 1769 508 l.
1808 437 2169 522 QUAES‘rto
2201 439 2305 504 vt.

287 628 414 677 nus
478 609 801 678 muliebre
860 630 988 676 non
1037 619 1176 676 erat
1227 629 1430 696 capax
1498 606 1842 673 circumci-

74 734 253 786 ullian.
287 727 540 806 sionis;
578 730 672 795 sic
712 727 1147 795 Tertullianus
1180 726 1337 794 dicit
1367 747 1579 812 neque
1609 724 1838 800 Adam,

288 865 513 933 neque
573 845 821 934 prolem
899 845 1065 933 ejuS,
1153 864 1366 933 neque
1435 841 1845 909 patriarchas

293 981 510 1047 usque
577 962 654 1028 ad
718 962 1042 1028 Abraham
1126 960 1332 1028 fuisse
1389 959 1840 1035 circumcisos,

74 1083 232 1134 prinu.
286 1076 383 1143 sic
423 1078 794 1163 Cyprianus
838 1077 953 1145 lib.
1018 1088 1255 1142 contra
1324 1076 1588 1142 Judoeos
1644 1074 1845 1141 simili

284 1206 687 1280 argumento
749 1194 980 1272 utitur,
1045 1215 1173 1281 quo
1230 1193 1527 1259 Iustinus
1579 1204 1644 1259 et
1693 1195 1845 1257 Ter-

285 1309 634 1378 tullianus,

379 1430 477 1493 Ex
545 1428 786 1515 quibus
845 1449 974 1495 non
1036 1427 1185 1495 licet
1252 1426 1546 1495 absolute
1607 1427 1851 1494 inferre

287 1534 875 1602 circumcisionem
920 1556 1048 1601 non
1093 1534 1480 1621 justificare,
1544 1535 1695 1623 quia
1740 1556 1850 1601 neae

288 1671 417 1738 que
477 1652 676 1717 etiam
726 1652 1027 1738 baptizati
1078 1652 1363 1729 fuerunt,
1430 1672 1576 1718 cum
1628 1662 1850 1718 tamen

289 1765 444 1832 inde
480 1787 612 1832 non
663 1767 960 1854 sequitur
1000 1767 1399 1852 Baptismum
1442 1787 1571 1832 non
1597 1766 1854 1853 justifi-

284 1901 463 1948 care.
548 1883 732 1949 Valet
788 1895 1003 1949 tamen
1072 1882 1179 1948 illa
1251 1882 1719 1969 consequentia
1771 1902 1851 1948 ex

71 2048 219 2095 aiem
286 1997 750 2084 suppositione
781 1999 1046 2077 erroris,
1094 1998 1414 2085 praedicti,
1451 2019 1688 2086 nempe
1722 2019 1847 2064 non

71 2109 240 2159 ⁰0¹⁰<¹i²
288 2112 354 2177 in
398 2113 545 2180 sola
584 2115 1119 2189 circumcisione,
1154 2126 1217 2179 et
1257 2113 1509 2179 seclusa
1552 2113 1676 2180 fide
1724 2117 1851 2180 Re-

71 2189 243 2299 pggsffi-
292 2229 686 2316 demsntoris,
730 2252 921 2317 quam
968 2230 1344 2317 implicitam
1397 2231 1699 2310 habebat,
1736 2230 1855 2296 da-

71 2313 218 2412 πῗὲἷιε.
294 2357 425 2411 tam
475 2346 683 2412 fuisse
717 2346 1040 2434 justitiam
1103 2347 1300 2412 ullam
1342 2368 1457 2434 per
1485 2347 1851 2413 Circumci-

288 2461 580 2536 sionem,
621 2462 810 2548 cujus
851 2461 1251 2528 contrarium
1308 2460 1515 2527 Judaei
1557 2461 1855 2528 adstrue-

288 2575 474 2655 bant,
514 2588 588 2643 ut
619 2577 832 2643 visum
875 2588 975 2644 est
1033 2599 1254 2664 supra,
1309 2577 1413 2645 vel
1445 2589 1619 2646 certe
1661 2579 1854 2646 fidem

286 2692 456 2757 nihil
500 2692 647 2759 sine
679 2693 1190 2760 circumcisione
1230 2693 1472 2774 valere,
1521 2707 1590 2760 ut
1623 2695 1852 2760 novitii

287 2807 607 2874 Pharisaei
653 2808 951 2893 baptizati
992 2809 1492 2875 contendebant.

96 2959 157 3006 17.
378 2924 509 2988 Alii
541 2935 786 3000 autem,
825 2937 894 2989 ut
926 2925 1367 3010 Hieronymus
1398 2927 1473 2990 in
1505 2929 1726 3012 cap.3.
1763 2926 1854 2991 acl

71 3021 258 3134 ζξξζζη
295 3040 522 3107 Galat.
562 3044 1001 3107 Damascenus
1044 3043 1157 3108 lib.
1213 3046 1277 3108 4.
1321 3042 1485 3125 fidei
1542 3042 1856 3108 orthodo-

71 3154 243 3209 mosi.
290 3176 420 3235 oeoe,
480 3177 632 3242 cap.
674 3158 784 3225 26.
833 3157 1340 3243 chrysostomus
1372 3160 1545 3224 hom.
1611 3161 1719 3225 27.
1780 3160 1854 3224 in

296 3272 627 3352 Genesim,
715 3272 1047 3359 explicant
1103 3272 1407 3341 effectum
1473 3274 1852 3360 explicitum

292 3387 855 3469 circumcisionis,
910 3402 975 3457 et
1037 3390 1251 3477 magis
1299 3401 1553 3470 notum,
1619 3411 1855 3476 nempe

295 3521 437 3567 eam
491 3502 711 3570 datam
770 3524 913 3571 esse
943 3503 1007 3570 in
1066 3505 1330 3591 signum
1398 3504 1850 3572 distinctivum

72 3637 254 3705 rcqmci-
293 3619 563 3705 generis
612 3621 963 3699 Abraham,
999 3642 1076 3687 ne
1115 3622 1653 3688 commisceretur
1682 3624 1853 3688 Gen-

92 3713 251 3808 Ῑῖξςῑῃ-
292 3735 495 3814 tibus,
536 3756 610 3802 ac
670 3733 945 3822 proinde
1002 3736 1092 3802 illi
1143 3735 1390 3817 dicunt,
1429 3737 1493 3801 in
1568 3735 1848 3814 desert0,

71 3826 226 3935 Qss‘ssg'm
295 3851 401 3917 ubi
444 3852 593 3918 haec
623 3852 1002 3918 commixtio
1050 3872 1196 3918 esse
1238 3846 1377 3917 noni
1410 3853 1645 3939 potuit,
1703 3853 1855 3939 quia

292 3980 476 4032 erant
506 3966 653 4047 soli,
693 3966 1271 4033 circumcisionem
1304 3986 1622 4034 cessasse.

375 4082 560 4158 Quod
604 4102 832 4149 verum
863 4095 963 4149 est
1002 4104 1084 4150 ex
1114 4083 1382 4170 speciali
1414 4083 1524 4149 Dei
1573 4082 1848 4163 indult0‚

290 4199 438 4282 quia
485 4198 779 4285 alioquin
835 4210 1241 4285 praeceptum
1301 4212 1440 4265 erat
1497 4211 1566 4265 ut
1622 4211 1852 4265 octavo

292 4311 391 4379 die
466 4315 896 4381 circumcisio
954 4313 1166 4393 fieret,
1233 4315 1357 4382 hoc
1417 4337 1545 4382 non
1603 4316 1850 4413 obstat,

294 4429 447 4515 quin
479 4431 676 4495 etiam
716 4430 1142 4497 Circumcisio
1186 4451 1267 4495 ex
1299 4430 1711 4497 institutione
1745 4431 1852 4496 Dei

298 4543 492 4610 fuerit
550 4545 935 4626 remedium,
996 4546 1148 4634 quia
1217 4568 1298 4612 ex
1348 4544 1474 4612 fide
1528 4544 1848 4625 salvabat,

294 4659 473 4745 juxta
513 4662 782 4728 Paulum
825 4662 1127 4747 proderat
1173 4662 1551 4728 observanti
1586 4661 1796 4748 legem
1836 4683 1850 4726 ε

299 4777 358 4839 ei
385 4777 643 4842 credita
700 4788 854 4843 sunt
891 4780 1162 4864 eloquia
1211 4780 1335 4843 Dei
1357 4802 1382 4857 ‚·
1419 4778 1648 4844 habuit
1696 4798 1856 4864 ergo

72 4900 276 4953 modoret.
302 4892 458 4958 alios
490 4893 761 4960 effectus
802 4905 1040 4980 praeter
1091 4914 1506 4980 expressum.
1552 4892 1857 4959 Theodo-

305 5018 478 5075 retus
524 5008 684 5074 dicit
722 5009 1073 5088 Idumaeos,
1125 5010 1483 5077 Ismaelitas
1541 5023 1606 5075 et
1668 5009 1855 5090 alios,

304 5125 408 5209 qui
449 5123 821 5190 defecerant
869 5145 904 5190 a
948 5123 1096 5203 fide,
1161 5124 1584 5191 circumcisos
1625 5123 1852 5206 fuisse,

307 5239 596 5325 nihilque
636 5239 767 5304 illis
833 5239 1169 5327 prodesse.
1209 5243 1339 5305 Hoc
1378 5239 1643 5326 quidem
1685 5252 1860 5307 recte

309 5367 618 5441 quantum
670 5355 747 5421 ad
797 5355 1151 5423 vanitatem
1184 5355 1581 5435 Iudaeorum,
1638 5357 1745 5444 qui
1791 5356 1856 5422 in

72 5493 284 5554 aplieatur.
312 5470 447 5557 ipsa
487 5474 983 5560 gloriabantur;
1057 5484 1121 5540 et
1196 5472 1694 5560 intelligendum
1761 5484 1861 5540 est

314 5587 500 5656 etiam
561 5588 773 5678 quoad
840 5588 1120 5672 adultos,
1186 5589 1295 5675 qui
1355 5587 1420 5654 in
1478 5588 1862 5657 infidelitate

71 1494 261 1544 enditur

71 1559 178 1607 atio.

3451 430 3568 494 205

1954 616 2162 683 erant,
2199 605 2254 670 si
2287 613 2471 669 erant
2501 591 2854 690 exgenere
2882 591 3233 674 Abraham,
3275 596 3517 683 quibus

1953 741 2071 787 sua
2102 718 2449 786 infidelitas
2483 719 2727 799 nocuit,
2754 731 2814 784 et
2850 737 2977 783 non
3010 715 3090 782 de
3122 711 3510 791 infantibus,

1954 855 2084 900 non
2143 835 2292 902 inde
2352 835 2650 924 sequitur
2708 853 2838 900 non
2893 829 3223 919 profuisse
3268 825 3512 894 Judaeis

1959 950 2152 1017 modo
2183 950 2380 1017 dicto,

2047 1067 2168 1134 Alii
2224 1067 2410 1134 aliter
2465 1066 2826 1154 loquuntur
2869 1064 2949 1132 de
3002 1061 3515 1132 circumcisione
3569 1068 3825 1184 gataujos.

1958 1184 2327 1273 respective
2370 1184 2447 1251 ad
2499 1182 3126 1271 Baptismum‚cujus
3171 1192 3308 1248 erat
3339 1178 3513 1267 figu-
3589 1148 3826 1260 (ὶζνᾚιιῗιὲἶ

1958 1323 2053 1383 ra,
2092 1301 2262 1368 sicut
2313 1281 2589 1368 Basilius
2631 1301 2744 1366 lib.
2813 1299 2896 1364 de
2941 1299 3210 1385 Spiritu
3256 1304 3510 1372 sancto,

1960 1440 2106 1505 cap.
2149 1422 2254 1484 14.
2309 1416 2622 1504 Loquitur
2671 1415 2735 1481 in
2769 1435 3011 1502 genere
3041 1414 3122 1480 de
3167 1412 3512 1499 legalibus,

1962 1534 2368 1621 Epiphanius
2424 1534 2660 1599 hoercsi
2710 1537 2773 1600 8.
2810 1530 3090 1618 cyrillus
3140 1528 3252 1595 lib.
3304 1532 3409 1594 10.
3447 1528 3521 1591 in

1960 1652 2331 1730 loannem
2373 1662 2434 1717 et
2474 1651 2570 1717 sic
2619 1647 3045 1716 circumcisio
3078 1647 3143 1711 in
3187 1664 3522 1731 compara-

1962 1768 2139 1834 tione
2179 1766 2489 1854 Baptismi
2526 1766 2712 1854 quasi
2749 1764 2910 1830 nihil
2943 1775 3103 1841 erat,
3149 1762 3318 1828 sicut
3351 1760 3520 1846 figu-

1963 1904 2029 1951 ra
2081 1894 2146 1949 et
2195 1883 2423 1949 umbra
2468 1881 2781 1969 'respectu
2841 1878 3137 1946 veritatis
3188 1895 3382 1965 quam
3429 1874 3523 1940 si-

1964 1999 2255 2088 gnificat,
2316 1997 2501 2063 nihili
2549 2008 2910 2083 reputatur,
2964 1992 3131 2082 quod
3193 2012 3320 2059 non
3354 1990 3523 2057 tollit

1966 2117 2122 2202 quin
2167 2117 2251 2180 sit
2284 2114 2489 2181 utilis,
2542 2113 2693 2178 Iam
2741 2111 2904 2199 quid
2933 2112 3062 2177 sibi
3110 2111 3272 2188 vult,
3347 2107 3520 2174 dicet

1963 2233 2235 2318 aliqniS,
2267 2230 2502 2317 inquit,
2544 2229 2982 2294 Circumcisio
3007 2227 3038 2293 ?
3063 2223 3412 2314 (praemisit
3440 2223 3521 2289 de

1966 2347 2294 2432 Baptismo
2362 2345 2427 2410 in
2480 2344 2631 2431 igne
2672 2356 2733 2409 et
2792 2342 3064 2428 Spiritu)
3124 2338 3512 2428 respondet:

1964 2466 2154 2529 Bona
2184 2484 2347 2528 sane
2393 2471 2484 2527 est
2524 2473 2583 2527 et
2621 2461 2833 2539 utilis,
2870 2461 2931 2524 si
2971 2469 3168 2546 typus
3207 2478 3343 2523 esse
3374 2477 3517 2522 cre-

1964 2579 2169 2645 datur
2199 2581 2299 2645 rei
2326 2578 2729 2664 spiritualis

2056 2700 2152 2763 Ex
2184 2696 2422 2783 quibus
2477 2705 2651 2782 patet
2680 2694 2758 2761 ad
2808 2693 3227 2760 fundamenta
3279 2691 3521 2758 Bellar·
3667 2728 3749 2779 18.

1968 2812 2127 2878 mini
2171 2813 2236 2878 in
2268 2832 2531 2898 genere.
2578 2813 2758 2876 Patet
2798 2808 2991 2875 etiam
3026 2808 3104 2874 ad
3139 2808 3522 2875 fundamen·
3553 2792 3869 2905 afflffiafflssffi'n

1968 2941 2028 2994 ta
2075 2927 2376 3007 aliorum,
2428 2926 2576 3014 quia
2640 2938 2880 3012 negant
2937 2925 3107 2992 hanc
3163 2923 3517 2991 efficaciam
3594 2917 3815 2980 objecta.

1965 3042 2503 3109 circumcisionis
2581 3063 2662 3108 ex
2748 3041 3006 3127 propria
3083 3040 3516 3120 institutione,

1965 3160 2077 3229 sed
2113 3181 2193 3227 ex
2229 3160 2377 3241 fide,
2415 3160 2566 3248 quia
2608 3159 2663 3226 si
2696 3159 2840 3226 haec
2870 3158 3237 3226 referantur
3267 3158 3345 3225 ad
3378 3178 3525 3225 ver-

1969 3276 2200 3343 borum
2252 3276 2692 3363 superficiem,
2747 3296 2896 3363 quae
2927 3296 3007 3340 ex
3087 3273 3284 3341 Paulo
3328 3274 3524 3341 desu-

1969 3403 2238 3458 muntur
2277 3390 2356 3457 de
2386 3391 2673 3459 efficacia
2735 3390 2909 3476 fidei,
2957 3410 3146 3476 aeque
3184 3390 3525 3457 conclude-

1967 3520 2066 3575 ret
2107 3507 2186 3575 de
2230 3508 2423 3588 fact0,
2474 3511 2890 3575 Sacramenta
2944 3528 3138 3574 novae
3176 3504 3343 3594 legis
3394 3527 3524 3572 non

1968 3624 2211 3690 habere
2250 3622 2606 3689 efficaciam
2648 3623 2728 3689 de
2758 3622 2926 3689 facto
2959 3643 3074 3709 per
3132 3643 3227 3701 se,
3280 3620 3392 3688 sed
3426 3641 3526 3687 ra-

1968 3737 2148 3803 tione
2181 3736 2361 3817 fidei,
2407 3736 2579 3824 quod
2610 3737 2878 3803 omnino
2909 3737 3142 3803 falsum
3177 3749 3299 3804 est.

2059 3855 2297 3920 Paulus
2377 3855 2552 3920 enim
2643 3854 2932 3939 loquitur
3032 3854 3518 3935 universaliter,
3559 3860 3878 3953 Pauluspnf-

1967 3971 2138 4057 quod
2171 3970 2305 4035 sola
2342 3969 2501 4036 fides
2531 3973 2682 4036 Iesu
2715 3969 2956 4035 christi
3011 3971 3202 4036 faciat
3239 3971 3315 4037 ad
3353 3970 3525 4036 salu·
3586 3927 3841 4036 vii-simi?

1964 4097 2119 4165 tem,
2158 4086 2329 4174 quod
2366 4086 2634 4171 perinde
2664 4105 2894 4152 verum
2929 4098 3029 4152 est
3059 4099 3211 4151 ante
3280 4100 3341 4152 et
3375 4100 3523 4173 post
3612 4052 3827 4162 sffiiissim

1966 4201 2368 4287 Baptismum
2399 4225 2414 4282 3
2453 4201 2623 4267 unde
2655 4213 2717 4266 et
2748 4202 2922 4268 hunc
2954 4202 3219 4267 modum
3253 4203 3520 4289 loquen-

1966 4318 2028 4384 di
2055 4320 2465 4384 retinuerunt
2495 4317 2759 4403 quidam
2793 4321 3012 4383 Patres
3052 4318 3132 4383 de
3164 4320 3518 4404 BaptismO,

1966 4454 2079 4518 per
2109 4452 2259 4498 eum
2320 4433 2557 4497 salvari
2620 4432 2901 4498 infantes
2946 4434 3007 4497 in
3052 4432 3179 4498 fide
3208 4434 3509 4500 aliorum.

1967 4549 2264 4614 Iustinus
2297 4550 2542 4633 Martyr
2563 4559 2787 4633 quoest.
2827 4547 2933 4616 56.
2969 4549 3059 4614 ad
3090 4550 3516 4629 orthodoxo&
3581 4600 3837 4651 Justinus.

1968 4664 2380 4751 Augustinus
2423 4665 2537 4731 lib.
2586 4669 2646 4730 1.
2683 4665 2765 4730 de
2801 4677 3217 4750 peccatorum
3266 4671 3525 4733 meritis
3587 4663 3838 4731 Augusti-

1969 4789 2030 4844 εἰ
2070 4780 2445 4847 remissiori.
2491 4801 2637 4865 cap.
2683 4783 2747 4845 2.
2787 4780 2898 4846 lib.
2936 4781 3018 4847 de
3047 4803 3206 4847 vera
3236 4793 3296 4847 et
3343 4784 3525 4865 falsa
3653 4742 3769 4779 nus.

1964 4898 2383 4982 poenitencia,
2448 4919 2593 4983 cap.
2647 4900 2710 4962 Ξ.
2777 4899 2970 4984 epist.
3024 4901 3132 4965 23.
3178 4910 3238 4965 et
3272 4904 3421 4967 107.
3461 4913 3524 4967 et

1970 5016 2123 5081 alibi
2157 5036 2354 5103 saepe,
2383 5016 2555 5102 quod
2591 5016 2867 5104 intelligi
2904 5017 3093 5085 debet
3125 5039 3254 5084 non
3287 5019 3367 5087 de
3402 5019 3524 5085 fide
3629 4983 3812 5099 {¹535

1970 5131 2273 5216 explicita
2326 5132 2610 5199 ministri
2679 5146 2792 5199 aut
2837 5135 3139 5216 aliorum,
3196 5136 3308 5201 sed
3369 5137 3519 5224 quia
3557 5108 3877 5239 ξξζξῑὲἓξο

1970 5245 2340 5331 Baptismus
2373 5258 2472 5313 est
2513 5247 2828 5334 professio
2862 5248 3011 5316 fidei
3042 5250 3309 5332 christi,
3347 5250 3522 5318 ideo-

1972 5382 2099 5448 que
2147 5361 2385 5430 dicitur
2423 5365 2918 5432 Sacramentum
2969 5364 3146 5446 fidei,
3191 5377 3263 5433 ut
3301 5369 3522 5455 appel·
3569 5373 3856 5447 Circumci-

1970 5477 2058 5543 lat
2097 5476 2549 5544 Tridentinum
2581 5500 2735 5545 sess,
2781 5482 2845 5545 6.
2894 5503 3040 5567 cap.
3081 5486 3142 5548 7.
3193 5486 3311 5550 Per
3342 5505 3524 5550 eum·
3556 5452 3849 5551 incluiigbat

1972 5591 2118 5659 dem
2171 5593 2432 5660 modum
2507 5593 2676 5661 sicut
2723 5595 3145 5664 circumcisio
3184 5619 3265 5665 ex
3333 5599 3522 5668 dictis
3578 5562 3800 5679 3122?ss
