4255 6375
767 336 880 405 162
1839 336 1988 406 Lm.
2035 344 2140 408 lv.
2171 336 2775 408 SENTENTIARUM

755 535 925 616 dioc,
973 548 1096 602 etc.
1151 545 1216 601 et
1255 533 1447 615 infra,
1520 554 1724 620 agens
1791 533 1872 600 de
1928 534 2312 604 definitione

755 653 1091 739 Baptismi,
1157 675 1281 720 non
1351 652 1521 740 quod
1567 652 1652 720 sit
1716 653 1836 719 alia
1913 654 2311 742 significatio

755 768 1045 856 partialis
1105 769 1443 856 integralis
1484 769 1551 834 in
1600 790 1753 849 unc,
1792 771 1993 836 altera
2052 771 2117 836 in
2149 770 2308 837 alte-

753 907 824 952 ro
864 885 1060 973 (quia
1110 886 1205 952 sic
1260 906 1460 951 unum
1521 887 1663 953 sine
1721 886 1924 953 altero
1983 887 2311 953 conferret

750 1006 1084 1082 effectum,
1139 1002 1308 1069 sicut
1365 1004 1431 1071 in
1488 1006 1905 1073 Sacramento
1988 1002 2305 1069 Euchari-

754 1120 899 1188 stiae
959 1140 1085 1186 una
1161 1122 1414 1206 species
1480 1135 1903 1189 consecratur
1978 1118 2300 1194 seorsim;

752 1238 858 1304 vel
899 1237 965 1303 in
1023 1250 1312 1304 extrema
1374 1237 1714 1315 Unctione,
1764 1236 2027 1322 quidam
2083 1235 2304 1301 dicunt

755 1355 1113 1443 quamlibet
1161 1355 1544 1441 integralem
1596 1355 1968 1421 unctionem
2008 1353 2307 1421 conferre

754 1493 947 1540 suum
985 1472 1283 1540 effectum
1325 1484 1389 1538 et
1425 1471 1812 1558 diversum),
1851 1472 1963 1537 sed
1997 1471 2168 1558 quod
2202 1470 2305 1536 in-

752 1601 1009 1675 tegrent
1041 1610 1242 1655 unum
1279 1588 1632 1669 materiale,
1670 1600 1740 1653 ut
1777 1589 2057 1654 subsunt
2090 1589 2301 1656 eidem

751 1705 1004 1772 formali
1046 1704 1534 1791 significationi,
1589 1704 1759 1790 quod
1820 1704 1899 1769 de
1957 1704 2125 1769 facili
2176 1706 2302 1771 sal-

749 1838 941 1889 vatur
994 1822 1058 1887 in
1122 1833 1343 1887 nostra
1396 1820 1758 1897 sententia,
1823 1820 1889 1885 in
1973 1820 2300 1889 sententia

750 1950 967 2004 tamen
998 1935 1523 2002 adversariorum
1563 1956 1687 2000 non
1721 1934 1832 2015 ita,
1879 1936 2029 2021 quia
2061 1938 2135 2001 in
2165 1959 2300 2003 esse

750 2054 846 2119 rei
915 2054 1163 2120 faciunt
1209 2052 1494 2131 diversa,
1541 2063 1603 2118 et
1637 2074 1763 2117 non
1823 2073 2026 2148 unum
2082 2055 2299 2141 subje-

750 2181 953 2250 ctum,
989 2167 1309 2256 quidquid
1352 2168 1552 2255 aliqui
1597 2169 1851 2255 fingant
1915 2169 1997 2235 de
2035 2192 2294 2258 compo·

750 2286 989 2353 sitlone
1018 2283 1204 2373 quasi
1236 2298 1417 2353 actus
1459 2300 1522 2354 et
1555 2287 1861 2373 potentiae
1895 2286 2065 2355 inter
2096 2310 2200 2356 res
2233 2302 2296 2356 et

754 2403 978 2470 verba.

522 2576 615 2629 vis
842 2541 973 2604 Hoc
1009 2559 1167 2625 ergo
1215 2550 1315 2605 est
1345 2539 1518 2626 quod
1549 2552 1730 2626 putat
1779 2544 2011 2609 Doctor
2052 2541 2294 2628 impro-

404 2641 717 2705 argumenti.
753 2654 987 2736 babile,
1071 2676 1301 2741 nempe
1375 2654 1670 2721 diversas
1739 2658 2038 2736 virtutes,
2094 2670 2158 2723 et
2200 2670 2294 2724 tot

749 2789 894 2835 esse
926 2768 990 2834 in
1049 2772 1465 2836 Sacramento
1509 2790 1590 2835 ex
1649 2771 1898 2836 ratIOne
1945 2772 2082 2857 jam
2124 2794 2293 2858 prae-

746 2884 948 2950 missa
991 2907 1005 2963 ;
1051 2884 1222 2971 quod
1268 2884 1632 2950 necessario
1674 2896 1890 2950 tamen
1940 2884 2289 2951 dicendum

741 3010 866 3075 est,
902 3000 957 3064 si
988 2999 1199 3065 virtus
1242 3000 1407 3077 llaec,
1448 2999 1512 3064 in
1554 3020 1683 3088 qua
1731 3000 2032 3066 consistit
2082 3000 2290 3087 signi-

742 3112 956 3179 ficatio
1023 3113 1315 3180 formalis
1399 3114 1824 3194 Sacramenti,
1909 3115 1993 3180 sit
2070 3114 2285 3193 realiS,

740 3230 889 3316 quia
933 3231 1028 3296 sic
1091 3229 1216 3295 alia
1255 3231 1379 3295 erit
1438 3231 1503 3295 in
1571 3231 1818 3309 verbis,
1892 3231 2043 3310 alia,
2103 3232 2286 3297 verbi

737 3346 972 3432 gratia,
1010 3346 1073 3410 in
1104 3367 1273 3431 aqua
1304 3359 1368 3411 et
1399 3345 1684 3424 lotione;
1731 3359 1792 3412 et
1843 3360 2176 3433 sequetur,
2230 3347 2284 3412 si

740 3461 896 3528 lotio
929 3461 1252 3547 praecedat
1292 3461 1613 3548 integram
1674 3462 2097 3547 prolationem
2151 3463 2283 3528 for-

740 3597 865 3642 mae
914 3575 1341 3661 baptismalis,
1386 3575 1558 3662 quod
1620 3576 1908 3643 conferet
1974 3578 2279 3646 effectum

736 3691 967 3777 gratiae
1013 3702 1076 3757 et
1122 3691 1465 3758 deletionis
1522 3693 1792 3777 peccati,
1850 3693 2001 3780 quia
2067 3693 2281 3761 virtus

734 3806 967 3873 efficax
1033 3827 1160 3873 non
1224 3809 1461 3874 frustra
1516 3808 1900 3894 applicatur,
1955 3809 2126 3896 quod
2182 3821 2282 3876 est

731 3921 994 4003 falsum,
1050 3923 1202 4010 quia
1256 3924 1398 3989 sine
1467 3923 1882 3989 invocatione
1942 3925 2283 3992 Trinitatis

730 4038 957 4125 nequit
986 4038 1136 4125 quis
1170 4039 1382 4105 valide
1409 4039 1751 4125 baptizari.
1809 4038 1992 4105 Unde
2059 4040 2282 4106 verifi-

726 4166 910 4223 catur
954 4156 1112 4222 illud
1173 4156 1448 4243 vulgare
1531 4156 1936 4246 Augustini:
2010 4159 2283 4223 Accedit

726 4273 990 4339 verbum
1062 4272 1153 4337 ad
1200 4273 1609 4351 elementum,
1656 4284 1715 4337 e!
1753 4274 1832 4355 sit
1878 4275 2278 4339 Sacramen-

730 4398 910 4468 tum,·
952 4400 1298 4473 antequam
1329 4408 1488 4474 ergo
1529 4388 1809 4468 accedat,
1860 4407 1988 4453 non
2047 4386 2120 4454 fit
2167 4391 2278 4455 Sa-

733 4515 1162 4571 cramentum.
1595 4493 1605 4509 '

501 4650 580 4700 32.
822 4618 1220 4707 Responderi
1296 4629 1507 4704 potest
1564 4619 1875 4700 secund0,
1959 4621 2273 4706 interpre-

378 4710 694 4838 0352ssssss
737 4736 932 4803 tando
973 4740 1309 4803 Doctorem
1344 4735 1617 4823 praecise
1659 4737 1736 4801 de
1768 4736 1906 4822 ipsa
1939 4737 2171 4817 forma,
2196 4737 2274 4803 de

731 4874 859 4941 qua
896 4852 1182 4930 disserit,
1226 4852 1292 4917 in
1334 4872 1460 4938 qua
1509 4864 1602 4917 tot
1643 4853 1920 4918 virtutes
1969 4852 2274 4938 partiales

728 4969 904 5047 dare,
959 4968 1218 5035 videtur
1256 4966 1729 5033 inconveniens
1762 4988 1843 5033 ex
1873 4968 2271 5034 confirmati-

723 5105 847 5151 one
888 5084 1253 5172 praemissa.
1306 5082 1573 5164 Deinde,
1622 5094 1692 5150 ut
1726 5105 1923 5170 supra
1977 5086 2271 5171 praemis-

723 5221 872 5268 sum
927 5214 1048 5281 est,
1121 5201 1185 5266 in
1246 5200 1536 5268 secundo
1585 5213 2000 5288 argumento,
2062 5202 2271 5268 forma

722 5336 849 5382 non
936 5318 1127 5383 habet
1185 5317 1514 5398 effectum,
1586 5316 1794 5383 donec
1859 5318 2267 5403 compleatur

708 5432 852 5518 ejus
895 5432 1201 5518 prolati03
1248 5454 1406 5519 ergo
1447 5432 1767 5519 quidquid
1808 5444 1910 5499 est
1959 5432 2025 5497 in
2085 5432 2253 5519 ipsa,

709 5547 893 5639 prius
944 5546 1207 5630 desinit,
1254 5568 1448 5640 quam
1543 5547 1776 5614 habeat
1821 5547 2149 5632 effectum,
2199 5562 2263 5615 et

1555 6361 1582 6366 Δ.
1601 6359 1724 6368 .--,-ε.
1743 6359 1890 6368 ἶσα-μὴ*-

2424 534 2520 602 sic
2578 535 2821 602 frustra
2878 534 3164 622 ponitur.
3244 536 3470 623 Neque
3534 530 3665 603 dici
3722 547 3954 623 potest,

2421 647 2593 735 quod
2654 668 2781 714 una
2813 649 3125 734 particula
3184 670 3573 736 permanens
3604 653 3673 716 in
3722 651 3961 716 virtute

2421 763 2691 830 alterius
2729 764 3113 844 desinentis,
3165 778 3390 833 causet
3435 766 3785 845 effectum«
3813 769 3957 854 quia

2423 898 2553 944 non
2583 879 2651 945 in
2691 879 2935 948 virtute
2976 880 3155 947 illius
3205 893 3307 949 est
3351 880 3821 968 significativa,
3855 894 3960 949 aut

2421 994 2761 1082 integrans
2807 997 3108 1077 formam,
3153 997 3265 1065 sed
3324 1020 3404 1065 ex
3446 999 3863 1066 institutione
3901 1013 3959 1066 et

2419 1112 2670 1178 ratione
2737 1115 3023 1200 propria,
3083 1135 3233 1180 cum
3320 1115 3407 1181 sit
3481 1137 3673 1203 aeque
3746 1135 3962 1183 essen-

2418 1231 2591 1298 tialis
2652 1256 2668 1311 ;
2727 1255 2886 1321 ergo
2957 1256 3167 1323 neque
3253 1235 3319 1301 in
3385 1236 3631 1302 virtute
3697 1234 3958 1301 alterius

2417 1360 2667 1415 causat.

2504 1466 2885 1532 Confirmari
2973 1480 3185 1552 potest
3247 1469 3435 1535 tertio
3493 1482 3705 1535 totum
3763 1490 3956 1555 argu·
3998 1476 4092 1526 Con-'-

2417 1595 2737 1662 mentum,
2838 1583 3013 1670 quia,
3098 1598 3165 1651 ut
3216 1605 3414 1672 supra
3507 1584 3759 1651 dictum
3830 1599 3945 1663 aet,
4050 1547 4131 1671 ἐξ

2414 1696 2619 1764 forma
2653 1712 2722 1765 ut
2752 1712 2851 1765 est
2882 1699 3263 1785 significans
3287 1722 3366 1767 ex
3394 1700 3697 1767 instituto
3743 1702 3950 1767 homi·
4011 1685 4020 1705 ‘
4055 1685 4124 1706 ³³

2413 1832 2593 1893 num,
2629 1827 2729 1880 est
2759 1814 3250 1881 fundamentum
3291 1813 3797 1902 significationis
3845 1818 3952 1882 Sa·

2409 1930 2852 2012 cramentalis,
2906 1933 2970 1998 in
3021 1954 3147 2021 qua
3208 1934 3509 1999 consistit
3550 1934 3698 1999 haec
3748 1933 3951 2000 virtus
3988 1912 4117 2021 ⁵2ng

2408 2046 2743 2111 causativa
2790 2048 2977 2134 ejus;
3051 2047 3164 2114 sed
3225 2048 3725 2116 fundamentum
3773 2048 3949 2129 illud,
4020 2038 4118 2131 ΜΣ,

2410 2181 2646 2246 nempe
2677 2161 3001 2229 institutio
3040 2164 3323 2230 humana
3358 2185 3482 2232 non
3551 2164 3947 2252 superaddit,

2409 2278 2534 2344 nisi
2621 2280 3219 2348 denominationem
3304 2283 3770 2363 extrinsecam,
3854 2280 3947 2348 vel
4028 2270 4133 2319 ’ὼ

2406 2393 2649 2484 aliquid
2718 2398 3008 2472 rationis,
3072 2412 3136 2465 et
3221 2419 3349 2465 non
3388 2397 3585 2478 reale,
3634 2397 3948 2485 quidquid

2405 2509 2562 2577 illud
2596 2513 2723 2592 sit;
2755 2515 2877 2581 hoc
2908 2526 3126 2581 autem
3162 2513 3388 2601 nequit
3417 2535 3563 2581 esse
3605 2515 3775 2581 ratio
3829 2514 3945 2579 for·

2405 2627 2594 2694 malis
2642 2630 3071 2717 subJectandi,
3126 2643 3238 2697 aut
3290 2630 3604 2697 fundandi
3666 2630 3944 2717 aliquam

2404 2744 2783 2831 qualitatem
2842 2746 3109 2828 realem,
3162 2767 3310 2833 quae
3351 2745 3438 2813 sit
3471 2746 3688 2813 virtus
3727 2747 3945 2812 Sacra·

2409 2875 2639 2929 menti.

2494 2996 2738 3063 Deinde
2772 2996 2878 3062 illa
2912 2995 3192 3082 qualitas
3237 3008 3337 3062 est
3377 3017 3528 3075 una,
3565 2995 3719 3083 quia
3778 2996 3943 3083 prin·
4051 3009 4105 3059 33.

2402 3113 2646 3201 cipium
2688 3113 2959 3178 formale
2999 3111 3398 3199 producendi
3441 3135 3647 3180 unum
3693 3126 3760 3180 et
3792 3114 3943 3180 sim·
3965 3075 4136 3181 Eis}-

2401 3230 2635 3317 plicem
2666 3230 2971 3296 effectum
3031 3229 3099 3294 in
3158 3229 3405 3307 anima;
3462 3231 3577 3296 sed
3635 3231 3845 3297 oratio
3883 3231 3942 3295 in
4023 3195 4127 3246 ὠ

2398 3369 2533 3412 esse
2573 3346 2663 3412 rei
2716 3359 2780 3413 et
2827 3346 3031 3426 vocis,
3073 3367 3202 3412 non
3243 3359 3342 3413 est
3389 3368 3541 3427 una,
3594 3347 3934 3434 nequidem

2399 3461 2825 3548 integraliter,
2872 3463 3023 3549 quia
3055 3475 3212 3548 quot
3265 3475 3420 3529 sunt
3459 3484 3655 3529 voces
3688 3475 3755 3529 et
3808 3463 3939 3529 soni

2396 3576 2666 3657 diversi,
2722 3590 2816 3644 tot
2844 3590 2998 3644 sunt
3055 3579 3227 3644 entia
3261 3578 3547 3658 diversa,
3595 3601 3743 3666 quae
3814 3579 3943 3644 nul-

2394 3692 2531 3758 lum
2588 3693 2884 3759 ordinem
2943 3692 3023 3761 ad
3064 3715 3135 3760 se
3174 3693 3455 3761 invicem
3487 3694 3740 3774 dicunt,
3820 3696 3941 3762 nisi

2394 3819 2645 3874 tantum
2727 3809 3126 3895 prolationis,
3193 3830 3319 3897 qua
3396 3830 3520 3875 una
3599 3831 3731 3876 vox
3804 3825 3940 3899 post

2395 3923 2587 3989 aliam
2636 3925 2901 4010 edatur;
2942 3939 3005 3992 et
3045 3927 3153 3993 hic
3199 3926 3357 3992 ordo
3400 3947 3528 3993 non
3579 3942 3682 3994 est
3720 3948 3939 3996 essen·

2397 4038 2590 4118 tialis,
2629 4062 2840 4128 neque
2896 4041 3348 4127 dependentiae
3403 4043 3598 4109 unius
3638 4043 3937 4110 dictionis

2396 4153 2460 4218 in
2492 4176 2625 4220 esse
2656 4158 2749 4222 rei
2789 4156 2870 4222 ab
2900 4156 3058 4236 alia;
3097 4179 3255 4246 ergo
3295 4159 3507 4225 solum
3540 4158 3771 4226 dicunt
3804 4158 3938 4224 uni·
3990 4177 4026 4225 A
4062 4173 4119 4214 .·--

2391 4281 2588 4337 tatem
2622 4273 3147 4360 significationis,
3185 4296 3334 4362 quae
3376 4278 3591 4343 unitas
3628 4290 3728 4343 est
3786 4277 3935 4343 rati·
3986 4255 4113 4352 ὦ,

2390 4386 2536 4453 onis
2569 4400 2847 4466 tantum,
2898 4389 3013 4456 sed
3061 4390 3361 4457 accidens
3409 4394 3726 4479 supponit
3794 4392 3932 4458 uni·
3980 4376 4123 4486 διὲξ·

2391 4513 2586 4569 tatem
2628 4504 2729 4570 sui
2780 4503 3084 4591 subjecti,
3137 4526 3174 4572 a
3204 4526 3331 4593 quo
3369 4506 3704 4592 ‘dependet
3739 4529 3755 4585 ;
3817 4527 3934 4574 non

2390 4630 2603 4703 potest
2676 4619 2851 4685 enim
2921 4620 3290 4706 dependere
3343 4621 3609 4688 simula
3677 4622 3934 4689 duobus

2389 4735 2769 4801 naturaliter
2798 4747 3076 4813 tantum,
3152 4736 3322 4823 quod
3394 4737 3667 4823 perinde
3736 4739 3921 4805 etiam

2386 4870 2618 4916 verum
2685 4864 2784 4917 est
2832 4851 2910 4917 de
2969 4851 3255 4937 potentia
3327 4851 3628 4920 absoluta
3698 4855 3811 4921 Dei
3860 4875 3933 4919 ex

2386 4965 2727 5054 principiis
2778 4968 3117 5048 Doctoris;
3182 4988 3340 5055 ergo
3375 4968 3442 5034 in
3471 4970 3681 5036 forma
3725 4989 3928 5058 neque

2386 5082 2828 5164 materialiter,
2893 5105 3104 5170 neque
3188 5085 3546 5152 formaliter
3597 5087 3926 5153 invenitur

2384 5199 2548 5264 ratio
2613 5200 3018 5286 subjectandi
3081 5201 3273 5268 talem
3344 5202 3751 5288 qualitatem,
3823 5204 3921 5269 de·

2383 5328 2629 5382 structo
2686 5331 2901 5384 autem
2955 5319 3274 5405 subjecto,
3328 5320 3690 5387 destruitur
3753 5320 3919 5387 acci·

2382 5431 2584 5511 denS‚
2652 5455 2811 5520 ergo
2866 5435 3042 5500 nulla
3126 5436 3233 5502 hic
3290 5436 3639 5523 imaginari
3711 5449 3918 5523 potest

2382 5569 2530 5616 cum
2580 5549 3002 5619 fundamento
3078 5551 3353 5641 qualitas
3404 5552 3916 5643 supernaturalis
