<?xml version="1.0" encoding="UTF-8"?>
<!DOCTYPE html PUBLIC "-//W3C//DTD XHTML 1.0 Transitional//EN"
    "http://www.w3.org/TR/xhtml1/DTD/xhtml1-transitional.dtd">
<html xmlns="http://www.w3.org/1999/xhtml" xml:lang="en" lang="en">
 <head>
  <title>
</title>
<meta http-equiv="Content-Type" content="text/html;charset=utf-8" />
  <meta name='ocr-system' content='tesseract 3.04.00' />
  <meta name='ocr-capabilities' content='ocr_page ocr_carea ocr_par ocr_line ocrx_word'/>
</head>
<body>
  <div class='ocr_page' id='page_1' title='image "./joannisdunsscot02waddgoog_0221.png"; bbox 0 0 4255 6375; ppageno 0'>
   <div class='ocr_carea' id='block_1_1' title="bbox 1497 382 2298 461">
    <p class='ocr_par' dir='ltr' id='par_1_1' title="bbox 1497 382 2298 461">
     <span class='ocr_line' id='line_1_1' title="bbox 1497 382 2298 461; baseline 0.006 -17"><span class='ocrx_word' id='word_1_1' title='bbox 1497 382 1669 445; x_wconf 73' lang='lat' dir='ltr'><strong>nts‘r</strong></span> <span class='ocrx_word' id='word_1_2' title='bbox 1714 384 1759 445; x_wconf 91' lang='lat'><strong>1.</strong></span> <span class='ocrx_word' id='word_1_3' title='bbox 1808 385 2169 461; x_wconf 73' lang='lat' dir='ltr'><strong>QUAEs‘rto</strong></span> <span class='ocrx_word' id='word_1_4' title='bbox 2204 385 2298 449; x_wconf 89' lang='lat' dir='ltr'><strong>v1.</strong></span> 
     </span>
    </p>
   </div>
   <div class='ocr_carea' id='block_1_2' title="bbox 65 542 1851 5410">
    <p class='ocr_par' dir='ltr' id='par_1_2' title="bbox 300 542 1846 634">
     <span class='ocr_line' id='line_1_2' title="bbox 300 542 1846 634; baseline 0.003 -26"><span class='ocrx_word' id='word_1_5' title='bbox 300 552 359 608; x_wconf 83' lang='lat' dir='ltr'><strong>et</strong></span> <span class='ocrx_word' id='word_1_6' title='bbox 390 545 502 610; x_wconf 75' lang='lat'><strong>41.</strong></span> <span class='ocrx_word' id='word_1_7' title='bbox 550 556 609 612; x_wconf 76' lang='lat' dir='ltr'><strong>et</strong></span> <span class='ocrx_word' id='word_1_8' title='bbox 647 546 723 611; x_wconf 83' lang='lat' dir='ltr'><strong>in</strong></span> <span class='ocrx_word' id='word_1_9' title='bbox 755 547 819 611; x_wconf 83' lang='lat'><strong>3.</strong></span> <span class='ocrx_word' id='word_1_10' title='bbox 857 542 1014 613; x_wconf 78' lang='lat' dir='ltr'><strong>dist.</strong></span> <span class='ocrx_word' id='word_1_11' title='bbox 1072 550 1135 613; x_wconf 87' lang='lat'><strong>7.</strong></span> <span class='ocrx_word' id='word_1_12' title='bbox 1182 557 1416 634; x_wconf 73' lang='lat' dir='ltr'><strong>quoest.</strong></span> <span class='ocrx_word' id='word_1_13' title='bbox 1482 550 1547 614; x_wconf 85' lang='lat'><strong>3.</strong></span> <span class='ocrx_word' id='word_1_14' title='bbox 1586 567 1713 634; x_wconf 85' lang='lat' dir='ltr'><strong>qua</strong></span> <span class='ocrx_word' id='word_1_15' title='bbox 1745 546 1846 613; x_wconf 94' lang='lat' dir='ltr'><strong>di-</strong></span> 
     </span>
    </p>

    <p class='ocr_par' dir='ltr' id='par_1_3' title="bbox 297 659 1847 751">
     <span class='ocr_line' id='line_1_3' title="bbox 297 659 1847 751; baseline 0.001 -25"><span class='ocrx_word' id='word_1_16' title='bbox 297 659 383 726; x_wconf 91' lang='lat' dir='ltr'><strong>cit</strong></span> <span class='ocrx_word' id='word_1_17' title='bbox 446 660 726 728; x_wconf 88' lang='lat' dir='ltr'><strong>electum</strong></span> <span class='ocrx_word' id='word_1_18' title='bbox 793 661 1166 728; x_wconf 88' lang='lat' dir='ltr'><strong>ordinatum</strong></span> <span class='ocrx_word' id='word_1_19' title='bbox 1245 684 1393 729; x_wconf 88' lang='lat' dir='ltr'><strong>esse</strong></span> <span class='ocrx_word' id='word_1_20' title='bbox 1432 662 1511 729; x_wconf 87' lang='lat' dir='ltr'><strong>ad</strong></span> <span class='ocrx_word' id='word_1_21' title='bbox 1570 663 1847 751; x_wconf 79' lang='lat' dir='ltr'>gloriam</span> 
     </span>
    </p>

    <p class='ocr_par' dir='ltr' id='par_1_4' title="bbox 297 776 1849 865">
     <span class='ocr_line' id='line_1_4' title="bbox 297 776 1849 865; baseline 0.001 -22"><span class='ocrx_word' id='word_1_22' title='bbox 297 778 501 863; x_wconf 74' lang='lat' dir='ltr'><strong>priua,</strong></span> <span class='ocrx_word' id='word_1_23' title='bbox 542 776 774 843; x_wconf 88' lang='lat' dir='ltr'><strong>deinde</strong></span> <span class='ocrx_word' id='word_1_24' title='bbox 802 776 1231 865; x_wconf 77' lang='lat' dir='ltr'><strong>adlgratiam,</strong></span> <span class='ocrx_word' id='word_1_25' title='bbox 1295 791 1360 844; x_wconf 89' lang='lat' dir='ltr'><strong>et</strong></span> <span class='ocrx_word' id='word_1_26' title='bbox 1396 778 1553 845; x_wconf 78' lang='lat' dir='ltr'><strong>dise.</strong></span> <span class='ocrx_word' id='word_1_27' title='bbox 1616 783 1723 844; x_wconf 75' lang='lat'><strong>44.</strong></span> <span class='ocrx_word' id='word_1_28' title='bbox 1769 779 1849 845; x_wconf 90' lang='lat' dir='ltr'><strong>de</strong></span> 
     </span>
    </p>

    <p class='ocr_par' dir='ltr' id='par_1_5' title="bbox 298 893 1847 982">
     <span class='ocr_line' id='line_1_5' title="bbox 298 893 1847 982; baseline 0.002 -22"><span class='ocrx_word' id='word_1_29' title='bbox 298 894 441 981; x_wconf 85' lang='lat' dir='ltr'><strong>lege</strong></span> <span class='ocrx_word' id='word_1_30' title='bbox 536 893 891 961; x_wconf 86' lang='lat' dir='ltr'><strong>universali</strong></span> <span class='ocrx_word' id='word_1_31' title='bbox 983 915 1242 961; x_wconf 90' lang='lat' dir='ltr'><strong>omnem</strong></span> <span class='ocrx_word' id='word_1_32' title='bbox 1352 895 1847 982; x_wconf 84' lang='lat' dir='ltr'><strong>glorificandum</strong></span> 
     </span>
    </p>

    <p class='ocr_par' dir='ltr' id='par_1_6' title="bbox 301 1009 1846 1097">
     <span class='ocr_line' id='line_1_6' title="bbox 301 1009 1846 1097; baseline 0.002 -22"><span class='ocrx_word' id='word_1_33' title='bbox 301 1010 482 1096; x_wconf 89' lang='lat' dir='ltr'><strong>prius</strong></span> <span class='ocrx_word' id='word_1_34' title='bbox 560 1031 705 1076; x_wconf 86' lang='lat' dir='ltr'><strong>esse</strong></span> <span class='ocrx_word' id='word_1_35' title='bbox 742 1009 1273 1097; x_wconf 80' lang='lat' dir='ltr'><strong>gratificandum,</strong></span> <span class='ocrx_word' id='word_1_36' title='bbox 1317 1011 1475 1080; x_wconf 78' lang='lat' dir='ltr'><strong>dist.</strong></span> <span class='ocrx_word' id='word_1_37' title='bbox 1531 1017 1639 1079; x_wconf 78' lang='lat'><strong>46.</strong></span> <span class='ocrx_word' id='word_1_38' title='bbox 1677 1014 1846 1079; x_wconf 85' lang='lat' dir='ltr'><strong>circa</strong></span> 
     </span>
    </p>

    <p class='ocr_par' dir='ltr' id='par_1_7' title="bbox 301 1125 1847 1213">
     <span class='ocr_line' id='line_1_7' title="bbox 301 1125 1847 1213; baseline 0.001 -21"><span class='ocrx_word' id='word_1_39' title='bbox 301 1125 453 1193; x_wconf 91' lang='lat' dir='ltr'><strong>illud</strong></span> <span class='ocrx_word' id='word_1_40' title='bbox 484 1127 801 1213; x_wconf 79' lang='lat' dir='ltr'><strong>Apostoli,</strong></span> <span class='ocrx_word' id='word_1_41' title='bbox 860 1129 1034 1192; x_wconf 74' lang='lat' dir='ltr'><strong>Dens</strong></span> <span class='ocrx_word' id='word_1_42' title='bbox 1084 1129 1222 1193; x_wconf 78' lang='lat' dir='ltr'><strong>vult</strong></span> <span class='ocrx_word' id='word_1_43' title='bbox 1280 1150 1503 1195; x_wconf 76' lang='lat' dir='ltr'><strong>omnes</strong></span> <span class='ocrx_word' id='word_1_44' title='bbox 1551 1131 1847 1196; x_wconf 77' lang='lat' dir='ltr'><strong>homines</strong></span> 
     </span>
    </p>

    <p class='ocr_par' dir='ltr' id='par_1_8' title="bbox 295 1242 1846 1331">
     <span class='ocr_line' id='line_1_8' title="bbox 295 1242 1846 1331; baseline 0.001 -22"><span class='ocrx_word' id='word_1_45' title='bbox 295 1243 517 1309; x_wconf 62' lang='lat' dir='ltr'><strong>salvos</strong></span> <span class='ocrx_word' id='word_1_46' title='bbox 542 1244 719 1327; x_wconf 71' lang='lat' dir='ltr'><strong>fieri,</strong></span> <span class='ocrx_word' id='word_1_47' title='bbox 760 1242 1258 1331; x_wconf 85' lang='lat' dir='ltr'><strong>intelligendum</strong></span> <span class='ocrx_word' id='word_1_48' title='bbox 1294 1265 1437 1311; x_wconf 87' lang='lat' dir='ltr'><strong>esse</strong></span> <span class='ocrx_word' id='word_1_49' title='bbox 1475 1244 1555 1311; x_wconf 89' lang='lat' dir='ltr'><strong>de</strong></span> <span class='ocrx_word' id='word_1_50' title='bbox 1609 1245 1846 1311; x_wconf 89' lang='lat' dir='ltr'><strong>volun-</strong></span> 
     </span>
    </p>

    <p class='ocr_par' dir='ltr' id='par_1_9' title="bbox 296 1359 1445 1429">
     <span class='ocr_line' id='line_1_9' title="bbox 296 1359 1445 1429; baseline 0.003 -4"><span class='ocrx_word' id='word_1_51' title='bbox 296 1373 421 1426; x_wconf 86' lang='lat' dir='ltr'><strong>tate</strong></span> <span class='ocrx_word' id='word_1_52' title='bbox 453 1359 860 1427; x_wconf 81' lang='lat' dir='ltr'><strong>antecedenti</strong></span> <span class='ocrx_word' id='word_1_53' title='bbox 901 1373 964 1425; x_wconf 90' lang='lat' dir='ltr'><strong>et</strong></span> <span class='ocrx_word' id='word_1_54' title='bbox 998 1360 1445 1429; x_wconf 81' lang='lat' dir='ltr'><strong>distributive.</strong></span> 
     </span>
    </p>

    <p class='ocr_par' dir='ltr' id='par_1_10' title="bbox 97 1473 1846 1563">
     <span class='ocr_line' id='line_1_10' title="bbox 97 1473 1846 1563; baseline 0.002 -23"><span class='ocrx_word' id='word_1_55' title='bbox 97 1490 163 1540; x_wconf 80' lang='lat'><strong>31.</strong></span> <span class='ocrx_word' id='word_1_56' title='bbox 381 1473 488 1540; x_wconf 83' lang='lat' dir='ltr'><strong>Sic</strong></span> <span class='ocrx_word' id='word_1_57' title='bbox 521 1474 714 1540; x_wconf 89' lang='lat' dir='ltr'><strong>etiam</strong></span> <span class='ocrx_word' id='word_1_58' title='bbox 751 1475 1121 1562; x_wconf 80' lang='lat' dir='ltr'><strong>suppositO,</strong></span> <span class='ocrx_word' id='word_1_59' title='bbox 1188 1477 1360 1562; x_wconf 70' lang='lat' dir='ltr'><strong>quod</strong></span> <span class='ocrx_word' id='word_1_60' title='bbox 1396 1475 1546 1542; x_wconf 83' lang='lat' dir='ltr'><strong>finis</strong></span> <span class='ocrx_word' id='word_1_61' title='bbox 1601 1478 1846 1563; x_wconf 87' lang='lat' dir='ltr'><strong>princi·</strong></span> 
     </span>
    </p>

    <p class='ocr_par' dir='ltr' id='par_1_11' title="bbox 80 1559 1846 1684">
     <span class='ocr_line' id='line_1_11' title="bbox 80 1559 1846 1684; baseline 0.001 -22"><span class='ocrx_word' id='word_1_62' title='bbox 80 1559 249 1684; x_wconf 38' lang='lat' dir='ltr'><strong>{aaliz</strong></span> <span class='ocrx_word' id='word_1_63' title='bbox 296 1591 460 1676; x_wconf 87' lang='lat' dir='ltr'><strong>palis</strong></span> <span class='ocrx_word' id='word_1_64' title='bbox 491 1590 840 1659; x_wconf 80' lang='lat' dir='ltr'><strong>creationis</strong></span> <span class='ocrx_word' id='word_1_65' title='bbox 877 1604 1198 1659; x_wconf 82' lang='lat' dir='ltr'><strong>creaturoe</strong></span> <span class='ocrx_word' id='word_1_66' title='bbox 1247 1593 1587 1660; x_wconf 88' lang='lat' dir='ltr'><strong>rationalis</strong></span> <span class='ocrx_word' id='word_1_67' title='bbox 1649 1595 1846 1663; x_wconf 87' lang='lat' dir='ltr'><strong>fuerit</strong></span> 
     </span>
    </p>

    <p class='ocr_par' dir='ltr' id='par_1_12' title="bbox 77 1682 1846 1795">
     <span class='ocr_line' id='line_1_12' title="bbox 77 1682 1846 1795; baseline 0.003 -24"><span class='ocrx_word' id='word_1_68' title='bbox 77 1682 244 1790; x_wconf 44' lang='lat' dir='ltr'><strong>,gfff</strong></span> <span class='ocrx_word' id='word_1_69' title='bbox 295 1705 529 1792; x_wconf 87' lang='lat' dir='ltr'><strong>gloria,</strong></span> <span class='ocrx_word' id='word_1_70' title='bbox 572 1708 649 1773; x_wconf 65' lang='lat' dir='ltr'><strong>atl</strong></span> <span class='ocrx_word' id='word_1_71' title='bbox 685 1729 878 1795; x_wconf 90' lang='lat' dir='ltr'><strong>quam</strong></span> <span class='ocrx_word' id='word_1_72' title='bbox 923 1707 1389 1774; x_wconf 89' lang='lat' dir='ltr'><strong>determinavit</strong></span> <span class='ocrx_word' id='word_1_73' title='bbox 1444 1712 1614 1775; x_wconf 90' lang='lat' dir='ltr'><strong>Deus</strong></span> <span class='ocrx_word' id='word_1_74' title='bbox 1648 1711 1846 1777; x_wconf 87' lang='lat' dir='ltr'><strong>meri-</strong></span> 
     </span>
    </p>

    <p class='ocr_par' dir='ltr' id='par_1_13' title="bbox 297 1825 1844 1915">
     <span class='ocr_line' id='line_1_13' title="bbox 297 1825 1844 1915; baseline 0.004 -26"><span class='ocrx_word' id='word_1_75' title='bbox 297 1838 357 1889; x_wconf 90' lang='lat' dir='ltr'><strong>ta</strong></span> <span class='ocrx_word' id='word_1_76' title='bbox 404 1837 720 1913; x_wconf 84' lang='lat' dir='ltr'><strong>tanquam</strong></span> <span class='ocrx_word' id='word_1_77' title='bbox 829 1825 1141 1905; x_wconf 86' lang='lat' dir='ltr'><strong>medium,</strong></span> <span class='ocrx_word' id='word_1_78' title='bbox 1234 1846 1385 1912; x_wconf 82' lang='lat' dir='ltr'><strong>quae</strong></span> <span class='ocrx_word' id='word_1_79' title='bbox 1461 1840 1844 1915; x_wconf 89' lang='lat' dir='ltr'><strong>supponunt</strong></span> 
     </span>
    </p>

    <p class='ocr_par' dir='ltr' id='par_1_14' title="bbox 298 1941 1843 2033">
     <span class='ocr_line' id='line_1_14' title="bbox 298 1941 1843 2033; baseline 0.005 -27"><span class='ocrx_word' id='word_1_80' title='bbox 298 1943 674 2008; x_wconf 79' lang='lat' dir='ltr'><strong>necessario</strong></span> <span class='ocrx_word' id='word_1_81' title='bbox 740 1942 1019 2029; x_wconf 78' lang='lat' dir='ltr'><strong>gratiam</strong></span> <span class='ocrx_word' id='word_1_82' title='bbox 1088 1941 1628 2022; x_wconf 82' lang='lat' dir='ltr'><strong>sanctificantem,</strong></span> <span class='ocrx_word' id='word_1_83' title='bbox 1694 1967 1843 2033; x_wconf 58' lang='lat' dir='ltr'><strong>quie</strong></span> 
     </span>
    </p>

    <p class='ocr_par' dir='ltr' id='par_1_15' title="bbox 297 2059 1843 2149">
     <span class='ocr_line' id='line_1_15' title="bbox 297 2059 1843 2149; baseline 0.002 -22"><span class='ocrx_word' id='word_1_84' title='bbox 297 2072 393 2127; x_wconf 83' lang='lat' dir='ltr'><strong>est</strong></span> <span class='ocrx_word' id='word_1_85' title='bbox 439 2060 655 2149; x_wconf 87' lang='lat' dir='ltr'><strong>gratia</strong></span> <span class='ocrx_word' id='word_1_86' title='bbox 702 2059 1095 2147; x_wconf 77' lang='lat' dir='ltr'><strong>adoptioni8‚</strong></span> <span class='ocrx_word' id='word_1_87' title='bbox 1149 2080 1279 2126; x_wconf 91' lang='lat' dir='ltr'><strong>non</strong></span> <span class='ocrx_word' id='word_1_88' title='bbox 1354 2060 1615 2128; x_wconf 89' lang='lat' dir='ltr'><strong>videtur</strong></span> <span class='ocrx_word' id='word_1_89' title='bbox 1681 2064 1843 2130; x_wconf 87' lang='lat' dir='ltr'><strong>ratio</strong></span> 
     </span>
    </p>

    <p class='ocr_par' dir='ltr' id='par_1_16' title="bbox 298 2176 1843 2266">
     <span class='ocr_line' id='line_1_16' title="bbox 298 2176 1843 2266; baseline 0.003 -23"><span class='ocrx_word' id='word_1_90' title='bbox 298 2176 468 2243; x_wconf 90' lang='lat' dir='ltr'><strong>unde</strong></span> <span class='ocrx_word' id='word_1_91' title='bbox 518 2176 839 2243; x_wconf 83' lang='lat' dir='ltr'><strong>Adamum</strong></span> <span class='ocrx_word' id='word_1_92' title='bbox 899 2191 964 2244; x_wconf 88' lang='lat' dir='ltr'><strong>ct</strong></span> <span class='ocrx_word' id='word_1_93' title='bbox 1004 2179 1329 2266; x_wconf 76' lang='lat' dir='ltr'><strong>Angelum</strong></span> <span class='ocrx_word' id='word_1_94' title='bbox 1387 2199 1515 2246; x_wconf 91' lang='lat' dir='ltr'><strong>non</strong></span> <span class='ocrx_word' id='word_1_95' title='bbox 1600 2178 1843 2247; x_wconf 86' lang='lat' dir='ltr'><strong>diceret</strong></span> 
     </span>
    </p>

    <p class='ocr_par' dir='ltr' id='par_1_17' title="bbox 295 2294 1843 2382">
     <span class='ocr_line' id='line_1_17' title="bbox 295 2294 1843 2382; baseline 0.003 -24"><span class='ocrx_word' id='word_1_96' title='bbox 295 2305 550 2360; x_wconf 89' lang='lat' dir='ltr'><strong>creatos</strong></span> <span class='ocrx_word' id='word_1_97' title='bbox 585 2294 646 2358; x_wconf 92' lang='lat' dir='ltr'><strong>in</strong></span> <span class='ocrx_word' id='word_1_98' title='bbox 694 2294 901 2381; x_wconf 88' lang='lat' dir='ltr'><strong>gratia</strong></span> <span class='ocrx_word' id='word_1_99' title='bbox 939 2295 1168 2374; x_wconf 81' lang='lat' dir='ltr'><strong>fuisse,</strong></span> <span class='ocrx_word' id='word_1_100' title='bbox 1203 2308 1398 2382; x_wconf 90' lang='lat' dir='ltr'><strong>atque</strong></span> <span class='ocrx_word' id='word_1_101' title='bbox 1440 2308 1508 2361; x_wconf 89' lang='lat' dir='ltr'><strong>ut</strong></span> <span class='ocrx_word' id='word_1_102' title='bbox 1550 2295 1691 2381; x_wconf 89' lang='lat' dir='ltr'><strong>ipse</strong></span> <span class='ocrx_word' id='word_1_103' title='bbox 1742 2297 1843 2363; x_wconf 92' lang='lat' dir='ltr'><strong>in-</strong></span> 
     </span>
    </p>

    <p class='ocr_par' dir='ltr' id='par_1_18' title="bbox 297 2408 1843 2497">
     <span class='ocr_line' id='line_1_18' title="bbox 297 2408 1843 2497; baseline 0.002 -23"><span class='ocrx_word' id='word_1_104' title='bbox 297 2409 390 2474; x_wconf 89' lang='lat' dir='ltr'><strong>fra</strong></span> <span class='ocrx_word' id='word_1_105' title='bbox 440 2419 640 2497; x_wconf 84' lang='lat' dir='ltr'><strong>negat</strong></span> <span class='ocrx_word' id='word_1_106' title='bbox 683 2408 764 2475; x_wconf 90' lang='lat' dir='ltr'><strong>de</strong></span> <span class='ocrx_word' id='word_1_107' title='bbox 815 2409 1101 2495; x_wconf 87' lang='lat' dir='ltr'><strong>potentia</strong></span> <span class='ocrx_word' id='word_1_108' title='bbox 1146 2410 1476 2477; x_wconf 90' lang='lat' dir='ltr'><strong>ordinaria</strong></span> <span class='ocrx_word' id='word_1_109' title='bbox 1528 2411 1662 2477; x_wconf 91' lang='lat' dir='ltr'><strong>dari</strong></span> <span class='ocrx_word' id='word_1_110' title='bbox 1714 2424 1843 2478; x_wconf 92' lang='lat' dir='ltr'><strong>sta·</strong></span> 
     </span>
    </p>

    <p class='ocr_par' dir='ltr' id='par_1_19' title="bbox 299 2524 1836 2613">
     <span class='ocr_line' id='line_1_19' title="bbox 299 2524 1836 2613; baseline 0.003 -23"><span class='ocrx_word' id='word_1_111' title='bbox 299 2537 433 2590; x_wconf 93' lang='lat' dir='ltr'><strong>tum</strong></span> <span class='ocrx_word' id='word_1_112' title='bbox 471 2524 761 2591; x_wconf 88' lang='lat' dir='ltr'><strong>medium</strong></span> <span class='ocrx_word' id='word_1_113' title='bbox 815 2525 983 2592; x_wconf 89' lang='lat' dir='ltr'><strong>inter</strong></span> <span class='ocrx_word' id='word_1_114' title='bbox 1013 2528 1264 2613; x_wconf 87' lang='lat' dir='ltr'><strong>justum</strong></span> <span class='ocrx_word' id='word_1_115' title='bbox 1298 2538 1362 2593; x_wconf 90' lang='lat' dir='ltr'><strong>et</strong></span> <span class='ocrx_word' id='word_1_116' title='bbox 1412 2539 1836 2613; x_wconf 80' lang='lat' dir='ltr'><strong>peccatorem,</strong></span> 
     </span>
    </p>

    <p class='ocr_par' dir='ltr' id='par_1_20' title="bbox 73 2639 1844 2753">
     <span class='ocr_line' id='line_1_20' title="bbox 73 2639 1844 2753; baseline 0.003 -47"><span class='ocrx_word' id='word_1_117' title='bbox 73 2639 239 2753; x_wconf 42' lang='lat'><strong>&amp;5¹:¹2⁵</strong></span> <span class='ocrx_word' id='word_1_118' title='bbox 301 2654 443 2728; x_wconf 90' lang='lat' dir='ltr'><strong>post</strong></span> <span class='ocrx_word' id='word_1_119' title='bbox 476 2640 734 2728; x_wconf 87' lang='lat' dir='ltr'><strong>lapsum</strong></span> <span class='ocrx_word' id='word_1_120' title='bbox 777 2641 1004 2708; x_wconf 90' lang='lat' dir='ltr'><strong>saltem</strong></span> <span class='ocrx_word' id='word_1_121' title='bbox 1039 2641 1062 2729; x_wconf 97' lang='lat'>(</span> <span class='ocrx_word' id='word_1_122' title='bbox 1100 2642 1268 2729; x_wconf 90' lang='lat' dir='ltr'><strong>quod</strong></span> <span class='ocrx_word' id='word_1_123' title='bbox 1311 2641 1547 2710; x_wconf 85' lang='lat' dir='ltr'><strong>addere</strong></span> <span class='ocrx_word' id='word_1_124' title='bbox 1584 2645 1844 2712; x_wconf 86' lang='lat' dir='ltr'><strong>videtur</strong></span> 
     </span>
    </p>

    <p class='ocr_par' dir='ltr' id='par_1_21' title="bbox 81 2758 1844 2850">
     <span class='ocr_line' id='line_1_21' title="bbox 81 2758 1844 2850; baseline 0.009 -36"><span class='ocrx_word' id='word_1_125' title='bbox 81 2765 191 2838; x_wconf 64' lang='lat' dir='ltr'><strong>jazer</strong></span> <span class='ocrx_word' id='word_1_126' title='bbox 301 2779 378 2826; x_wconf 86' lang='lat' dir='ltr'><strong>ne</strong></span> <span class='ocrx_word' id='word_1_127' title='bbox 418 2758 804 2846; x_wconf 78' lang='lat' dir='ltr'><strong>praeJudicet</strong></span> <span class='ocrx_word' id='word_1_128' title='bbox 859 2759 1155 2846; x_wconf 90' lang='lat' dir='ltr'><strong>opinioni</strong></span> <span class='ocrx_word' id='word_1_129' title='bbox 1234 2762 1585 2850; x_wconf 81' lang='lat' dir='ltr'><strong>Magistri),</strong></span> <span class='ocrx_word' id='word_1_130' title='bbox 1633 2783 1844 2850; x_wconf 90' lang='lat' dir='ltr'><strong>neque</strong></span> 
     </span>
    </p>

    <p class='ocr_par' dir='ltr' id='par_1_22' title="bbox 75 2837 1844 2967">
     <span class='ocr_line' id='line_1_22' title="bbox 75 2837 1844 2967; baseline 0.002 -24"><span class='ocrx_word' id='word_1_131' title='bbox 75 2837 275 2945; x_wconf 43' lang='lat' dir='ltr'><strong>Quo-et</strong></span> <span class='ocrx_word' id='word_1_132' title='bbox 298 2896 495 2962; x_wconf 85' lang='lat' dir='ltr'><strong>posse</strong></span> <span class='ocrx_word' id='word_1_133' title='bbox 541 2875 679 2941; x_wconf 90' lang='lat' dir='ltr'><strong>dari</strong></span> <span class='ocrx_word' id='word_1_134' title='bbox 720 2874 848 2942; x_wconf 90' lang='lat' dir='ltr'><strong>tale</strong></span> <span class='ocrx_word' id='word_1_135' title='bbox 911 2876 1198 2944; x_wconf 88' lang='lat' dir='ltr'><strong>medium</strong></span> <span class='ocrx_word' id='word_1_136' title='bbox 1241 2879 1602 2947; x_wconf 86' lang='lat' dir='ltr'><strong>secundum</strong></span> <span class='ocrx_word' id='word_1_137' title='bbox 1662 2878 1844 2967; x_wconf 89' lang='lat' dir='ltr'><strong>leges</strong></span> 
     </span>
    </p>

    <p class='ocr_par' dir='ltr' id='par_1_23' title="bbox 92 2968 1842 3084">
     <span class='ocr_line' id='line_1_23' title="bbox 92 2968 1842 3084; baseline 0.003 -27"><span class='ocrx_word' id='word_1_138' title='bbox 92 2968 192 3006; x_wconf 54' lang='grc' dir='ltr'><strong>Μ’·</strong></span> <span class='ocrx_word' id='word_1_139' title='bbox 297 2991 547 3058; x_wconf 63' lang='lat' dir='ltr'><strong>divinae</strong></span> <span class='ocrx_word' id='word_1_140' title='bbox 612 2992 975 3079; x_wconf 65' lang='lat' dir='ltr'><strong>sapientire,</strong></span> <span class='ocrx_word' id='word_1_141' title='bbox 1051 2993 1135 3058; x_wconf 90' lang='lat' dir='ltr'><strong>ita</strong></span> <span class='ocrx_word' id='word_1_142' title='bbox 1175 2993 1369 3060; x_wconf 89' lang='lat' dir='ltr'><strong>etiam</strong></span> <span class='ocrx_word' id='word_1_143' title='bbox 1432 3015 1642 3084; x_wconf 88' lang='lat' dir='ltr'><strong>neque</strong></span> <span class='ocrx_word' id='word_1_144' title='bbox 1692 3008 1842 3064; x_wconf 90' lang='lat' dir='ltr'><strong>ante</strong></span> 
     </span>
    </p>

    <p class='ocr_par' dir='ltr' id='par_1_24' title="bbox 298 3107 1842 3201">
     <span class='ocr_line' id='line_1_24' title="bbox 298 3107 1842 3201; baseline 0.003 -26"><span class='ocrx_word' id='word_1_145' title='bbox 298 3107 554 3197; x_wconf 88' lang='lat' dir='ltr'><strong>lapsum</strong></span> <span class='ocrx_word' id='word_1_146' title='bbox 584 3107 807 3176; x_wconf 90' lang='lat' dir='ltr'><strong>datum</strong></span> <span class='ocrx_word' id='word_1_147' title='bbox 840 3108 1045 3176; x_wconf 90' lang='lat' dir='ltr'><strong>fuisse</strong></span> <span class='ocrx_word' id='word_1_148' title='bbox 1077 3109 1204 3175; x_wconf 93' lang='lat' dir='ltr'><strong>tale</strong></span> <span class='ocrx_word' id='word_1_149' title='bbox 1260 3110 1574 3194; x_wconf 89' lang='lat' dir='ltr'><strong>medium,</strong></span> <span class='ocrx_word' id='word_1_150' title='bbox 1630 3113 1842 3201; x_wconf 89' lang='lat' dir='ltr'><strong>magis</strong></span> 
     </span>
    </p>

    <p class='ocr_par' dir='ltr' id='par_1_25' title="bbox 297 3230 1835 3317">
     <span class='ocr_line' id='line_1_25' title="bbox 297 3230 1835 3317; baseline 0.002 -25"><span class='ocrx_word' id='word_1_151' title='bbox 297 3240 809 3295; x_wconf 87' lang='lat' dir='ltr'><strong>consentaneum</strong></span> <span class='ocrx_word' id='word_1_152' title='bbox 841 3239 940 3295; x_wconf 88' lang='lat' dir='ltr'><strong>est</strong></span> <span class='ocrx_word' id='word_1_153' title='bbox 969 3231 1113 3317; x_wconf 86' lang='lat' dir='ltr'><strong>ejus</strong></span> <span class='ocrx_word' id='word_1_154' title='bbox 1153 3230 1494 3316; x_wconf 78' lang='lat' dir='ltr'><strong>principiis</strong></span> <span class='ocrx_word' id='word_1_155' title='bbox 1544 3231 1835 3313; x_wconf 75' lang='lat' dir='ltr'><strong>assertis,</strong></span> 
     </span>
    </p>

    <p class='ocr_par' dir='ltr' id='par_1_26' title="bbox 299 3342 1841 3433">
     <span class='ocr_line' id='line_1_26' title="bbox 299 3342 1841 3433; baseline 0.004 -26"><span class='ocrx_word' id='word_1_156' title='bbox 299 3342 467 3409; x_wconf 87' lang='lat' dir='ltr'><strong>sicut</strong></span> <span class='ocrx_word' id='word_1_157' title='bbox 514 3343 579 3409; x_wconf 93' lang='lat' dir='ltr'><strong>in</strong></span> <span class='ocrx_word' id='word_1_158' title='bbox 613 3343 869 3431; x_wconf 88' lang='lat' dir='ltr'><strong>legibus</strong></span> <span class='ocrx_word' id='word_1_159' title='bbox 908 3344 1153 3411; x_wconf 83' lang='lat' dir='ltr'><strong>divinae</strong></span> <span class='ocrx_word' id='word_1_160' title='bbox 1192 3345 1556 3432; x_wconf 81' lang='lat' dir='ltr'><strong>sapientiae,</strong></span> <span class='ocrx_word' id='word_1_161' title='bbox 1600 3346 1841 3433; x_wconf 89' lang='lat' dir='ltr'><strong>quibus</strong></span> 
     </span>
    </p>

    <p class='ocr_par' dir='ltr' id='par_1_27' title="bbox 76 3458 1836 3551">
     <span class='ocr_line' id='line_1_27' title="bbox 76 3458 1836 3551; baseline 0.002 -29"><span class='ocrx_word' id='word_1_162' title='bbox 76 3480 220 3551; x_wconf 56' lang='lat' dir='ltr'><strong>⁸0⁶1oe</strong></span> <span class='ocrx_word' id='word_1_163' title='bbox 299 3468 508 3524; x_wconf 83' lang='lat' dir='ltr'><strong>status</strong></span> <span class='ocrx_word' id='word_1_164' title='bbox 580 3458 809 3546; x_wconf 82' lang='lat' dir='ltr'><strong>gloriae</strong></span> <span class='ocrx_word' id='word_1_165' title='bbox 838 3470 902 3527; x_wconf 90' lang='lat' dir='ltr'><strong>et</strong></span> <span class='ocrx_word' id='word_1_166' title='bbox 950 3460 1426 3547; x_wconf 88' lang='lat' dir='ltr'><strong>reprobationis</strong></span> <span class='ocrx_word' id='word_1_167' title='bbox 1477 3460 1836 3547; x_wconf 84' lang='lat' dir='ltr'><strong>regulatur,</strong></span> 
     </span>
    </p>

    <p class='ocr_par' dir='ltr' id='par_1_28' title="bbox 71 3550 1844 3780">
     <span class='ocr_line' id='line_1_28' title="bbox 72 3550 1844 3667; baseline 0.003 -29"><span class='ocrx_word' id='word_1_168' title='bbox 72 3550 425 3667; x_wconf 41' lang='grc' dir='ltr'><strong>ἐξάψῃ</strong></span> <span class='ocrx_word' id='word_1_169' title='bbox 484 3574 675 3642; x_wconf 88' lang='lat' dir='ltr'><strong>datur</strong></span> <span class='ocrx_word' id='word_1_170' title='bbox 747 3576 1032 3643; x_wconf 91' lang='lat' dir='ltr'><strong>medium</strong></span> <span class='ocrx_word' id='word_1_171' title='bbox 1096 3577 1263 3643; x_wconf 90' lang='lat' dir='ltr'><strong>inter</strong></span> <span class='ocrx_word' id='word_1_172' title='bbox 1302 3576 1577 3643; x_wconf 91' lang='lat' dir='ltr'><strong>electum</strong></span> <span class='ocrx_word' id='word_1_173' title='bbox 1647 3587 1711 3643; x_wconf 90' lang='lat' dir='ltr'><strong>et</strong></span> <span class='ocrx_word' id='word_1_174' title='bbox 1749 3598 1844 3643; x_wconf 91' lang='lat' dir='ltr'><strong>re·</strong></span> 
     </span>
     <span class='ocr_line' id='line_1_29' title="bbox 71 3672 641 3780; baseline 0.002 -23"><span class='ocrx_word' id='word_1_175' title='bbox 71 3672 274 3780; x_wconf 48' lang='lat'><strong>“132³“</strong></span> <span class='ocrx_word' id='word_1_176' title='bbox 303 3692 641 3779; x_wconf 89' lang='lat' dir='ltr'><strong>probatum</strong></span> 
     </span>
    </p>

    <p class='ocr_par' dir='ltr' id='par_1_29' title="bbox 386 3809 1842 3896">
     <span class='ocr_line' id='line_1_30' title="bbox 386 3809 1842 3896; baseline 0.003 -21"><span class='ocrx_word' id='word_1_177' title='bbox 386 3810 568 3876; x_wconf 90' lang='lat' dir='ltr'><strong>Sicut</strong></span> <span class='ocrx_word' id='word_1_178' title='bbox 597 3829 756 3896; x_wconf 88' lang='lat' dir='ltr'><strong>ergo</strong></span> <span class='ocrx_word' id='word_1_179' title='bbox 784 3821 1076 3877; x_wconf 89' lang='lat' dir='ltr'><strong>creatura</strong></span> <span class='ocrx_word' id='word_1_180' title='bbox 1119 3809 1452 3877; x_wconf 89' lang='lat' dir='ltr'><strong>rationalis</strong></span> <span class='ocrx_word' id='word_1_181' title='bbox 1477 3810 1599 3877; x_wconf 89' lang='lat' dir='ltr'><strong>fuit</strong></span> <span class='ocrx_word' id='word_1_182' title='bbox 1627 3822 1842 3879; x_wconf 87' lang='lat' dir='ltr'><strong>creata</strong></span> 
     </span>
    </p>

    <p class='ocr_par' dir='ltr' id='par_1_30' title="bbox 299 3926 1843 3994">
     <span class='ocr_line' id='line_1_31' title="bbox 299 3926 1843 3994; baseline 0.001 -3"><span class='ocrx_word' id='word_1_183' title='bbox 299 3926 658 3993; x_wconf 86' lang='lat' dir='ltr'><strong>secundum</strong></span> <span class='ocrx_word' id='word_1_184' title='bbox 703 3926 1102 3994; x_wconf 84' lang='lat' dir='ltr'><strong>voluntatem</strong></span> <span class='ocrx_word' id='word_1_185' title='bbox 1147 3927 1587 3994; x_wconf 86' lang='lat' dir='ltr'><strong>universalem</strong></span> <span class='ocrx_word' id='word_1_186' title='bbox 1633 3927 1698 3994; x_wconf 93' lang='lat' dir='ltr'><strong>in</strong></span> <span class='ocrx_word' id='word_1_187' title='bbox 1738 3949 1843 3993; x_wconf 74' lang='lat' dir='ltr'><strong>or·</strong></span> 
     </span>
    </p>

    <p class='ocr_par' dir='ltr' id='par_1_31' title="bbox 302 4043 1840 4132">
     <span class='ocr_line' id='line_1_32' title="bbox 302 4043 1840 4132; baseline 0.002 -24"><span class='ocrx_word' id='word_1_188' title='bbox 302 4043 448 4111; x_wconf 90' lang='lat' dir='ltr'><strong>dine</strong></span> <span class='ocrx_word' id='word_1_189' title='bbox 479 4044 558 4111; x_wconf 90' lang='lat' dir='ltr'><strong>ad</strong></span> <span class='ocrx_word' id='word_1_190' title='bbox 597 4044 870 4131; x_wconf 91' lang='lat' dir='ltr'><strong>gloriam</strong></span> <span class='ocrx_word' id='word_1_191' title='bbox 908 4055 972 4110; x_wconf 89' lang='lat' dir='ltr'><strong>et</strong></span> <span class='ocrx_word' id='word_1_192' title='bbox 1019 4045 1214 4110; x_wconf 84' lang='lat' dir='ltr'><strong>finem</strong></span> <span class='ocrx_word' id='word_1_193' title='bbox 1275 4045 1840 4132; x_wconf 87' lang='lat' dir='ltr'><strong>supernaturalem</strong></span> 
     </span>
    </p>

    <p class='ocr_par' dir='ltr' id='par_1_32' title="bbox 304 4160 1843 4248">
     <span class='ocr_line' id='line_1_33' title="bbox 304 4160 1843 4248; baseline 0.001 -23"><span class='ocrx_word' id='word_1_194' title='bbox 304 4160 764 4248; x_wconf 88' lang='lat' dir='ltr'><strong>principaliter,</strong></span> <span class='ocrx_word' id='word_1_195' title='bbox 809 4173 874 4227; x_wconf 90' lang='lat' dir='ltr'><strong>et</strong></span> <span class='ocrx_word' id='word_1_196' title='bbox 904 4161 1027 4226; x_wconf 87' lang='lat' dir='ltr'><strong>boc</strong></span> <span class='ocrx_word' id='word_1_197' title='bbox 1073 4160 1430 4227; x_wconf 88' lang='lat' dir='ltr'><strong>secundum</strong></span> <span class='ocrx_word' id='word_1_198' title='bbox 1465 4160 1644 4248; x_wconf 86' lang='lat' dir='ltr'><strong>leges</strong></span> <span class='ocrx_word' id='word_1_199' title='bbox 1675 4160 1843 4227; x_wconf 86' lang='lat' dir='ltr'><strong>divi·</strong></span> 
     </span>
    </p>

    <p class='ocr_par' dir='ltr' id='par_1_33' title="bbox 304 4273 1840 4362">
     <span class='ocr_line' id='line_1_34' title="bbox 304 4273 1840 4362; baseline 0.001 -22"><span class='ocrx_word' id='word_1_200' title='bbox 304 4295 400 4342; x_wconf 79' lang='lat' dir='ltr'><strong>nae</strong></span> <span class='ocrx_word' id='word_1_201' title='bbox 429 4275 773 4362; x_wconf 83' lang='lat' dir='ltr'><strong>sapientiae</strong></span> <span class='ocrx_word' id='word_1_202' title='bbox 802 4274 1150 4342; x_wconf 84' lang='lat' dir='ltr'><strong>statuentis</strong></span> <span class='ocrx_word' id='word_1_203' title='bbox 1181 4273 1392 4342; x_wconf 87' lang='lat' dir='ltr'><strong>media</strong></span> <span class='ocrx_word' id='word_1_204' title='bbox 1430 4275 1720 4342; x_wconf 88' lang='lat' dir='ltr'><strong>ordinata</strong></span> <span class='ocrx_word' id='word_1_205' title='bbox 1763 4275 1840 4342; x_wconf 91' lang='lat' dir='ltr'><strong>ad</strong></span> 
     </span>
    </p>

    <p class='ocr_par' dir='ltr' id='par_1_34' title="bbox 302 4389 1840 4470">
     <span class='ocr_line' id='line_1_35' title="bbox 302 4389 1840 4470; baseline 0.001 -14"><span class='ocrx_word' id='word_1_206' title='bbox 302 4389 496 4456; x_wconf 89' lang='lat' dir='ltr'><strong>talem</strong></span> <span class='ocrx_word' id='word_1_207' title='bbox 537 4389 760 4470; x_wconf 83' lang='lat' dir='ltr'><strong>finem,</strong></span> <span class='ocrx_word' id='word_1_208' title='bbox 797 4390 899 4456; x_wconf 88' lang='lat' dir='ltr'><strong>vel</strong></span> <span class='ocrx_word' id='word_1_209' title='bbox 938 4390 1329 4457; x_wconf 83' lang='lat' dir='ltr'><strong>sufficientia</strong></span> <span class='ocrx_word' id='word_1_210' title='bbox 1369 4390 1475 4457; x_wconf 89' lang='lat' dir='ltr'><strong>vel</strong></span> <span class='ocrx_word' id='word_1_211' title='bbox 1514 4390 1840 4470; x_wconf 84' lang='lat' dir='ltr'><strong>efficacia;</strong></span> 
     </span>
    </p>

    <p class='ocr_par' dir='ltr' id='par_1_35' title="bbox 306 4506 1844 4574">
     <span class='ocr_line' id='line_1_36' title="bbox 306 4506 1844 4574; baseline 0.001 -2"><span class='ocrx_word' id='word_1_212' title='bbox 306 4507 387 4572; x_wconf 87' lang='lat' dir='ltr'><strong>ita</strong></span> <span class='ocrx_word' id='word_1_213' title='bbox 424 4506 621 4573; x_wconf 90' lang='lat' dir='ltr'><strong>etiam</strong></span> <span class='ocrx_word' id='word_1_214' title='bbox 689 4506 914 4573; x_wconf 89' lang='lat' dir='ltr'><strong>debuit</strong></span> <span class='ocrx_word' id='word_1_215' title='bbox 990 4506 1194 4574; x_wconf 89' lang='lat' dir='ltr'><strong>fuisse</strong></span> <span class='ocrx_word' id='word_1_216' title='bbox 1250 4517 1463 4573; x_wconf 91' lang='lat' dir='ltr'><strong>creata</strong></span> <span class='ocrx_word' id='word_1_217' title='bbox 1523 4528 1669 4573; x_wconf 88' lang='lat' dir='ltr'><strong>cum</strong></span> <span class='ocrx_word' id='word_1_218' title='bbox 1738 4507 1844 4574; x_wconf 89' lang='lat' dir='ltr'><strong>his</strong></span> 
     </span>
    </p>

    <p class='ocr_par' dir='ltr' id='par_1_36' title="bbox 92 4622 1843 4723">
     <span class='ocr_line' id='line_1_37' title="bbox 92 4622 1843 4723; baseline 0.001 -35"><span class='ocrx_word' id='word_1_219' title='bbox 92 4647 225 4723; x_wconf 45' lang='grc' dir='ltr'><strong>μμ.</strong></span> <span class='ocrx_word' id='word_1_220' title='bbox 310 4622 538 4690; x_wconf 88' lang='lat' dir='ltr'><strong>mediis</strong></span> <span class='ocrx_word' id='word_1_221' title='bbox 596 4622 951 4689; x_wconf 89' lang='lat' dir='ltr'><strong>secundum</strong></span> <span class='ocrx_word' id='word_1_222' title='bbox 1002 4622 1259 4689; x_wconf 88' lang='lat' dir='ltr'><strong>easdem</strong></span> <span class='ocrx_word' id='word_1_223' title='bbox 1319 4623 1522 4710; x_wconf 87' lang='lat' dir='ltr'><strong>leges,</strong></span> <span class='ocrx_word' id='word_1_224' title='bbox 1569 4643 1843 4710; x_wconf 90' lang='lat' dir='ltr'><strong>quarum</strong></span> 
     </span>
    </p>

    <p class='ocr_par' dir='ltr' id='par_1_37' title="bbox 66 4708 1846 4837">
     <span class='ocr_line' id='line_1_38' title="bbox 66 4708 1846 4837; baseline 0.001 -33"><span class='ocrx_word' id='word_1_225' title='bbox 66 4708 263 4837; x_wconf 44' lang='lat' dir='ltr'><strong>33¹2?ae</strong></span> <span class='ocrx_word' id='word_1_226' title='bbox 309 4739 761 4805; x_wconf 87' lang='lat' dir='ltr'><strong>determinatio</strong></span> <span class='ocrx_word' id='word_1_227' title='bbox 808 4759 937 4806; x_wconf 88' lang='lat' dir='ltr'><strong>non</strong></span> <span class='ocrx_word' id='word_1_228' title='bbox 988 4739 1247 4805; x_wconf 87' lang='lat' dir='ltr'><strong>videtur</strong></span> <span class='ocrx_word' id='word_1_229' title='bbox 1304 4739 1650 4806; x_wconf 87' lang='lat' dir='ltr'><strong>admittere</strong></span> <span class='ocrx_word' id='word_1_230' title='bbox 1709 4750 1846 4806; x_wconf 89' lang='lat' dir='ltr'><strong>sta-</strong></span> 
     </span>
    </p>

    <p class='ocr_par' dir='ltr' id='par_1_38' title="bbox 66 4835 1848 4955">
     <span class='ocr_line' id='line_1_39' title="bbox 66 4835 1848 4955; baseline 0.001 -35"><span class='ocrx_word' id='word_1_231' title='bbox 66 4835 287 4955; x_wconf 45' lang='lat' dir='ltr'><strong>}fgffiaffg</strong></span> <span class='ocrx_word' id='word_1_232' title='bbox 315 4868 446 4922; x_wconf 90' lang='lat' dir='ltr'><strong>tum</strong></span> <span class='ocrx_word' id='word_1_233' title='bbox 486 4856 772 4922; x_wconf 90' lang='lat' dir='ltr'><strong>medium</strong></span> <span class='ocrx_word' id='word_1_234' title='bbox 823 4876 1006 4942; x_wconf 84' lang='lat' dir='ltr'><strong>purae</strong></span> <span class='ocrx_word' id='word_1_235' title='bbox 1075 4867 1351 4935; x_wconf 71' lang='lat' dir='ltr'><strong>naturae,</strong></span> <span class='ocrx_word' id='word_1_236' title='bbox 1387 4854 1498 4943; x_wconf 84' lang='lat' dir='ltr'><strong>qui</strong></span> <span class='ocrx_word' id='word_1_237' title='bbox 1533 4876 1660 4921; x_wconf 92' lang='lat' dir='ltr'><strong>non</strong></span> <span class='ocrx_word' id='word_1_238' title='bbox 1694 4876 1848 4921; x_wconf 91' lang='lat' dir='ltr'><strong>con-</strong></span> 
     </span>
    </p>

    <p class='ocr_par' dir='ltr' id='par_1_39' title="bbox 310 4970 1846 5175">
     <span class='ocr_line' id='line_1_40' title="bbox 310 4970 1846 5060; baseline 0.002 -24"><span class='ocrx_word' id='word_1_239' title='bbox 310 4970 483 5039; x_wconf 92' lang='lat' dir='ltr'><strong>ducit</strong></span> <span class='ocrx_word' id='word_1_240' title='bbox 532 4972 608 5038; x_wconf 90' lang='lat' dir='ltr'><strong>ad</strong></span> <span class='ocrx_word' id='word_1_241' title='bbox 647 4971 841 5038; x_wconf 77' lang='lat' dir='ltr'><strong>{inem</strong></span> <span class='ocrx_word' id='word_1_242' title='bbox 878 4971 1223 5060; x_wconf 78' lang='lat' dir='ltr'><strong>praeiixum</strong></span> <span class='ocrx_word' id='word_1_243' title='bbox 1272 4984 1336 5039; x_wconf 90' lang='lat' dir='ltr'><strong>et</strong></span> <span class='ocrx_word' id='word_1_244' title='bbox 1381 4973 1715 5040; x_wconf 89' lang='lat' dir='ltr'><strong>videretur</strong></span> <span class='ocrx_word' id='word_1_245' title='bbox 1744 4994 1846 5039; x_wconf 92' lang='lat' dir='ltr'><strong>su·</strong></span> 
     </span>
     <span class='ocr_line' id='line_1_41' title="bbox 314 5089 629 5175; baseline 0.006 -22"><span class='ocrx_word' id='word_1_246' title='bbox 314 5089 629 5175; x_wconf 75' lang='lat' dir='ltr'><strong>perfluuS.</strong></span> 
     </span>
    </p>

    <p class='ocr_par' dir='ltr' id='par_1_40' title="bbox 124 5203 1850 5292">
     <span class='ocr_line' id='line_1_42' title="bbox 124 5203 1850 5292; baseline 0 -21"><span class='ocrx_word' id='word_1_247' title='bbox 124 5206 189 5257; x_wconf 76' lang='lat'><strong>32·</strong></span> <span class='ocrx_word' id='word_1_248' title='bbox 387 5204 496 5271; x_wconf 88' lang='lat' dir='ltr'><strong>Sic</strong></span> <span class='ocrx_word' id='word_1_249' title='bbox 556 5225 714 5292; x_wconf 90' lang='lat' dir='ltr'><strong>ergo</strong></span> <span class='ocrx_word' id='word_1_250' title='bbox 772 5203 1164 5291; x_wconf 88' lang='lat' dir='ltr'><strong>interpretor</strong></span> <span class='ocrx_word' id='word_1_251' title='bbox 1237 5204 1597 5271; x_wconf 89' lang='lat' dir='ltr'><strong>secundum</strong></span> <span class='ocrx_word' id='word_1_252' title='bbox 1684 5205 1850 5271; x_wconf 89' lang='lat' dir='ltr'><strong>banc</strong></span> 
     </span>
    </p>

    <p class='ocr_par' dir='ltr' id='par_1_41' title="bbox 65 5272 1851 5410">
     <span class='ocr_line' id='line_1_43' title="bbox 65 5272 1851 5410; baseline 0.002 -27"><span class='ocrx_word' id='word_1_253' title='bbox 65 5272 265 5383; x_wconf 44' lang='grc' dir='ltr'><strong>Ἒῗψ</strong></span> <span class='ocrx_word' id='word_1_254' title='bbox 313 5338 560 5410; x_wconf 87' lang='lat' dir='ltr'><strong>partem</strong></span> <span class='ocrx_word' id='word_1_255' title='bbox 592 5343 665 5391; x_wconf 86' lang='lat' dir='ltr'><strong>ea</strong></span> <span class='ocrx_word' id='word_1_256' title='bbox 699 5345 848 5410; x_wconf 82' lang='lat' dir='ltr'><strong>quae</strong></span> <span class='ocrx_word' id='word_1_257' title='bbox 889 5324 953 5389; x_wconf 90' lang='lat' dir='ltr'><strong>in</strong></span> <span class='ocrx_word' id='word_1_258' title='bbox 989 5322 1156 5389; x_wconf 86' lang='lat' dir='ltr'><strong>infra</strong></span> <span class='ocrx_word' id='word_1_259' title='bbox 1198 5324 1389 5390; x_wconf 87' lang='lat' dir='ltr'><strong>habet</strong></span> <span class='ocrx_word' id='word_1_260' title='bbox 1429 5327 1462 5409; x_wconf 66' lang='lat' dir='ltr'><strong>g</strong></span> <span class='ocrx_word' id='word_1_261' title='bbox 1506 5326 1599 5390; x_wconf 85' lang='lat' dir='ltr'><strong>De</strong></span> <span class='ocrx_word' id='word_1_262' title='bbox 1627 5334 1851 5410; x_wconf 78' lang='lat' dir='ltr'><strong>poten·</strong></span> 
     </span>
    </p>
   </div>
   <div class='ocr_carea' id='block_1_3' title="bbox 66 5439 1851 5705">
    <p class='ocr_par' dir='ltr' id='par_1_42' title="bbox 66 5428 1851 5705">
     <span class='ocr_line' id='line_1_44' title="bbox 66 5439 1851 5705; baseline 0.001 -202"><span class='ocrx_word' id='word_1_263' title='bbox 66 5468 91 5705; x_wconf 40' lang='lat' dir='ltr'>f</span> <span class='ocrx_word' id='word_1_264' title='bbox 316 5441 407 5506; x_wconf 77' lang='lat' dir='ltr'><strong>eia</strong></span> <span class='ocrx_word' id='word_1_265' title='bbox 465 5461 621 5506; x_wconf 84' lang='lat' dir='ltr'><strong>vero</strong></span> <span class='ocrx_word' id='word_1_266' title='bbox 685 5439 1030 5523; x_wconf 76' lang='lat' dir='ltr'><strong>ordinata,</strong></span> <span class='ocrx_word' id='word_1_267' title='bbox 1103 5450 1228 5510; x_wconf 86' lang='lat' dir='ltr'><strong>etc.</strong></span> <span class='ocrx_word' id='word_1_268' title='bbox 1262 5440 1569 5506; x_wconf 88' lang='lat' dir='ltr'><strong>conducit</strong></span> <span class='ocrx_word' id='word_1_269' title='bbox 1600 5439 1678 5506; x_wconf 90' lang='lat' dir='ltr'><strong>ad</strong></span> <span class='ocrx_word' id='word_1_270' title='bbox 1728 5441 1851 5505; x_wconf 85' lang='lat' dir='ltr'><strong>hoc</strong></span> 
     </span>
     <span class='ocr_line' id='line_1_45' title="bbox 92 5558 125 5591; baseline 0 0"><span class='ocrx_word' id='word_1_271' title='bbox 92 5558 125 5591; x_wconf 67' lang='grc' dir='ltr'><strong>Ἰ·</strong></span> 
     </span>
    </p>
   </div>
   <div class='ocr_carea' id='block_1_4' title="bbox 83 1051 248 1101">
    <p class='ocr_par' dir='ltr' id='par_1_43' title="bbox 83 1051 248 1101">
     <span class='ocr_line' id='line_1_46' title="bbox 83 1051 248 1101; baseline 0.03 -6"><span class='ocrx_word' id='word_1_272' title='bbox 83 1067 153 1101; x_wconf 51' lang='lat' dir='ltr'><strong>im.</strong></span> <span class='ocrx_word' id='word_1_273' title='bbox 204 1051 248 1100; x_wconf 87' lang='lat'><strong>9.</strong></span> 
     </span>
    </p>
   </div>
   <div class='ocr_carea' id='block_1_5' title="bbox 320 5554 1845 5647">
    <p class='ocr_par' dir='ltr' id='par_1_44' title="bbox 320 5554 1845 5647">
     <span class='ocr_line' id='line_1_47' title="bbox 320 5554 1845 5647; baseline -0.001 -23"><span class='ocrx_word' id='word_1_274' title='bbox 320 5556 769 5647; x_wconf 83' lang='lat' dir='ltr'><strong>congruentia,</strong></span> <span class='ocrx_word' id='word_1_275' title='bbox 799 5577 992 5645; x_wconf 89' lang='lat' dir='ltr'><strong>quam</strong></span> <span class='ocrx_word' id='word_1_276' title='bbox 1025 5554 1320 5647; x_wconf 85' lang='lat' dir='ltr'><strong>assignat</strong></span> <span class='ocrx_word' id='word_1_277' title='bbox 1345 5556 1419 5621; x_wconf 81' lang='lat' dir='ltr'><strong>in</strong></span> <span class='ocrx_word' id='word_1_278' title='bbox 1450 5559 1519 5628; x_wconf 84' lang='lat'><strong>3.</strong></span> <span class='ocrx_word' id='word_1_279' title='bbox 1553 5555 1708 5621; x_wconf 78' lang='lat' dir='ltr'><strong>dist.</strong></span> <span class='ocrx_word' id='word_1_280' title='bbox 1736 5558 1845 5624; x_wconf 70' lang='grc' dir='ltr'><strong>ΞΒ.</strong></span> 
     </span>
    </p>
   </div>
   <div class='ocr_carea' id='block_1_6' title="bbox 66 5820 229 6225">
    <p class='ocr_par' dir='ltr' id='par_1_45' title="bbox 66 5820 229 6225">
     <span class='ocr_line' id='line_1_48' title="bbox 66 5820 229 6225; baseline 0 0"><span class='ocrx_word' id='word_1_281' title='bbox 66 5820 229 6225; x_wconf 73' lang='lat' dir='ltr'><strong>t</strong></span> 
     </span>
    </p>
   </div>
   <div class='ocr_carea' id='block_1_7' title="bbox 3379 393 3499 460">
    <p class='ocr_par' dir='ltr' id='par_1_46' title="bbox 3379 393 3499 460">
     <span class='ocr_line' id='line_1_49' title="bbox 3379 393 3499 460; baseline -0.025 0"><span class='ocrx_word' id='word_1_282' title='bbox 3379 393 3499 460; x_wconf 79' lang='lat'><strong>215</strong></span> 
     </span>
    </p>
   </div>
   <div class='ocr_carea' id='block_1_8' title="bbox 1952 548 3843 2500">
    <p class='ocr_par' dir='ltr' id='par_1_47' title="bbox 1966 548 3503 638">
     <span class='ocr_line' id='line_1_50' title="bbox 1966 548 3503 638; baseline 0.008 -25"><span class='ocrx_word' id='word_1_283' title='bbox 1966 550 1999 634; x_wconf 60' lang='grc' dir='ltr'><strong><em>ἦ</em></strong></span> <span class='ocrx_word' id='word_1_284' title='bbox 2033 548 2129 614; x_wconf 70' lang='lat' dir='ltr'><strong>Ad</strong></span> <span class='ocrx_word' id='word_1_285' title='bbox 2167 552 2590 636; x_wconf 78' lang='lat' dir='ltr'><strong>quoeslionem</strong></span> <span class='ocrx_word' id='word_1_286' title='bbox 2617 564 2838 621; x_wconf 77' lang='lat' dir='ltr'><strong>tamen</strong></span> <span class='ocrx_word' id='word_1_287' title='bbox 2886 554 3059 638; x_wconf 82' lang='lat' dir='ltr'><strong>dico,</strong></span> <span class='ocrx_word' id='word_1_288' title='bbox 3107 569 3229 625; x_wconf 89' lang='lat' dir='ltr'><strong>etc.</strong></span> <span class='ocrx_word' id='word_1_289' title='bbox 3267 557 3376 625; x_wconf 91' lang='lat' dir='ltr'><strong>ubi</strong></span> <span class='ocrx_word' id='word_1_290' title='bbox 3409 558 3503 626; x_wconf 85' lang='lat' dir='ltr'><strong>di-</strong></span> 
     </span>
    </p>

    <p class='ocr_par' dir='ltr' id='par_1_48' title="bbox 1955 665 3507 1230">
     <span class='ocr_line' id='line_1_51' title="bbox 1962 665 3507 760; baseline 0.01 -31"><span class='ocrx_word' id='word_1_291' title='bbox 1962 665 2049 730; x_wconf 88' lang='lat' dir='ltr'><strong>cit</strong></span> <span class='ocrx_word' id='word_1_292' title='bbox 2090 665 2282 732; x_wconf 83' lang='lat' dir='ltr'><strong>fidem</strong></span> <span class='ocrx_word' id='word_1_293' title='bbox 2354 668 2635 735; x_wconf 81' lang='lat' dir='ltr'><strong>infusam</strong></span> <span class='ocrx_word' id='word_1_294' title='bbox 2697 671 2911 738; x_wconf 90' lang='lat' dir='ltr'><strong>datam</strong></span> <span class='ocrx_word' id='word_1_295' title='bbox 2989 694 3133 740; x_wconf 88' lang='lat' dir='ltr'><strong>esse</strong></span> <span class='ocrx_word' id='word_1_296' title='bbox 3173 695 3208 741; x_wconf 92' lang='lat' dir='ltr'><strong>a</strong></span> <span class='ocrx_word' id='word_1_297' title='bbox 3250 679 3400 760; x_wconf 90' lang='lat' dir='ltr'><strong>De0‚</strong></span> <span class='ocrx_word' id='word_1_298' title='bbox 3438 691 3507 744; x_wconf 90' lang='lat' dir='ltr'><strong>ut</strong></span> 
     </span>
     <span class='ocr_line' id='line_1_52' title="bbox 1961 780 3506 876; baseline 0.008 -30"><span class='ocrx_word' id='word_1_299' title='bbox 1961 780 2254 867; x_wconf 83' lang='lat' dir='ltr'><strong>perficiat</strong></span> <span class='ocrx_word' id='word_1_300' title='bbox 2329 783 2607 851; x_wconf 90' lang='lat' dir='ltr'><strong>animam</strong></span> <span class='ocrx_word' id='word_1_301' title='bbox 2671 787 2735 853; x_wconf 93' lang='lat' dir='ltr'><strong>in</strong></span> <span class='ocrx_word' id='word_1_302' title='bbox 2801 800 2946 855; x_wconf 87' lang='lat' dir='ltr'><strong>actu</strong></span> <span class='ocrx_word' id='word_1_303' title='bbox 2999 790 3259 876; x_wconf 87' lang='lat' dir='ltr'><strong>primo:</strong></span> <span class='ocrx_word' id='word_1_304' title='bbox 3331 794 3506 869; x_wconf 81' lang='lat' dir='ltr'><strong>Quia</strong></span> 
     </span>
     <span class='ocr_line' id='line_1_53' title="bbox 1960 899 3506 994; baseline 0.008 -31"><span class='ocrx_word' id='word_1_305' title='bbox 1960 899 2220 978; x_wconf 79' lang='lat' dir='ltr'><strong>Deiese,</strong></span> <span class='ocrx_word' id='word_1_306' title='bbox 2269 900 2501 987; x_wconf 83' lang='lat' dir='ltr'><strong>inquit,</strong></span> <span class='ocrx_word' id='word_1_307' title='bbox 2545 905 2839 989; x_wconf 77' lang='lat' dir='ltr'><strong>perfecte</strong></span> <span class='ocrx_word' id='word_1_308' title='bbox 2878 907 3198 990; x_wconf 82' lang='lat' dir='ltr'><strong>perficere</strong></span> <span class='ocrx_word' id='word_1_309' title='bbox 3241 909 3506 994; x_wconf 79' lang='lat' dir='ltr'><strong>quando</strong></span> 
     </span>
     <span class='ocr_line' id='line_1_54' title="bbox 1955 1015 3503 1110; baseline 0.008 -32"><span class='ocrx_word' id='word_1_310' title='bbox 1955 1015 2244 1100; x_wconf 67' lang='lat' dir='ltr'><strong>perlicit,</strong></span> <span class='ocrx_word' id='word_1_311' title='bbox 2303 1017 2478 1082; x_wconf 81' lang='lat' dir='ltr'><strong>uncle</strong></span> <span class='ocrx_word' id='word_1_312' title='bbox 2531 1020 2798 1104; x_wconf 79' lang='lat' dir='ltr'><strong>qnando</strong></span> <span class='ocrx_word' id='word_1_313' title='bbox 2846 1033 3043 1087; x_wconf 76' lang='grc' dir='ltr'><em>,ςαηαι</em></span> <span class='ocrx_word' id='word_1_314' title='bbox 3081 1024 3372 1110; x_wconf 75' lang='lat' dir='ltr'><strong>aliquem</strong></span> <span class='ocrx_word' id='word_1_315' title='bbox 3407 1047 3503 1090; x_wconf 81' lang='lat' dir='ltr'><strong>se-</strong></span> 
     </span>
     <span class='ocr_line' id='line_1_55' title="bbox 1959 1134 3500 1230; baseline 0.008 -33"><span class='ocrx_word' id='word_1_316' title='bbox 1959 1134 2248 1200; x_wconf 79' lang='lat' dir='ltr'><strong>cundum</strong></span> <span class='ocrx_word' id='word_1_317' title='bbox 2297 1158 2554 1221; x_wconf 69' lang='lat' dir='ltr'><strong>corptw,</strong></span> <span class='ocrx_word' id='word_1_318' title='bbox 2617 1142 2910 1224; x_wconf 63' lang='lat' dir='ltr'><strong>perfecte</strong></span> <span class='ocrx_word' id='word_1_319' title='bbox 2937 1154 3133 1207; x_wconf 78' lang='lat' dir='ltr'><strong>sanat</strong></span> <span class='ocrx_word' id='word_1_320' title='bbox 3159 1165 3287 1230; x_wconf 84' lang='lat' dir='ltr'><strong>pro</strong></span> <span class='ocrx_word' id='word_1_321' title='bbox 3323 1156 3500 1212; x_wconf 77' lang='lat' dir='ltr'><strong>statu</strong></span> 
     </span>
    </p>

    <p class='ocr_par' dir='ltr' id='par_1_49' title="bbox 1959 1251 3501 1348">
     <span class='ocr_line' id='line_1_56' title="bbox 1959 1251 3501 1348; baseline 0.008 -34"><span class='ocrx_word' id='word_1_322' title='bbox 1959 1251 2031 1315; x_wconf 81' lang='lat' dir='ltr'><strong>in</strong></span> <span class='ocrx_word' id='word_1_323' title='bbox 2060 1270 2188 1348; x_wconf 73' lang='lat' dir='ltr'><strong>quo</strong></span> <span class='ocrx_word' id='word_1_324' title='bbox 2218 1262 2329 1330; x_wconf 76' lang='lat' dir='ltr'><strong>est,</strong></span> <span class='ocrx_word' id='word_1_325' title='bbox 2373 1253 2466 1319; x_wconf 81' lang='lat' dir='ltr'><strong>ila</strong></span> <span class='ocrx_word' id='word_1_326' title='bbox 2507 1255 2708 1320; x_wconf 77' lang='lat' dir='ltr'><strong>etiam</strong></span> <span class='ocrx_word' id='word_1_327' title='bbox 2746 1258 3105 1324; x_wconf 76' lang='lat' dir='ltr'><strong>secundum</strong></span> <span class='ocrx_word' id='word_1_328' title='bbox 3147 1262 3445 1326; x_wconf 82' lang='lat' dir='ltr'><strong>animam</strong></span> <span class='ocrx_word' id='word_1_329' title='bbox 3476 1286 3501 1342; x_wconf 83' lang='grc'><strong>,·</strong></span> 
     </span>
    </p>

    <p class='ocr_par' dir='ltr' id='par_1_50' title="bbox 1959 1369 3499 1459">
     <span class='ocr_line' id='line_1_57' title="bbox 1959 1369 3499 1459; baseline 0.007 -27"><span class='ocrx_word' id='word_1_330' title='bbox 1959 1378 2019 1432; x_wconf 80' lang='lat' dir='ltr'><strong>et</strong></span> <span class='ocrx_word' id='word_1_331' title='bbox 2067 1369 2227 1453; x_wconf 78' lang='lat' dir='ltr'><strong>quia</strong></span> <span class='ocrx_word' id='word_1_332' title='bbox 2267 1370 2340 1433; x_wconf 81' lang='lat' dir='ltr'><strong>in</strong></span> <span class='ocrx_word' id='word_1_333' title='bbox 2371 1371 2603 1435; x_wconf 81' lang='lat' dir='ltr'><strong>anima</strong></span> <span class='ocrx_word' id='word_1_334' title='bbox 2650 1382 2742 1436; x_wconf 79' lang='lat' dir='ltr'><strong>esc</strong></span> <span class='ocrx_word' id='word_1_335' title='bbox 2811 1373 3031 1459; x_wconf 73' lang='lat' dir='ltr'><strong>imaqo</strong></span> <span class='ocrx_word' id='word_1_336' title='bbox 3079 1374 3208 1444; x_wconf 87' lang='lat' dir='ltr'><strong>Dei</strong></span> <span class='ocrx_word' id='word_1_337' title='bbox 3275 1396 3499 1443; x_wconf 81' lang='lat' dir='ltr'><strong>secun-</strong></span> 
     </span>
    </p>

    <p class='ocr_par' dir='ltr' id='par_1_51' title="bbox 1954 1481 3843 1804">
     <span class='ocr_line' id='line_1_58' title="bbox 1957 1481 3732 1573; baseline 0.006 -28"><span class='ocrx_word' id='word_1_338' title='bbox 1957 1481 2115 1547; x_wconf 79' lang='lat' dir='ltr'><strong>dum</strong></span> <span class='ocrx_word' id='word_1_339' title='bbox 2151 1494 2281 1548; x_wconf 76' lang='lat' dir='ltr'><strong>[res</strong></span> <span class='ocrx_word' id='word_1_340' title='bbox 2306 1487 2663 1570; x_wconf 73' lang='lat' dir='ltr'><strong>potentias,</strong></span> <span class='ocrx_word' id='word_1_341' title='bbox 2710 1509 2854 1573; x_wconf 84' lang='lat' dir='ltr'><strong>quce</strong></span> <span class='ocrx_word' id='word_1_342' title='bbox 2883 1487 3278 1572; x_wconf 62' lang='lat' dir='ltr'><strong>deformata?</strong></span> <span class='ocrx_word' id='word_1_343' title='bbox 3310 1500 3501 1554; x_wconf 77' lang='lat' dir='ltr'><strong>erant</strong></span> <span class='ocrx_word' id='word_1_344' title='bbox 3635 1491 3732 1541; x_wconf 78' lang='lat' dir='ltr'><strong>Dei</strong></span> 
     </span>
     <span class='ocr_line' id='line_1_59' title="bbox 1955 1556 3843 1687; baseline 0.003 -26"><span class='ocrx_word' id='word_1_345' title='bbox 1955 1618 2079 1683; x_wconf 85' lang='lat' dir='ltr'><strong>per</strong></span> <span class='ocrx_word' id='word_1_346' title='bbox 2105 1610 2467 1684; x_wconf 74' lang='lat' dir='ltr'><strong>peceatum,</strong></span> <span class='ocrx_word' id='word_1_347' title='bbox 2499 1601 2647 1667; x_wconf 81' lang='lat' dir='ltr'><strong>ideo</strong></span> <span class='ocrx_word' id='word_1_348' title='bbox 2691 1602 2998 1669; x_wconf 73' lang='lat' dir='ltr'><strong>Christus</strong></span> <span class='ocrx_word' id='word_1_349' title='bbox 3036 1605 3494 1687; x_wconf 79' lang='lat' dir='ltr'><strong>reformandO,</strong></span> <span class='ocrx_word' id='word_1_350' title='bbox 3530 1556 3843 1684; x_wconf 53' lang='grc' dir='ltr'><strong>ωριῖῗὲῗοῗι.</strong></span> 
     </span>
     <span class='ocr_line' id='line_1_60' title="bbox 1954 1715 3496 1804; baseline 0.005 -28"><span class='ocrx_word' id='word_1_351' title='bbox 1954 1715 2125 1778; x_wconf 79' lang='lat' dir='ltr'><strong>sicut</strong></span> <span class='ocrx_word' id='word_1_352' title='bbox 2172 1716 2437 1799; x_wconf 78' lang='lat' dir='ltr'><strong>perlicit</strong></span> <span class='ocrx_word' id='word_1_353' title='bbox 2476 1718 2882 1783; x_wconf 78' lang='lat' dir='ltr'><strong>voluntalem</strong></span> <span class='ocrx_word' id='word_1_354' title='bbox 2918 1740 3042 1804; x_wconf 86' lang='lat' dir='ltr'><strong>per</strong></span> <span class='ocrx_word' id='word_1_355' title='bbox 3079 1721 3496 1800; x_wconf 78' lang='lat' dir='ltr'><strong>charitalem,</strong></span> 
     </span>
    </p>

    <p class='ocr_par' dir='ltr' id='par_1_52' title="bbox 1952 1830 3496 1918">
     <span class='ocr_line' id='line_1_61' title="bbox 1952 1830 3496 1918; baseline 0.006 -26"><span class='ocrx_word' id='word_1_356' title='bbox 1952 1830 2048 1893; x_wconf 80' lang='lat' dir='ltr'><strong>sic</strong></span> <span class='ocrx_word' id='word_1_357' title='bbox 2098 1830 2501 1897; x_wconf 78' lang='lat' dir='ltr'><strong>intellectum</strong></span> <span class='ocrx_word' id='word_1_358' title='bbox 2555 1855 2678 1918; x_wconf 85' lang='lat' dir='ltr'><strong>per</strong></span> <span class='ocrx_word' id='word_1_359' title='bbox 2717 1835 2940 1918; x_wconf 77' lang='lat' dir='ltr'><strong>fidem,</strong></span> <span class='ocrx_word' id='word_1_360' title='bbox 2987 1848 3109 1901; x_wconf 89' lang='lat' dir='ltr'><strong>etc.</strong></span> <span class='ocrx_word' id='word_1_361' title='bbox 3160 1836 3343 1902; x_wconf 89' lang='lat' dir='ltr'><strong>Sicut</strong></span> <span class='ocrx_word' id='word_1_362' title='bbox 3385 1857 3496 1901; x_wconf 92' lang='lat' dir='ltr'><strong>au-</strong></span> 
     </span>
    </p>

    <p class='ocr_par' dir='ltr' id='par_1_53' title="bbox 1956 1947 3506 2157">
     <span class='ocr_line' id='line_1_62' title="bbox 1956 1947 3502 2034; baseline 0.006 -26"><span class='ocrx_word' id='word_1_363' title='bbox 1956 1956 2085 2010; x_wconf 91' lang='lat' dir='ltr'><strong>tem</strong></span> <span class='ocrx_word' id='word_1_364' title='bbox 2151 1950 2320 2014; x_wconf 89' lang='lat' dir='ltr'><strong>Deus</strong></span> <span class='ocrx_word' id='word_1_365' title='bbox 2400 1947 2681 2034; x_wconf 78' lang='lat' dir='ltr'><strong>perfecte</strong></span> <span class='ocrx_word' id='word_1_366' title='bbox 2748 1947 3069 2017; x_wconf 80' lang='lat' dir='ltr'><strong>restaurat</strong></span> <span class='ocrx_word' id='word_1_367' title='bbox 3144 1952 3502 2018; x_wconf 85' lang='lat' dir='ltr'><strong>secundum</strong></span> 
     </span>
     <span class='ocr_line' id='line_1_63' title="bbox 1956 2065 3506 2157; baseline 0.004 -29"><span class='ocrx_word' id='word_1_368' title='bbox 1956 2076 2349 2150; x_wconf 70' lang='lat' dir='ltr'><strong>praesentem</strong></span> <span class='ocrx_word' id='word_1_369' title='bbox 2410 2076 2474 2132; x_wconf 89' lang='lat' dir='ltr'><strong>et</strong></span> <span class='ocrx_word' id='word_1_370' title='bbox 2517 2065 2855 2132; x_wconf 85' lang='lat' dir='ltr'><strong>mortalem</strong></span> <span class='ocrx_word' id='word_1_371' title='bbox 2923 2080 3196 2148; x_wconf 88' lang='lat' dir='ltr'><strong>statum,</strong></span> <span class='ocrx_word' id='word_1_372' title='bbox 3252 2068 3363 2157; x_wconf 88' lang='lat' dir='ltr'><strong>qui</strong></span> <span class='ocrx_word' id='word_1_373' title='bbox 3404 2080 3506 2134; x_wconf 86' lang='lat' dir='ltr'><strong>est</strong></span> 
     </span>
    </p>

    <p class='ocr_par' dir='ltr' id='par_1_54' title="bbox 1959 2181 3502 2273">
     <span class='ocr_line' id='line_1_64' title="bbox 1959 2181 3502 2273; baseline 0.006 -30"><span class='ocrx_word' id='word_1_374' title='bbox 1959 2200 2073 2265; x_wconf 90' lang='lat' dir='ltr'><strong>per</strong></span> <span class='ocrx_word' id='word_1_375' title='bbox 2103 2193 2464 2267; x_wconf 85' lang='lat' dir='ltr'><strong>peccatum,</strong></span> <span class='ocrx_word' id='word_1_376' title='bbox 2515 2181 2598 2247; x_wconf 91' lang='lat' dir='ltr'><strong>ita</strong></span> <span class='ocrx_word' id='word_1_377' title='bbox 2652 2181 2937 2248; x_wconf 89' lang='lat' dir='ltr'><strong>instituit</strong></span> <span class='ocrx_word' id='word_1_378' title='bbox 2984 2183 3316 2251; x_wconf 86' lang='lat' dir='ltr'><strong>hominem</strong></span> <span class='ocrx_word' id='word_1_379' title='bbox 3361 2207 3502 2273; x_wconf 72' lang='lat' dir='ltr'><strong>per-</strong></span> 
     </span>
    </p>

    <p class='ocr_par' dir='ltr' id='par_1_55' title="bbox 1957 2296 3502 2500">
     <span class='ocr_line' id='line_1_65' title="bbox 1959 2296 3502 2390; baseline 0.005 -27"><span class='ocrx_word' id='word_1_380' title='bbox 1959 2297 2121 2363; x_wconf 91' lang='lat' dir='ltr'><strong>fecte</strong></span> <span class='ocrx_word' id='word_1_381' title='bbox 2155 2296 2219 2362; x_wconf 90' lang='lat' dir='ltr'><strong>in</strong></span> <span class='ocrx_word' id='word_1_382' title='bbox 2253 2308 2424 2362; x_wconf 89' lang='lat' dir='ltr'><strong>statu</strong></span> <span class='ocrx_word' id='word_1_383' title='bbox 2460 2297 2779 2382; x_wconf 73' lang='lat' dir='ltr'><strong>primaevo</strong></span> <span class='ocrx_word' id='word_1_384' title='bbox 2818 2319 2965 2365; x_wconf 90' lang='lat' dir='ltr'><strong>cum</strong></span> <span class='ocrx_word' id='word_1_385' title='bbox 3001 2301 3232 2368; x_wconf 89' lang='lat' dir='ltr'><strong>mediis</strong></span> <span class='ocrx_word' id='word_1_386' title='bbox 3282 2324 3398 2390; x_wconf 88' lang='lat' dir='ltr'><strong>per</strong></span> <span class='ocrx_word' id='word_1_387' title='bbox 3430 2323 3502 2371; x_wconf 89' lang='lat' dir='ltr'><strong>se</strong></span> 
     </span>
     <span class='ocr_line' id='line_1_66' title="bbox 1957 2411 2673 2500; baseline 0.003 -22"><span class='ocrx_word' id='word_1_388' title='bbox 1957 2412 2291 2500; x_wconf 86' lang='lat' dir='ltr'><strong>requisitis</strong></span> <span class='ocrx_word' id='word_1_389' title='bbox 2321 2413 2399 2478; x_wconf 91' lang='lat' dir='ltr'><strong>ad</strong></span> <span class='ocrx_word' id='word_1_390' title='bbox 2453 2411 2673 2480; x_wconf 83' lang='lat' dir='ltr'><strong>finem.</strong></span> 
     </span>
    </p>
   </div>
   <div class='ocr_carea' id='block_1_9' title="bbox 1952 2517 3846 4825">
    <p class='ocr_par' dir='ltr' id='par_1_56' title="bbox 1952 2517 3846 4709">
     <span class='ocr_line' id='line_1_67' title="bbox 2044 2517 3846 2631; baseline 0.007 -35"><span class='ocrx_word' id='word_1_391' title='bbox 2044 2533 2119 2596; x_wconf 86' lang='lat' dir='ltr'><strong>Et</strong></span> <span class='ocrx_word' id='word_1_392' title='bbox 2151 2529 2204 2595; x_wconf 93' lang='lat' dir='ltr'><strong>si</strong></span> <span class='ocrx_word' id='word_1_393' title='bbox 2248 2517 2518 2616; x_wconf 80' lang='lat' dir='ltr'><strong>objicias</strong></span> <span class='ocrx_word' id='word_1_394' title='bbox 2558 2531 2667 2597; x_wconf 89' lang='lat' dir='ltr'><strong>hic</strong></span> <span class='ocrx_word' id='word_1_395' title='bbox 2703 2536 3133 2619; x_wconf 80' lang='lat' dir='ltr'><strong>responsione</strong></span> <span class='ocrx_word' id='word_1_396' title='bbox 3169 2536 3259 2601; x_wconf 83' lang='lat' dir='ltr'><strong>ad</strong></span> <span class='ocrx_word' id='word_1_397' title='bbox 3298 2540 3361 2602; x_wconf 73' lang='lat'><strong>2.</strong></span> <span class='ocrx_word' id='word_1_398' title='bbox 3388 2537 3499 2604; x_wconf 82' lang='lat' dir='ltr'><strong>Ri-</strong></span> <span class='ocrx_word' id='word_1_399' title='bbox 3530 2558 3846 2631; x_wconf 35' lang='lat' dir='ltr'><strong>objectio-ex</strong></span> 
     </span>
     <span class='ocr_line' id='line_1_68' title="bbox 1956 2626 3814 2747; baseline 0.005 -36"><span class='ocrx_word' id='word_1_400' title='bbox 1956 2645 2206 2726; x_wconf 73' lang='lat' dir='ltr'><strong>eliardi,</strong></span> <span class='ocrx_word' id='word_1_401' title='bbox 2244 2659 2308 2713; x_wconf 91' lang='lat' dir='ltr'><strong>et</strong></span> <span class='ocrx_word' id='word_1_402' title='bbox 2348 2650 2421 2713; x_wconf 81' lang='lat' dir='ltr'><strong>in</strong></span> <span class='ocrx_word' id='word_1_403' title='bbox 2468 2651 2531 2714; x_wconf 70' lang='lat'><strong>2.</strong></span> <span class='ocrx_word' id='word_1_404' title='bbox 2567 2647 2723 2715; x_wconf 78' lang='lat' dir='ltr'><strong>dist.</strong></span> <span class='ocrx_word' id='word_1_405' title='bbox 2760 2653 2869 2717; x_wconf 85' lang='lat'><strong>31.</strong></span> <span class='ocrx_word' id='word_1_406' title='bbox 2906 2670 3052 2716; x_wconf 91' lang='lat' dir='ltr'><strong>eum</strong></span> <span class='ocrx_word' id='word_1_407' title='bbox 3102 2653 3501 2720; x_wconf 87' lang='lat' dir='ltr'><strong>constituere</strong></span> <span class='ocrx_word' id='word_1_408' title='bbox 3563 2626 3814 2747; x_wconf 48' lang='grc' dir='ltr'><strong>εἶῇξξᾟῑζᾶ</strong></span> 
     </span>
     <span class='ocr_line' id='line_1_69' title="bbox 1956 2753 3819 2875; baseline 0.005 -47"><span class='ocrx_word' id='word_1_409' title='bbox 1956 2773 2291 2848; x_wconf 85' lang='lat' dir='ltr'><strong>peccatum</strong></span> <span class='ocrx_word' id='word_1_410' title='bbox 2325 2763 2645 2850; x_wconf 87' lang='lat' dir='ltr'><strong>originale</strong></span> <span class='ocrx_word' id='word_1_411' title='bbox 2675 2785 2797 2830; x_wconf 84' lang='lat' dir='ltr'><strong>non</strong></span> <span class='ocrx_word' id='word_1_412' title='bbox 2844 2765 2906 2830; x_wconf 90' lang='lat' dir='ltr'><strong>in</strong></span> <span class='ocrx_word' id='word_1_413' title='bbox 2951 2767 3314 2852; x_wconf 88' lang='lat' dir='ltr'><strong>privatione</strong></span> <span class='ocrx_word' id='word_1_414' title='bbox 3342 2791 3497 2857; x_wconf 87' lang='lat' dir='ltr'><strong>gra-</strong></span> <span class='ocrx_word' id='word_1_415' title='bbox 3526 2753 3819 2875; x_wconf 51' lang='lat' dir='ltr'><strong>orffifi‘ffiii}</strong></span> 
     </span>
     <span class='ocr_line' id='line_1_70' title="bbox 1954 2878 3497 2973; baseline 0.005 -28"><span class='ocrx_word' id='word_1_416' title='bbox 1954 2879 2088 2959; x_wconf 83' lang='lat' dir='ltr'><strong>tiae,</strong></span> <span class='ocrx_word' id='word_1_417' title='bbox 2126 2878 2256 2944; x_wconf 61' lang='lat' dir='ltr'><strong>‘sed</strong></span> <span class='ocrx_word' id='word_1_418' title='bbox 2298 2878 2576 2967; x_wconf 62' lang='lat' dir='ltr'><strong>justitiae</strong></span> <span class='ocrx_word' id='word_1_419' title='bbox 2627 2880 3012 2968; x_wconf 83' lang='lat' dir='ltr'><strong>originalis;</strong></span> <span class='ocrx_word' id='word_1_420' title='bbox 3075 2905 3233 2973; x_wconf 87' lang='lat' dir='ltr'><strong>ergo</strong></span> <span class='ocrx_word' id='word_1_421' title='bbox 3274 2899 3497 2953; x_wconf 86' lang='lat' dir='ltr'><strong>censet</strong></span> 
     </span>
     <span class='ocr_line' id='line_1_71' title="bbox 1955 2992 3494 3082; baseline 0.005 -21"><span class='ocrx_word' id='word_1_422' title='bbox 1955 2992 2239 3082; x_wconf 89' lang='lat' dir='ltr'><strong>gratiam</strong></span> <span class='ocrx_word' id='word_1_423' title='bbox 2275 3018 2399 3062; x_wconf 90' lang='lat' dir='ltr'><strong>non</strong></span> <span class='ocrx_word' id='word_1_424' title='bbox 2440 2996 2738 3064; x_wconf 89' lang='lat' dir='ltr'><strong>collatam</strong></span> <span class='ocrx_word' id='word_1_425' title='bbox 2772 2998 2974 3066; x_wconf 88' lang='lat' dir='ltr'><strong>fuisse</strong></span> <span class='ocrx_word' id='word_1_426' title='bbox 3002 3000 3249 3068; x_wconf 76' lang='lat' dir='ltr'><strong>Adamo</strong></span> <span class='ocrx_word' id='word_1_427' title='bbox 3297 3003 3494 3069; x_wconf 91' lang='lat' dir='ltr'><strong>simul</strong></span> 
     </span>
     <span class='ocr_line' id='line_1_72' title="bbox 1954 3105 3773 3209; baseline 0.004 -30"><span class='ocrx_word' id='word_1_428' title='bbox 1954 3134 2102 3179; x_wconf 88' lang='lat' dir='ltr'><strong>cum</strong></span> <span class='ocrx_word' id='word_1_429' title='bbox 2148 3113 2427 3201; x_wconf 88' lang='lat' dir='ltr'><strong>justitia.</strong></span> <span class='ocrx_word' id='word_1_430' title='bbox 2487 3115 2937 3203; x_wconf 87' lang='lat' dir='ltr'><strong>Respondetur</strong></span> <span class='ocrx_word' id='word_1_431' title='bbox 2978 3129 3159 3184; x_wconf 87' lang='lat' dir='ltr'><strong>extra</strong></span> <span class='ocrx_word' id='word_1_432' title='bbox 3227 3118 3497 3186; x_wconf 88' lang='lat' dir='ltr'><strong>dubium</strong></span> <span class='ocrx_word' id='word_1_433' title='bbox 3613 3105 3616 3108; x_wconf 35' lang='lat'>¹</span> <span class='ocrx_word' id='word_1_434' title='bbox 3761 3197 3773 3209; x_wconf 34' lang='lat'><em>⁶</em></span> 
     </span>
     <span class='ocr_line' id='line_1_73' title="bbox 1956 3200 3830 3323; baseline 0.003 -24"><span class='ocrx_word' id='word_1_435' title='bbox 1956 3251 2101 3299; x_wconf 89' lang='lat' dir='ltr'><strong>esse</strong></span> <span class='ocrx_word' id='word_1_436' title='bbox 2133 3231 2300 3318; x_wconf 92' lang='lat' dir='ltr'><strong>apud</strong></span> <span class='ocrx_word' id='word_1_437' title='bbox 2332 3252 2562 3300; x_wconf 88' lang='lat' dir='ltr'><strong>omnes</strong></span> <span class='ocrx_word' id='word_1_438' title='bbox 2604 3234 2973 3323; x_wconf 89' lang='lat' dir='ltr'><strong>Theologos</strong></span> <span class='ocrx_word' id='word_1_439' title='bbox 3030 3238 3495 3317; x_wconf 86' lang='lat' dir='ltr'><strong>communiter,</strong></span> <span class='ocrx_word' id='word_1_440' title='bbox 3528 3200 3830 3266; x_wconf 61' lang='lat' dir='ltr'><strong>Responsio.</strong></span> 
     </span>
     <span class='ocr_line' id='line_1_74' title="bbox 1956 3347 3501 3440; baseline 0.005 -27"><span class='ocrx_word' id='word_1_441' title='bbox 1956 3347 2275 3414; x_wconf 84' lang='lat' dir='ltr'><strong>Adamum</strong></span> <span class='ocrx_word' id='word_1_442' title='bbox 2342 3362 2492 3416; x_wconf 89' lang='lat' dir='ltr'><strong>ante</strong></span> <span class='ocrx_word' id='word_1_443' title='bbox 2555 3349 2806 3438; x_wconf 91' lang='lat' dir='ltr'><strong>lapsum</strong></span> <span class='ocrx_word' id='word_1_444' title='bbox 2879 3353 3085 3421; x_wconf 88' lang='lat' dir='ltr'><strong>fuisse</strong></span> <span class='ocrx_word' id='word_1_445' title='bbox 3151 3353 3216 3418; x_wconf 91' lang='lat' dir='ltr'><strong>in</strong></span> <span class='ocrx_word' id='word_1_446' title='bbox 3290 3354 3501 3440; x_wconf 89' lang='lat' dir='ltr'><strong>gratia</strong></span> 
     </span>
     <span class='ocr_line' id='line_1_75' title="bbox 1954 3462 3503 3544; baseline 0.003 -14"><span class='ocrx_word' id='word_1_447' title='bbox 1954 3462 2444 3544; x_wconf 80' lang='lat' dir='ltr'><strong>sanctificante;</strong></span> <span class='ocrx_word' id='word_1_448' title='bbox 2506 3466 2563 3532; x_wconf 89' lang='lat' dir='ltr'><strong>si</strong></span> <span class='ocrx_word' id='word_1_449' title='bbox 2632 3479 2848 3534; x_wconf 90' lang='lat' dir='ltr'><strong>autem</strong></span> <span class='ocrx_word' id='word_1_450' title='bbox 2912 3489 3042 3534; x_wconf 90' lang='lat' dir='ltr'><strong>non</strong></span> <span class='ocrx_word' id='word_1_451' title='bbox 3094 3468 3214 3534; x_wconf 83' lang='lat' dir='ltr'><strong>fuit</strong></span> <span class='ocrx_word' id='word_1_452' title='bbox 3276 3468 3503 3535; x_wconf 88' lang='lat' dir='ltr'><strong>collata</strong></span> 
     </span>
     <span class='ocr_line' id='line_1_76' title="bbox 1953 3581 3503 3672; baseline 0.002 -25"><span class='ocrx_word' id='word_1_453' title='bbox 1953 3600 2098 3647; x_wconf 89' lang='lat' dir='ltr'><strong>cum</strong></span> <span class='ocrx_word' id='word_1_454' title='bbox 2144 3581 2423 3668; x_wconf 78' lang='lat' dir='ltr'><strong>Justitia,</strong></span> <span class='ocrx_word' id='word_1_455' title='bbox 2487 3581 2598 3649; x_wconf 92' lang='lat' dir='ltr'><strong>sed</strong></span> <span class='ocrx_word' id='word_1_456' title='bbox 2649 3606 2730 3651; x_wconf 85' lang='lat' dir='ltr'><strong>ex</strong></span> <span class='ocrx_word' id='word_1_457' title='bbox 2786 3582 3212 3671; x_wconf 84' lang='lat' dir='ltr'><strong>dispositione</strong></span> <span class='ocrx_word' id='word_1_458' title='bbox 3243 3584 3503 3672; x_wconf 88' lang='lat' dir='ltr'><strong>propria</strong></span> 
     </span>
     <span class='ocr_line' id='line_1_77' title="bbox 1955 3687 3504 3774; baseline 0.004 -22"><span class='ocrx_word' id='word_1_459' title='bbox 1955 3687 2077 3754; x_wconf 90' lang='lat' dir='ltr'><strong>fuit</strong></span> <span class='ocrx_word' id='word_1_460' title='bbox 2136 3689 2530 3774; x_wconf 88' lang='lat' dir='ltr'><strong>personalis,</strong></span> <span class='ocrx_word' id='word_1_461' title='bbox 2601 3703 2665 3758; x_wconf 87' lang='lat' dir='ltr'><strong>et</strong></span> <span class='ocrx_word' id='word_1_462' title='bbox 2747 3712 2875 3756; x_wconf 91' lang='lat' dir='ltr'><strong>non</strong></span> <span class='ocrx_word' id='word_1_463' title='bbox 2936 3691 3504 3759; x_wconf 76' lang='lat' dir='ltr'><strong>transfunderetur</strong></span> 
     </span>
     <span class='ocr_line' id='line_1_78' title="bbox 1953 3805 3803 3901; baseline 0.003 -30"><span class='ocrx_word' id='word_1_464' title='bbox 1953 3805 2019 3870; x_wconf 89' lang='lat' dir='ltr'><strong>in</strong></span> <span class='ocrx_word' id='word_1_465' title='bbox 2070 3819 2388 3891; x_wconf 84' lang='lat' dir='ltr'><strong>posteros,</strong></span> <span class='ocrx_word' id='word_1_466' title='bbox 2464 3808 2567 3874; x_wconf 90' lang='lat' dir='ltr'><strong>vel</strong></span> <span class='ocrx_word' id='word_1_467' title='bbox 2626 3808 2679 3874; x_wconf 92' lang='lat' dir='ltr'><strong>si</strong></span> <span class='ocrx_word' id='word_1_468' title='bbox 2731 3819 3029 3874; x_wconf 89' lang='lat' dir='ltr'><strong>teneatur</strong></span> <span class='ocrx_word' id='word_1_469' title='bbox 3105 3808 3301 3874; x_wconf 89' lang='lat' dir='ltr'><strong>etiam</strong></span> <span class='ocrx_word' id='word_1_470' title='bbox 3344 3830 3493 3875; x_wconf 92' lang='lat' dir='ltr'><strong>sen·</strong></span> <span class='ocrx_word' id='word_1_471' title='bbox 3571 3828 3803 3901; x_wconf 57' lang='lat' dir='ltr'><strong>Gratiam</strong></span> 
     </span>
     <span class='ocr_line' id='line_1_79' title="bbox 1952 3898 3805 4024; baseline 0.003 -35"><span class='ocrx_word' id='word_1_472' title='bbox 1952 3924 2152 3989; x_wconf 78' lang='lat' dir='ltr'><strong>tentia</strong></span> <span class='ocrx_word' id='word_1_473' title='bbox 2202 3944 2451 4002; x_wconf 85' lang='lat' dir='ltr'><strong>eorum,</strong></span> <span class='ocrx_word' id='word_1_474' title='bbox 2497 3924 2608 4011; x_wconf 89' lang='lat' dir='ltr'><strong>qui</strong></span> <span class='ocrx_word' id='word_1_475' title='bbox 2650 3924 2877 3990; x_wconf 89' lang='lat' dir='ltr'><strong>dicunt</strong></span> <span class='ocrx_word' id='word_1_476' title='bbox 2915 3925 3191 4010; x_wconf 89' lang='lat' dir='ltr'><strong>gratiam</strong></span> <span class='ocrx_word' id='word_1_477' title='bbox 3249 3926 3499 4012; x_wconf 88' lang='lat' dir='ltr'><strong>potuis·</strong></span> <span class='ocrx_word' id='word_1_478' title='bbox 3560 3898 3805 4024; x_wconf 59' lang='grc' dir='ltr'><strong>ρέἶξῖζξζ,</strong></span> 
     </span>
     <span class='ocr_line' id='line_1_80' title="bbox 1954 4030 3820 4129; baseline 0.001 -22"><span class='ocrx_word' id='word_1_479' title='bbox 1954 4061 2023 4107; x_wconf 89' lang='lat' dir='ltr'><strong>se</strong></span> <span class='ocrx_word' id='word_1_480' title='bbox 2053 4038 2261 4105; x_wconf 90' lang='lat' dir='ltr'><strong>amitti</strong></span> <span class='ocrx_word' id='word_1_481' title='bbox 2295 4039 2438 4105; x_wconf 87' lang='lat' dir='ltr'><strong>sine</strong></span> <span class='ocrx_word' id='word_1_482' title='bbox 2462 4040 2715 4128; x_wconf 90' lang='lat' dir='ltr'><strong>justitia</strong></span> <span class='ocrx_word' id='word_1_483' title='bbox 2745 4041 3076 4128; x_wconf 87' lang='lat' dir='ltr'><strong>originali,</strong></span> <span class='ocrx_word' id='word_1_484' title='bbox 3115 4054 3178 4107; x_wconf 86' lang='lat' dir='ltr'><strong>et</strong></span> <span class='ocrx_word' id='word_1_485' title='bbox 3218 4042 3314 4107; x_wconf 88' lang='lat' dir='ltr'><strong>sic</strong></span> <span class='ocrx_word' id='word_1_486' title='bbox 3345 4063 3496 4108; x_wconf 89' lang='lat' dir='ltr'><strong>con·</strong></span> <span class='ocrx_word' id='word_1_487' title='bbox 3553 4030 3820 4129; x_wconf 51' lang='lat' dir='ltr'><strong>amffiieone</strong></span> 
     </span>
     <span class='ocr_line' id='line_1_81' title="bbox 1952 4139 3812 4267; baseline 0.003 -45"><span class='ocrx_word' id='word_1_488' title='bbox 1952 4157 2183 4244; x_wconf 80' lang='lat' dir='ltr'><strong>tigisse</strong></span> <span class='ocrx_word' id='word_1_489' title='bbox 2215 4157 2279 4222; x_wconf 90' lang='lat' dir='ltr'><strong>in</strong></span> <span class='ocrx_word' id='word_1_490' title='bbox 2321 4160 2480 4237; x_wconf 87' lang='lat' dir='ltr'><strong>Eva,</strong></span> <span class='ocrx_word' id='word_1_491' title='bbox 2517 4178 2667 4247; x_wconf 85' lang='lat' dir='ltr'><strong>quae</strong></span> <span class='ocrx_word' id='word_1_492' title='bbox 2709 4159 3001 4245; x_wconf 89' lang='lat' dir='ltr'><strong>peccavit</strong></span> <span class='ocrx_word' id='word_1_493' title='bbox 3039 4171 3189 4224; x_wconf 92' lang='lat' dir='ltr'><strong>ante</strong></span> <span class='ocrx_word' id='word_1_494' title='bbox 3249 4159 3493 4241; x_wconf 89' lang='lat' dir='ltr'><strong>virum,</strong></span> <span class='ocrx_word' id='word_1_495' title='bbox 3527 4139 3812 4267; x_wconf 51' lang='lat'><strong>02:383}</strong></span> 
     </span>
     <span class='ocr_line' id='line_1_82' title="bbox 1954 4273 3502 4360; baseline 0.003 -21"><span class='ocrx_word' id='word_1_496' title='bbox 1954 4294 2167 4360; x_wconf 83' lang='lat' dir='ltr'><strong>neque</strong></span> <span class='ocrx_word' id='word_1_497' title='bbox 2205 4273 2428 4340; x_wconf 89' lang='lat' dir='ltr'><strong>amisit</strong></span> <span class='ocrx_word' id='word_1_498' title='bbox 2463 4274 2784 4359; x_wconf 89' lang='lat' dir='ltr'><strong>justitiam</strong></span> <span class='ocrx_word' id='word_1_499' title='bbox 2836 4274 3248 4360; x_wconf 91' lang='lat' dir='ltr'><strong>originalem,</strong></span> <span class='ocrx_word' id='word_1_500' title='bbox 3295 4274 3502 4343; x_wconf 91' lang='lat' dir='ltr'><strong>donec</strong></span> 
     </span>
     <span class='ocr_line' id='line_1_83' title="bbox 1955 4389 3500 4477; baseline 0.001 -21"><span class='ocrx_word' id='word_1_501' title='bbox 1955 4391 2155 4457; x_wconf 84' lang='lat' dir='ltr'><strong>Adam</strong></span> <span class='ocrx_word' id='word_1_502' title='bbox 2223 4389 2538 4475; x_wconf 89' lang='lat' dir='ltr'><strong>peccavit,</strong></span> <span class='ocrx_word' id='word_1_503' title='bbox 2603 4390 2791 4455; x_wconf 78' lang='lat' dir='ltr'><strong>facile</strong></span> <span class='ocrx_word' id='word_1_504' title='bbox 2865 4390 2989 4456; x_wconf 86' lang='lat' dir='ltr'><strong>erit</strong></span> <span class='ocrx_word' id='word_1_505' title='bbox 3085 4390 3500 4477; x_wconf 86' lang='lat' dir='ltr'><strong>distinguere</strong></span> 
     </span>
     <span class='ocr_line' id='line_1_84' title="bbox 1955 4504 3499 4593; baseline 0 -20"><span class='ocrx_word' id='word_1_506' title='bbox 1955 4504 2392 4593; x_wconf 89' lang='lat' dir='ltr'><strong>privationem</strong></span> <span class='ocrx_word' id='word_1_507' title='bbox 2428 4505 2709 4593; x_wconf 78' lang='lat' dir='ltr'><strong>justitiae</strong></span> <span class='ocrx_word' id='word_1_508' title='bbox 2776 4504 3118 4592; x_wconf 89' lang='lat' dir='ltr'><strong>originalis</strong></span> <span class='ocrx_word' id='word_1_509' title='bbox 3150 4526 3183 4571; x_wconf 89' lang='lat' dir='ltr'><strong>a</strong></span> <span class='ocrx_word' id='word_1_510' title='bbox 3236 4506 3499 4593; x_wconf 87' lang='lat' dir='ltr'><strong>privati·</strong></span> 
     </span>
     <span class='ocr_line' id='line_1_85' title="bbox 1956 4622 2393 4709; baseline -0.007 -20"><span class='ocrx_word' id='word_1_511' title='bbox 1956 4644 2080 4689; x_wconf 90' lang='lat' dir='ltr'><strong>one</strong></span> <span class='ocrx_word' id='word_1_512' title='bbox 2129 4622 2393 4709; x_wconf 84' lang='lat' dir='ltr'><strong>gratiae.</strong></span> 
     </span>
    </p>

    <p class='ocr_par' dir='ltr' id='par_1_57' title="bbox 2049 4736 3727 4825">
     <span class='ocr_line' id='line_1_86' title="bbox 2049 4736 3727 4825; baseline 0.004 -20"><span class='ocrx_word' id='word_1_513' title='bbox 2049 4737 2330 4805; x_wconf 89' lang='lat' dir='ltr'><strong>Dicendo</strong></span> <span class='ocrx_word' id='word_1_514' title='bbox 2390 4756 2544 4801; x_wconf 90' lang='lat' dir='ltr'><strong>vero</strong></span> <span class='ocrx_word' id='word_1_515' title='bbox 2589 4736 2910 4824; x_wconf 88' lang='lat' dir='ltr'><strong>justitiam</strong></span> <span class='ocrx_word' id='word_1_516' title='bbox 2962 4739 3376 4825; x_wconf 82' lang='lat' dir='ltr'><strong>originalem,</strong></span> <span class='ocrx_word' id='word_1_517' title='bbox 3433 4753 3500 4807; x_wconf 91' lang='lat' dir='ltr'><strong>ut</strong></span> <span class='ocrx_word' id='word_1_518' title='bbox 3642 4763 3727 4815; x_wconf 76' lang='lat'><strong>33.</strong></span> 
     </span>
    </p>
   </div>
   <div class='ocr_carea' id='block_1_10' title="bbox 1958 4830 3846 4944">
    <p class='ocr_par' dir='ltr' id='par_1_58' title="bbox 1958 4830 3846 4944">
     <span class='ocr_line' id='line_1_87' title="bbox 1958 4830 3846 4944; baseline 0.003 -23"><span class='ocrx_word' id='word_1_519' title='bbox 1958 4855 2157 4942; x_wconf 89' lang='lat' dir='ltr'><strong>aliqui</strong></span> <span class='ocrx_word' id='word_1_520' title='bbox 2209 4854 2401 4920; x_wconf 89' lang='lat' dir='ltr'><strong>etiam</strong></span> <span class='ocrx_word' id='word_1_521' title='bbox 2443 4852 2693 4934; x_wconf 90' lang='lat' dir='ltr'><strong>dicunt,</strong></span> <span class='ocrx_word' id='word_1_522' title='bbox 2755 4873 2883 4918; x_wconf 90' lang='lat' dir='ltr'><strong>non</strong></span> <span class='ocrx_word' id='word_1_523' title='bbox 2938 4853 3146 4920; x_wconf 88' lang='lat' dir='ltr'><strong>fuisse</strong></span> <span class='ocrx_word' id='word_1_524' title='bbox 3193 4855 3385 4921; x_wconf 88' lang='lat' dir='ltr'><strong>aliam</strong></span> <span class='ocrx_word' id='word_1_525' title='bbox 3421 4857 3501 4923; x_wconf 91' lang='lat' dir='ltr'><strong>ab</strong></span> <span class='ocrx_word' id='word_1_526' title='bbox 3528 4830 3846 4944; x_wconf 49' lang='grc' dir='ltr'><strong>ἓθῧξῖῗζῖζᾶ</strong></span> 
     </span>
    </p>
   </div>
   <div class='ocr_carea' id='block_1_11' title="bbox 1961 4956 3837 5525">
    <p class='ocr_par' dir='ltr' id='par_1_59' title="bbox 1961 4956 3837 5525">
     <span class='ocr_line' id='line_1_88' title="bbox 1961 4956 3837 5071; baseline 0.001 -35"><span class='ocrx_word' id='word_1_527' title='bbox 1961 4971 2101 5057; x_wconf 90' lang='lat' dir='ltr'><strong>ipsa</strong></span> <span class='ocrx_word' id='word_1_528' title='bbox 2141 4970 2347 5057; x_wconf 86' lang='lat' dir='ltr'><strong>gratia</strong></span> <span class='ocrx_word' id='word_1_529' title='bbox 2398 4967 2871 5048; x_wconf 82' lang='lat' dir='ltr'><strong>sanctificante,</strong></span> <span class='ocrx_word' id='word_1_530' title='bbox 2908 4970 3019 5055; x_wconf 87' lang='lat' dir='ltr'><strong>qui</strong></span> <span class='ocrx_word' id='word_1_531' title='bbox 3054 4990 3126 5035; x_wconf 88' lang='lat' dir='ltr'><strong>ex</strong></span> <span class='ocrx_word' id='word_1_532' title='bbox 3181 4971 3499 5038; x_wconf 90' lang='lat' dir='ltr'><strong>eminenti</strong></span> <span class='ocrx_word' id='word_1_533' title='bbox 3529 4956 3837 5071; x_wconf 50' lang='lat' dir='ltr'><strong>D‘f&#39;issss&#39;g&#39;ni.</strong></span> 
     </span>
     <span class='ocr_line' id='line_1_89' title="bbox 1961 5084 3504 5174; baseline 0.002 -22"><span class='ocrx_word' id='word_1_534' title='bbox 1961 5085 2238 5174; x_wconf 89' lang='lat' dir='ltr'><strong>quodam</strong></span> <span class='ocrx_word' id='word_1_535' title='bbox 2274 5084 2464 5151; x_wconf 89' lang='lat' dir='ltr'><strong>modo</strong></span> <span class='ocrx_word' id='word_1_536' title='bbox 2502 5087 2670 5173; x_wconf 83' lang='lat' dir='ltr'><strong>ejuS,</strong></span> <span class='ocrx_word' id='word_1_537' title='bbox 2709 5086 2770 5150; x_wconf 92' lang='lat' dir='ltr'><strong>in</strong></span> <span class='ocrx_word' id='word_1_538' title='bbox 2812 5084 2921 5152; x_wconf 91' lang='lat' dir='ltr'><strong>illo</strong></span> <span class='ocrx_word' id='word_1_539' title='bbox 2950 5095 3119 5152; x_wconf 90' lang='lat' dir='ltr'><strong>statu</strong></span> <span class='ocrx_word' id='word_1_540' title='bbox 3154 5086 3276 5153; x_wconf 89' lang='lat' dir='ltr'><strong>fuit</strong></span> <span class='ocrx_word' id='word_1_541' title='bbox 3304 5088 3504 5155; x_wconf 91' lang='lat' dir='ltr'><strong>colla·-</strong></span> 
     </span>
     <span class='ocr_line' id='line_1_90' title="bbox 1961 5200 3496 5290; baseline 0.002 -23"><span class='ocrx_word' id='word_1_542' title='bbox 1961 5214 2067 5269; x_wconf 89' lang='lat' dir='ltr'><strong>tus</strong></span> <span class='ocrx_word' id='word_1_543' title='bbox 2098 5201 2393 5279; x_wconf 82' lang='lat' dir='ltr'><strong>effectuS,</strong></span> <span class='ocrx_word' id='word_1_544' title='bbox 2422 5202 2532 5288; x_wconf 91' lang='lat' dir='ltr'><strong>qui</strong></span> <span class='ocrx_word' id='word_1_545' title='bbox 2565 5200 2802 5267; x_wconf 91' lang='lat' dir='ltr'><strong>dicitur</strong></span> <span class='ocrx_word' id='word_1_546' title='bbox 2840 5200 3097 5288; x_wconf 87' lang='lat' dir='ltr'><strong>justitia</strong></span> <span class='ocrx_word' id='word_1_547' title='bbox 3129 5202 3496 5290; x_wconf 81' lang='lat' dir='ltr'><strong>originaliS‚</strong></span> 
     </span>
     <span class='ocr_line' id='line_1_91' title="bbox 1961 5316 3496 5407; baseline 0.004 -22"><span class='ocrx_word' id='word_1_548' title='bbox 1961 5320 2039 5385; x_wconf 88' lang='lat' dir='ltr'><strong>ad</strong></span> <span class='ocrx_word' id='word_1_549' title='bbox 2082 5318 2251 5407; x_wconf 89' lang='lat' dir='ltr'><strong>quod</strong></span> <span class='ocrx_word' id='word_1_550' title='bbox 2294 5318 2459 5384; x_wconf 88' lang='lat' dir='ltr'><strong>forte</strong></span> <span class='ocrx_word' id='word_1_551' title='bbox 2504 5316 2736 5384; x_wconf 90' lang='lat' dir='ltr'><strong>alludit</strong></span> <span class='ocrx_word' id='word_1_552' title='bbox 2774 5321 2845 5382; x_wconf 88' lang='lat' dir='ltr'><strong>D.</strong></span> <span class='ocrx_word' id='word_1_553' title='bbox 2895 5318 3176 5385; x_wconf 88' lang='lat' dir='ltr'><strong>Thomas</strong></span> <span class='ocrx_word' id='word_1_554' title='bbox 3217 5324 3277 5386; x_wconf 83' lang='lat'><strong>1.</strong></span> <span class='ocrx_word' id='word_1_555' title='bbox 3312 5335 3496 5407; x_wconf 77' lang='lat' dir='ltr'><strong>part.</strong></span> 
     </span>
     <span class='ocr_line' id='line_1_92' title="bbox 1963 5432 3500 5525; baseline 0.003 -23"><span class='ocrx_word' id='word_1_556' title='bbox 1963 5445 2188 5523; x_wconf 80' lang='lat' dir='ltr'><strong>quoest.</strong></span> <span class='ocrx_word' id='word_1_557' title='bbox 2216 5438 2324 5502; x_wconf 79' lang='lat'><strong>97.</strong></span> <span class='ocrx_word' id='word_1_558' title='bbox 2370 5444 2502 5500; x_wconf 80' lang='lat' dir='ltr'><strong>art,</strong></span> <span class='ocrx_word' id='word_1_559' title='bbox 2559 5438 2619 5499; x_wconf 83' lang='lat'><strong>1.</strong></span> <span class='ocrx_word' id='word_1_560' title='bbox 2665 5432 2758 5499; x_wconf 86' lang='lat' dir='ltr'><strong>ad</strong></span> <span class='ocrx_word' id='word_1_561' title='bbox 2792 5439 2856 5502; x_wconf 84' lang='lat'><strong>3.</strong></span> <span class='ocrx_word' id='word_1_562' title='bbox 2891 5454 3192 5502; x_wconf 82' lang='lat' dir='ltr'><strong>asserens</strong></span> <span class='ocrx_word' id='word_1_563' title='bbox 3222 5439 3500 5525; x_wconf 84' lang='lat' dir='ltr'><strong>gratiam</strong></span> 
     </span>
    </p>
   </div>
   <div class='ocr_carea' id='block_1_12' title="bbox 1964 5549 3500 5644">
    <p class='ocr_par' dir='ltr' id='par_1_60' title="bbox 1964 5549 3500 5644">
     <span class='ocr_line' id='line_1_93' title="bbox 1964 5549 3500 5644; baseline 0.003 -23"><span class='ocrx_word' id='word_1_564' title='bbox 1964 5549 2334 5643; x_wconf 88' lang='lat' dir='ltr'><strong>recuperari</strong></span> <span class='ocrx_word' id='word_1_565' title='bbox 2370 5569 2484 5641; x_wconf 86' lang='lat' dir='ltr'><strong>pro</strong></span> <span class='ocrx_word' id='word_1_566' title='bbox 2517 5549 2637 5618; x_wconf 86' lang='lat' dir='ltr'><strong>hoc</strong></span> <span class='ocrx_word' id='word_1_567' title='bbox 2685 5561 2880 5631; x_wconf 87' lang='lat' dir='ltr'><strong>statu,</strong></span> <span class='ocrx_word' id='word_1_568' title='bbox 2940 5561 3253 5644; x_wconf 85' lang='lat' dir='ltr'><strong>quantum</strong></span> <span class='ocrx_word' id='word_1_569' title='bbox 3288 5554 3366 5625; x_wconf 86' lang='lat' dir='ltr'><strong>ad</strong></span> <span class='ocrx_word' id='word_1_570' title='bbox 3402 5576 3500 5626; x_wconf 85' lang='lat' dir='ltr'><strong>re-</strong></span> 
     </span>
    </p>
   </div>
  </div>
 </body>
</html>
