4255 6375
1425 407 1432 414 ’
1507 389 1708 454 Dls'r.
1757 388 1804 452 1.
1834 387 2196 465 QUAESTlo
2230 389 2275 451 1.
3448 389 3529 456 89

30 555 257 658 fflm
306 565 498 636 quae
531 551 893 632 creatur,
931 551 1159 644 prius
1191 549 1689 624 naturaliter
1738 549 1861 621 est
1980 568 2238 633 suam,
2286 548 2917 639 (accidentalem,
2973 549 3100 622 vel
3160 548 3525 622 substan-

56 685 88 718 ·
305 682 359 733 a
407 684 656 737 causa
696 665 1090 740 efficiente
1137 687 1376 760 quam
1429 667 1863 741 materiam
1979 664 2285 748 tialem,
2357 687 2515 737 non
2569 672 2828 756 curo.)
2894 668 3103 738 Nam
3176 668 3525 738 materia

30 738 234 847 Ϊιξῖῗέῗη
307 780 748 865 informet;
831 784 1098 858 forma
1167 785 1623 859 materialis
1705 805 1865 856 non
1977 784 2134 857 etsi
2203 784 2526 876 aliquod
2558 805 2698 856 ens
2734 786 2865 867 sit,
2914 789 3189 859 tamen
3241 783 3356 856 ita
3417 782 3528 855 in-

30 877 50 907 1
90 875 233 909 08⁵0.
1179 903 1192 916 .

310 906 595 995 potest
661 922 838 975 esse
914 903 1013 975 ab
1086 902 1362 995 aliqua
1450 906 1859 986 creatura,

309 1020 554 1112 prius
614 1020 1112 1095 naturaliter
1172 1039 1412 1111 quam
1473 1016 1864 1092 informet

309 1137 749 1213 materiam
837 1158 1094 1220 suam,
1195 1137 1322 1209 vel
1425 1136 1865 1230 potentiale

307 1277 594 1335 suum:
640 1274 864 1346 ergo,
916 1257 1069 1327 etc.
1152 1254 1540 1329 Probatio
1612 1253 1864 1347 majo-

305 1372 463 1454 riS‚
504 1372 692 1463 quia
745 1371 811 1443 si
856 1391 1015 1442 non
1062 1372 1288 1464 prius
1337 1371 1859 1454 naturaliter,

303 1508 520 1582 ergo
561 1509 723 1560 non
775 1489 1070 1581 accipit
1127 1509 1337 1561 essea
1370 1509 1640 1571 causa,
1707 1488 1864 1560 nisi

307 1605 464 1678 illa
507 1605 854 1686 actione,
893 1625 1050 1696 qua
1110 1605 1558 1698 subjectum
1617 1604 1865 1677 infor·

309 1727 626 1803 matur,
665 1723 795 1795 sed
836 1722 974 1794 illa
1007 1721 1485 1796 informatio
1527 1724 1650 1794 est
1705 1743 1864 1794 mu·

307 1839 530 1914 tatio
594 1840 929 1932 proprie
1021 1840 1259 1921 diota,
1347 1844 1428 1912 et
1507 1839 1623 1912 ita
1705 1860 1867 1912 non

308 1955 665 2029 creatio.
750 1956 1139 2028 Probatio
1201 1954 1570 2038 minoriS,
1643 1956 1867 2027 nulla

307 2077 714 2147 creatura
771 2074 1038 2166 potest
1107 2071 1393 2144 formae
1455 2071 1867 2145 materiali

309 2191 518 2262 dare
561 2213 695 2258 esse
734 2188 1196 2262 absolutum
1247 2188 1325 2260 in
1360 2210 1469 2271 se,
1526 2188 1677 2262 hoc
1711 2193 1863 2272 est,

308 2308 630 2399 absque
689 2307 837 2380 boc
891 2306 1094 2399 quod
1169 2306 1560 2380 informet
1632 2327 1867 2378 suum

313 2422 803 2515 potentiale,
859 2423 1046 2514 quia
1084 2421 1153 2493 si
1197 2428 1474 2514 posset
1520 2422 1634 2495 sic
1676 2424 1869 2496 dare

307 2564 479 2623 esse,
522 2545 797 2632 posset
846 2544 926 2614 et
979 2539 1169 2612 illud
1224 2559 1744 2625 conservare,
1782 2545 1869 2615 ut

312 2658 673 2731 realiter
699 2657 1006 2731 virtute
1066 2660 1467 2730 creaturae
1504 2664 1871 2732 maneret

315 2777 408 2847 in
488 2774 764 2866 aliqua
843 2774 1273 2847 duratione
1341 2773 1532 2847 talis
1602 2773 1871 2847 forma

314 2895 503 2967 sine
538 2893 911 2967 materia.
951 2893 1335 2964 Formam
1395 2898 1668 2966 autem
1712 2914 1874 2965 ma-

312 3009 710 3085 terialem
751 3010 927 3083 dico
1005 3030 1183 3083 esse
1238 3029 1555 3082 omnem
1618 3010 1868 3092 illam,

317 3149 507 3223 quae
557 3149 657 3201 ex
708 3132 1009 3202 natura
1051 3148 1197 3200 sua
1238 3126 1704 3201 necessario
1759 3128 1874 3201 in-

316 3245 690 3320 clinatur
747 3244 1245 3318 naturaliter
1303 3249 1393 3318 ut
1461 3244 1568 3317 sit
1644 3248 1875 3318 actus

321 3361 728 3444 materiae,
829 3362 996 3434 sive
1094 3361 1200 3435 sit
1283 3361 1870 3446 substantialiS,

319 3476 502 3548 sive
553 3476 1103 3551 accidentalis,

419 3593 700 3667 Tertia
760 3593 1176 3667 conclusio
1239 3597 1332 3684 (z)
1380 3598 1498 3668 est
1556 3619 1572 3665 :
1631 3594 1876 3666 Nulla

30 3723 208 3772 onvlus·
237 3721 285 3771 3-
322 3711 604 3784 forma
648 3710 1104 3784 materialis
1141 3715 1409 3803 potest
1450 3732 1629 3784 esse
1667 3711 1880 3803 prin-

319 3828 636 3921 cipium
670 3828 993 3900 creandi
1030 3827 1355 3919 aliquid,
1386 3850 1560 3920 quae
1597 3829 1878 3921 proba-

321 3950 494 4031 tur,
550 3945 738 4036 quia
772 3945 982 4018 sicut
1015 3944 1094 4016 in
1138 3947 1472 4018 essendo
1526 3966 1882 4040 praesup-

324 4065 561 4159 ponit
598 4061 1032 4138 materiam
1094 4063 1172 4134 in
1245 4082 1398 4155 qua
1450 4063 1580 4145 sit,
1629 4062 1744 4138 ita
1798 4065 1879 4136 in

323 4182 641 4275 agendo
698 4180 1258 4274 praesupponit
1312 4181 1745 4254 materiam
1799 4182 1878 4255 in

325 4320 579 4394 quam
684 4304 902 4390 agat,
1021 4298 1384 4390 alioquin
1483 4300 1878 4373 terminus

323 4417 684 4493 actionis
771 4416 948 4510 ejus
1036 4420 1253 4489 esset
1329 4416 1879 4492 absolutiora

327 4533 689 4607 materia
722 4553 963 4624 quam
1013 4532 1191 4626 ipsa
1234 4531 1535 4605 forma.

421 4652 543 4721 Ex
595 4648 720 4720 his
781 4647 1295 4722 concluditur
1363 4650 1877 4742 propositum

326 4765 451 4839 sic
515 4793 529 4836 :
589 4765 882 4837 Nullus
944 4766 1296 4856 Angelus
1351 4770 1617 4858 potest
1698 4770 1877 4840 sub-

323 4883 726 4959 stantiam
804 4903 1089 4956 creare
1170 4888 1291 4974 (ex
1375 4885 1693 4977 prima),
1734 4905 1878 4960 nec

321 5000 700 5074 accidens
732 4999 1050 5093 aliquod
1088 5002 1212 5089 (ex
1249 5000 1645 5092 secunda),
1690 5003 1879 5094 quia

321 5117 701 5193 accidens
753 5137 797 5188 a
831 5122 1214 5191 creatura
1245 5119 1516 5192 creari
1548 5141 1705 5192 non
1750 5142 1877 5214 po-

322 5240 526 5318 test;
608 5254 808 5325 ergo
908 5235 1262 5326 Angelus
1350 5256 1509 5309 non
1609 5241 1878 5331 potest

321 5371 647 5433 creare,
710 5371 853 5423 nec
906 5353 1358 5425 substantia
1424 5354 1877 5428 materialis

328 5471 606 5563 potest
691 5467 990 5560 aliquid
1077 5489 1386 5550 creare,
1464 5471 1652 5562 quia
1718 5492 1878 5544 non

328 5599 612 5690 potest
705 5614 951 5687 agere
1041 5596 1197 5668 nisi
1292 5616 1435 5689 per
1522 5594 1876 5672 formam

1976 900 2256 973 fimum
2289 905 2437 981 est,
2466 903 2671 994 quod
2695 923 2856 975 non
2879 904 3001 975 est
3039 900 3531 995 principium

1978 1017 2327 1112 alicujus
2369 1019 2719 1093 actionis
2763 1020 3281 1111 productivae.
3337 1022 3533 1092 For-

1982 1156 2111 1207 ma
2179 1140 2451 1210 autem
2513 1136 2968 1210 materialis
3039 1157 3200 1209 non
3262 1141 3532 1230 potest

1979 1254 2282 1346 aliquid
2351 1274 2662 1336 creare,
2735 1276 2880 1328 nec
2950 1275 3097 1348 per
3157 1255 3530 1329 accidens

1980 1370 2304 1463 aliquod
2406 1375 2678 1464 potest
2771 1392 2949 1443 esse
3037 1371 3529 1464 principium

1979 1488 2308 1562 creandi
2341 1488 2667 1581 aliquid,
2726 1511 2822 1561 ex
2884 1489 3133 1563 tertia
3211 1489 3530 1562 conclu-

1981 1605 2250 1687 sione;
2305 1623 2506 1695 ergo
2570 1604 3027 1679 substantia
3072 1604 3529 1679 materialis

1978 1721 2181 1795 nihil
2238 1726 2502 1815 potest
2545 1742 2857 1806 creare,
2929 1742 3130 1814 ergo
3201 1744 3347 1796 nec
3392 1723 3532 1795 im-

1981 1838 2465 1920 materialis,
2503 1859 2647 1913 nec
2683 1840 3032 1913 materia
3065 1844 3337 1932 potest
3387 1840 3532 1914 ali-

1983 1957 2168 2049 quid
2199 1976 2510 2040 creare,
2589 1977 2734 2029 nec
2785 1957 3155 2030 accidens
3209 1957 3533 2050 aliquod

1981 2076 2252 2167 potest
2283 2094 2463 2146 esse
2498 2072 2992 2166 principium
3043 2072 3395 2158 creandi,
3444 2077 3533 2147 ut

1981 2191 2286 2265 dictum
2320 2194 2444 2264 est
2479 2212 2577 2263 ex
2617 2190 2890 2265 tertia.

2073 2309 2351 2380 Potest
2414 2309 2666 2382 etiam
2710 2306 3185 2400 specialiter
3253 2309 3539 2401 proba-

1986 2425 2082 2507 ri,
2114 2424 2304 2516 quia
2360 2424 2821 2498 substantia
2861 2425 3319 2498 materialis
3376 2445 3539 2497 non

1985 2546 2255 2635 potest
2289 2542 2731 2634 producere
2779 2540 3241 2623 materiam,
3280 2544 3358 2614 et
3394 2563 3540 2635 per

1984 2678 2483 2751 consequens
2505 2678 2649 2731 nec
2673 2661 2933 2731 totum
2957 2656 3332 2731 effectum
3358 2678 3539 2750 pro-

1984 2775 2300 2858 ducere,
2372 2774 2595 2847 nullo
2666 2774 3291 2867 praesupposito.
3364 2774 3538 2848 Hoc

1989 2891 2389 2983 probatur
2431 2890 2581 2964 sic:
2623 2891 2811 2983 quia
2880 2890 3187 2984 quando
3267 2890 3541 2983 aliqua

1987 3008 2423 3080 secundum
2495 3012 2757 3082 totum
2793 3025 3046 3097 genus
3109 3025 3342 3078 suum
3407 3005 3538 3079 ha-

1985 3123 2175 3199 bent
2206 3123 2559 3218 aliquem
2596 3123 2957 3198 ordinem
2994 3125 3089 3197 ad
3162 3123 3533 3208 invicem,

1991 3244 2395 3336 quodlibet
2423 3243 2658 3314 unius
2683 3241 2921 3315 habet
2950 3241 3302 3314 similem
3338 3242 3540 3315 ordi-

1989 3381 2173 3433 nem
2233 3362 2328 3433 ad
2379 3360 2783 3452 quodlibet
2844 3359 3214 3434 alterius.
3252 3362 3541 3433 Exem-

1992 3478 2241 3570 plum,
2280 3476 2347 3548 si
2408 3475 2685 3548 albedo
2766 3476 3196 3549 secundum
3274 3479 3537 3550 totam

1993 3593 2344 3686 speciem
2428 3593 2533 3666 sit
2624 3593 2857 3685 prior
2922 3593 3366 3684 nigredine,
3462 3597 3544 3667 et

1993 3709 2370 3801 quaelibet
2459 3708 2847 3799 qualibet;
2948 3709 3082 3781 sed
3160 3709 3537 3802 quaelibet

1994 3823 2264 3898 forma
2289 3824 2742 3898 materialis
2777 3828 3211 3899 secundum
3273 3829 3539 3900 totum

1995 3961 2248 4033 genus
2292 3961 2552 4023 suum,
2606 3943 2729 4013 est
2758 3942 3177 4034 posterior
3218 3941 3538 4034 origine

1994 4062 2174 4133 tota
2244 4058 2591 4131 materia
2633 4078 2779 4130 sua
2843 4060 3544 4151 receptiva;ergo

1996 4176 2370 4268 quaelibet
2413 4175 2604 4248 talis
2654 4174 2925 4247 forma
2971 4178 3092 4247 est
3129 4176 3548 4269 posterior

1994 4294 2088 4365 ad
2114 4292 2553 4385 quamlibet
2603 4291 3080 4373 materiam3
3117 4293 3250 4364 sed
3288 4297 3548 4384 poste-

1997 4410 2169 4481 rius
2224 4408 2543 4500 origine
2584 4410 2713 4481 vel
2759 4409 3312 4501 generatione,
3384 4429 3545 4482 non

1993 4530 2116 4598 est
2206 4524 2699 4618 principium
2772 4525 3256 4615 producendi
3313 4525 3547 4598 modo

1994 4644 2133 4717 illo
2174 4642 2398 4736 prius
2436 4669 2450 4725 ;
2485 4661 2682 4734 ergo
2742 4642 3010 4714 forma
3070 4642 3553 4717 substantia·

1991 4762 2093 4835 lis
2153 4781 2311 4832 non
2355 4761 2622 4852 potest
2695 4780 2981 4832 creare
3079 4761 3540 4834 materiam.

1994 4878 2551 4953 Confirmatur
2582 4875 2819 4958 istud,
2858 4874 3046 4967 quia
3080 4875 3348 4948 forma
3383 4897 3541 4948 ma-

1993 4994 2313 5070 terialis
2363 4993 2746 5085 dependet
2797 4991 2877 5064 in
2927 4992 3260 5066 essendo
3292 5013 3341 5066 a
3384 5014 3543 5066 ma-

1995 5113 2238 5195 teria;
2292 5130 2491 5202 ergo
2560 5110 2640 5181 in
2706 5112 3010 5202 agendo
3051 5130 3211 5182 non
3279 5114 3546 5203 potest

1992 5251 2171 5303 esse
2204 5226 2698 5321 principium
2733 5226 3217 5318 producendi
3251 5227 3551 5319 aliquid

1992 5345 2353 5438 ejusdem
2449 5342 2800 5417 rationis
2885 5363 3069 5417 cum
3161 5344 3547 5427 materia;

1991 5471 2314 5545 videtur
2345 5469 2559 5542 enim
2600 5469 3168 5561 repugnantia,
3234 5470 3439 5562 quod
3471 5471 3553 5544 in

1993 5597 2299 5687 agendo
2347 5615 2491 5688 per
2524 5616 2607 5667 se
2646 5596 3080 5688 dependeat
3111 5596 3211 5670 ab
3279 5596 3552 5689 aliquo
