4255 6375
1503 400 1677 466 018'1·
1721 400 1762 463 1.
1814 396 2179 477 QuAEsno
2212 397 2259 461 1.
3449 405 3530 470 95

277 569 455 644 test
506 568 734 642 totus
792 568 872 640 et
915 563 1289 640 totaliter
1337 560 1695 655 produci,
1732 559 1850 632 ni-

285 685 360 756 si
413 705 462 757 a
513 703 900 778 supremo
935 679 1446 774 simpliciter.
1508 678 1621 751 Ad
1667 697 1852 771 pro-

285 798 711 872 bationem
765 798 1111 892 majoris
1165 797 1368 878 dico,
1440 794 1644 887 quod
1694 811 1854 864 non

289 915 737 987 secundum
802 919 1059 988 totam
1113 910 1561 1006 potentiam
1624 927 1856 981 suam

293 1031 713 1123 producit;
751 1051 913 1104 non
956 1030 1171 1103 enim
1224 1031 1551 1120 oportet
1608 1045 1855 1117 agens

293 1148 741 1220 secundum
811 1150 1069 1222 totam
1155 1146 1549 1218 virtutem
1627 1161 1858 1214 suam

295 1265 779 1356 producere,
828 1267 1217 1357 quantum
1261 1266 1539 1357 posset
1582 1278 1858 1331 secun·

289 1381 488 1453 dum
541 1380 770 1454 illam
839 1381 1306 1474 producere,
1368 1376 1678 1470 quando
1737 1376 1861 1445 est

290 1517 552 1590 agens
595 1497 870 1579 libere,
906 1517 1069 1569 non
1104 1498 1592 1569 necessitate
1637 1494 1861 1564 natu-

300 1636 444 1687 rae.
505 1617 607 1691 Et
660 1636 844 1688 cum
896 1614 1243 1687 ulterius
1293 1613 1618 1692 dicitur,
1675 1612 1863 1681 tunc

297 1730 761 1822 perfectior
812 1730 1148 1804 effectus
1189 1748 1351 1800 non
1395 1724 1865 1831 manifesta-

306 1853 439 1920 ret
485 1845 883 1941 majorem
947 1844 1526 1939 perfectionem
1571 1860 1861 1921 causae,

30 1927 242 2060 3133ᾞο
301 1962 690 2039 concedo,
740 1963 943 2053 quod
997 1961 1481 2053 quicumque
1530 1956 1867 2029 effectus

30 2053 243 2179 ³22⁸}ssoe
307 2078 760 2170 productus
796 2080 1017 2149 totus
1058 2084 1139 2149 et
1174 2073 1570 2154 totaliter,
1622 2068 1869 2143 mani-

30 2176 242 2289 ?ffffig,
303 2190 565 2266 festat
614 2191 1009 2283 aequalem
1054 2188 1501 2284 potentiam
1553 2206 1863 2267 causae;

305 2308 449 2381 sed
508 2306 840 2380 effectus
893 2306 1339 2399 perfectior
1380 2301 1866 2375 eminentius

305 2425 815 2499 manifestat.
875 2424 1380 2515 Exemplum,
1451 2420 1519 2493 si
1581 2420 1679 2492 ab
1738 2439 1869 2492 eo-

301 2543 490 2615 dem
574 2542 973 2637 principio
1032 2540 1512 2613 descendant
1595 2536 1871 2611 multae

304 2658 885 2730 conclusiones
939 2656 1357 2734 ordinatae,
1432 2657 1608 2727 tota
1666 2651 1874 2724 veri-

305 2777 445 2845 tas
509 2773 888 2866 principii
967 2791 1211 2846 causa
1299 2773 1422 2843 est
1489 2768 1872 2843 veritatis

306 2890 868 2963 conclusionis
930 2888 1386 2982 cujuslibet,
1451 2890 1532 2960 et
1599 2890 1874 2959 tamen

309 3028 475 3079 una
548 3007 879 3079 illarum
936 3011 1061 3079 est
1129 3004 1395 3077 altera
1461 3003 1745 3074 verior
1793 3007 1875 3077 et

306 3123 808 3199 eminentius
890 3121 1362 3197 manifestat
1436 3119 1875 3194 veritatem

315 3240 733 3334 principii.

85 3365 191 3477 ἓξὲξ
404 3359 521 3431 Ad
571 3356 785 3430 aliud
829 3357 920 3428 de
969 3357 1382 3434 annihilare,
1437 3352 1611 3425 dico
1670 3352 1875 3443 quod

30 3431 266 3561 nsshssfire
316 3474 576 3548 solius
609 3473 756 3547 Dei
796 3477 921 3545 est
965 3468 1448 3550 annihilare,
1512 3467 1698 3559 quia
1739 3487 1877 3538 an·

30 3560 245 3678 ιι-ἒῖῗιῗὲξ,
313 3590 672 3662 nihilare
703 3608 862 3661 non
891 3588 1018 3660 est
1050 3603 1294 3677 agere
1333 3581 1701 3677 positive,
1742 3581 1875 3653 sed

52 3683 224 3803 ‹1¹13ss
315 3729 481 3780 non
515 3726 786 3799 agere,
826 3704 899 3778 id
938 3706 1088 3782 est,
1132 3720 1292 3773 non
1333 3717 1869 3778 conservare;

317 3824 579 3898 solius
635 3827 908 3894 autem
981 3817 1122 3892 Dei
1188 3821 1313 3890 est
1381 3833 1876 3888 conservare

316 3944 586 4016 totam
649 3940 1123 4011 creaturam
1220 3937 1299 4006 et
1386 3928 1762 4004 totaliter
1793 3932 1875 4003 et

308 4056 701 4138 breviter,
778 4053 988 4125 sicut
1049 4048 1422 4145 quaelibet
1488 4049 1874 4120 creatura

311 4171 669 4265 requirit
724 4187 1057 4242 causam
1117 4167 1746 4239 concausantem
1789 4159 1868 4230 in

304 4292 489 4374 fieri,
572 4287 886 4359 scilicet
961 4280 1443 4377 principium
1530 4277 1872 4371 potenti-

308 4406 465 4485 ale,
516 4405 629 4478 ita
701 4422 946 4495 super
992 4399 1185 4472 illud
1234 4416 1394 4470 non
1442 4398 1713 4488 potest
1752 4395 1877 4466 de—

311 4522 729 4605 struendo,
773 4520 985 4592 sicut
1025 4538 1168 4589 nec
1217 4511 1748 4608 producendo,
1794 4514 1873 4584 et

315 4660 468 4734 per
506 4655 1008 4728 consequens
1057 4629 1525 4705 necessario
1572 4626 1874 4718 aliquid

315 4754 739 4846 relinquit,
773 4750 981 4824 sicut
1016 4743 1485 4821 necessario
1525 4763 1876 4837 praesup-

318 4869 578 4964 ponit.
615 4869 836 4943 Sicut
868 4868 1141 4938 autem
1173 4861 1482 4938 creatio
1546 4857 1875 4953 proprie

315 4988 537 5063 dicta
567 4991 694 5060 est
729 4983 1150 5077 productio
1173 4982 1266 5054 de
1296 4977 1578 5060 nihilo,
1618 4976 1690 5049 id
1721 4979 1871 5057 est,

317 5125 484 5178 non
533 5105 625 5176 de
665 5101 965 5193 aliquo,
1003 5098 1206 5193 quod
1240 5096 1346 5169 sit
1395 5114 1584 5188 pars
1631 5091 1876 5186 primi

319 5220 723 5318 producti,
776 5225 858 5292 et
899 5214 1401 5308 receptivum
1436 5212 1723 5285 formae
1765 5209 1876 5282 in·

317 5342 606 5419 ductae,
670 5336 788 5410 ita
845 5330 1330 5407 annihilatio
1393 5334 1515 5403 est
1565 5330 1876 5403 destru-

317 5458 485 5533 ctio
530 5456 610 5528 in
644 5452 872 5534 nihil,
910 5456 1257 5542 utroque
1300 5449 1560 5520 modo.

320 5606 328 5623 ·
383 5575 528 5650 ,Λᾶ
569 5568 1138 5666 probationem
1191 5566 1544 5659 primam
1582 5562 1675 5636 de
1715 5559 1878 5634 for-

59 2316 168 2349 nflm

30 2379 203 2413 (2118ae-

1955 579 2087 631 ma
2164 559 2550 642 naturali,
2617 563 2839 654 patet
2908 565 3065 634 dist.
3132 567 3195 637 1.
3255 567 3323 635 9.
3390 568 3507 636 lib.

1956 676 2146 767 quia
2205 676 2392 752 licet
2430 678 2654 751 nulla
2690 699 2881 773 pars
2917 678 3207 754 formae
3244 702 3510 755 mane·

1961 796 2070 875 at,
2147 797 2418 868 manet
2486 797 2760 868 tamen
2837 797 3142 891 aliquid
3218 799 3508 871 formae

1961 909 2488 1002 receptivum.
2526 912 2732 1004 quod
2767 911 2919 988 fuit
2955 914 3258 1007 aliquid
3293 937 3509 990 com-

1961 1027 2235 1118 positi.
2309 1027 2424 1099 Ad
2484 1026 2711 1101 illam
2785 1031 3356 1123 probationem
3415 1033 3507 1105 de

1957 1142 2428 1226 virtutibuS‚
2487 1146 2957 1238 respondeo,
3016 1148 3225 1239 quod
3284 1148 3507 1221 nulla
3567 1128 3789 1243 -issgffiss

1958 1259 2227 1333 virtus
2272 1260 2540 1333 infusa
2605 1266 2876 1355 potest
2940 1265 3362 1358 corrumpi
3423 1267 3508 1338 in
3538 1254 3850 1368 (Ῑζᾞξζξξξαῖθ

1961 1375 2192 1449 nobis
2232 1397 2374 1469 per
2405 1379 2757 1471 aliquem
2793 1385 3067 1454 actum
3100 1385 3503 1463 nostrum,
3591 1385 3794 1495 ffifflg

1966 1492 2194 1583 quasi
2266 1514 2410 1586 per
2467 1499 2851 1569 naturam
2909 1497 3505 1590 repugnantiae,
3796 1479 3813 1495 ’

1967 1609 2100 1680 sed
2161 1609 2427 1682 solum
2487 1632 2630 1704 per
2680 1632 3011 1685 causam
3078 1615 3515 1689 demerito-

1971 1724 2216 1809 riam;
2268 1727 2544 1799 anima
2609 1727 2828 1800 enim
2883 1750 3225 1823 peccans
3257 1731 3518 1803 deme-

1969 1843 2229 1923 retur,
2268 1841 2474 1932 quod
2522 1843 2796 1933 gratia
2864 1864 3027 1916 non
3095 1866 3520 1919 conserve-

1971 1960 2109 2027 tur
2151 1956 2232 2028 in
2264 1977 2384 2037 ea,
2420 1962 2499 2031 et
2534 1959 2649 2031 sic
2692 1959 2774 2030 in
2826 1962 3173 2034 secundo
3219 1961 3521 2035 instan-

1971 2072 2034 2147 ti
2076 2075 2420 2154 naturae,
2462 2078 2802 2168 propter
2835 2076 2999 2150 tale
3032 2078 3519 2151 demeritum

1973 2189 2205 2278 quasi
2239 2191 2723 2283 praecedens,
2761 2195 2975 2266 Deus
3008 2215 3168 2267 non
3205 2217 3528 2269 conser-

1970 2308 2111 2378 vat
2153 2306 2536 2396 gratiam,
2572 2311 2650 2381 et
2687 2308 2802 2381 sic
2855 2310 3389 2386 annihilatur.

2056 2421 2169 2493 Ad
2219 2421 2741 2513 probationes
2794 2424 2978 2499 illas
3020 2428 3112 2500 de
3154 2428 3527 2503 amicitia
3669 2452 3773 2502 1³01·

1971 2540 2053 2610 et
2092 2536 2550 2619 inimicitia,
2590 2539 2792 2625 dico,
2839 2541 3046 2633 quod
3080 2563 3221 2635 per
3252 2563 3527 2635 pecca·
3583 2521 3848 2627 poessssssum

1970 2654 2149 2724 tum
2184 2673 2340 2725 non
2371 2657 2494 2726 est
2533 2654 2834 2749 aliquis
2869 2657 3338 2733 formaliter
3373 2661 3528 2734 ini·
3603 2640 3841 2754 ffffifflf,

1976 2774 2260 2857 micus,
2307 2777 2441 2849 sed
2492 2781 3051 2854 tantummodo
3100 2783 3531 2858 demerito·
3564 2766 3867 2817 smmum·

1979 2890 2121 2963 rie.
2178 2891 2578 2966 Similiter
2618 2895 2714 2967 ad
2768 2896 2951 2969 illas
3006 2899 3531 2990 probationes

1974 3007 2064 3080 de
2106 3007 2252 3082 fide
2312 3013 2392 3083 et
2444 3030 2610 3102 spe,
2673 3013 2875 3097 dico,
2923 3016 3128 3107 quod
3196 3017 3387 3090 fides
3446 3022 3528 3093 et

1977 3143 2161 3215 spes
2240 3120 2531 3198 infusae
2637 3147 2797 3200 non
2879 3138 3533 3225 corrumpuntur

1978 3256 2123 3329 per
2163 3242 2439 3311 actum
2492 3240 2990 3317 infidelitatis
3032 3248 3113 3317 et
3162 3247 3533 3340 despera·

1973 3353 2249 3435 tionis,
2288 3354 2444 3427 nisi
2474 3357 3028 3432 demeritorie.
3080 3363 3180 3436 Et
3214 3363 3283 3436 si
3324 3365 3530 3439 velis

1975 3469 2269 3542 habere
2321 3471 2621 3565 aliquid
2681 3477 2888 3566 quod
2937 3484 3532 3573 corrumpatur

1979 3598 2122 3670 per
2159 3580 2360 3651 istos
2396 3584 3041 3677 actustanquam
3069 3608 3529 3680 repugnans

1978 3695 2467 3777 formaliter,
2539 3698 2742 3784 dioc,
2817 3702 3024 3793 quod
3104 3702 3298 3779 illud
3364 3727 3525 3780 non

1977 3814 2102 3881 est
2151 3809 2312 3881 nisi
2358 3811 2549 3883 fides
2589 3820 2671 3887 et
2721 3835 2903 3906 spes
2946 3818 3394 3909 acquisitae,
3452 3823 3531 3894 et

1976 3923 2172 3996 bene
2242 3927 2625 4018 possibile
2682 3934 2809 4006 est
2882 3953 3026 4025 per
3089 3939 3318 4009 actus
3390 3959 3530 4011 no-

1977 4045 2199 4114 stros
2276 4042 2540 4119 induci
2644 4047 2943 4140 aliquid
3070 4072 3531 4145 repugnans

1976 4153 2444 4232 formaliter
2524 4160 2688 4235 illis
2777 4162 3182 4241 habitibus
3255 4171 3533 4263 acqui-

1978 4272 2195 4347 sitis,

2062 4393 2177 4466 Ad
2221 4392 2620 4478 ultimum,
2667 4416 2848 4469 cum
2888 4398 3189 4473 dicitur
3231 4401 3313 4473 in
3357 4403 3523 4475 vir·
3677 4463 3739 4513 34

1974 4510 2172 4591 tute,
2244 4514 2394 4583 etc.
2486 4512 2600 4584 Ad
2685 4512 3192 4588 intellectum
3282 4517 3524 4611 hujus
3640 4523 3722 4575 Ad
3745 4498 3794 4578 '7-

1968 4622 2197 4696 verbi
2235 4629 2318 4698 et
2370 4625 2701 4698 illorum
2737 4649 2910 4719 quae
2943 4629 3159 4704 dicta
3212 4637 3399 4707 sunt
3441 4636 3533 4710 de

1970 4741 2544 4826 instrumento,
2646 4743 3259 4837 intelligendum
3376 4757 3526 4836 est,

1975 4860 2182 4948 quod
2212 4859 2411 4932 nihil
2447 4864 2713 4954 potest
2749 4884 2995 4956 agere
3031 4867 3111 4940 in
3146 4889 3530 4961 quocum·

1975 4995 2126 5069 que
2162 4976 2439 5050 ordine
2469 4978 2781 5070 agendi,
2817 4980 2974 5054 nisi
3014 4985 3351 5077 propria
3379 4987 3536 5059 vir-

1975 5093 2171 5163 tute.
2212 5093 2435 5166 Sicut
2475 5093 2691 5166 enim
2741 5095 3047 5169 dictum
3121 5101 3244 5173 est
3293 5123 3522 5190 supra,
3585 5117 3880 5184 Responde·

1977 5209 2183 5294 quod
2231 5209 2390 5281 nisi
2422 5209 2713 5283 habeat
2755 5209 3111 5285 formam
3168 5216 3525 5292 activam
3664 5186 3769 5231 ω’

1974 5329 2055 5397 et
2088 5325 2650 5410 intrinsecam,
2687 5347 2849 5400 non
2893 5335 3162 5422 potest
3198 5334 3527 5409 omnino

1974 5458 2248 5531 agere,
2302 5441 2420 5514 ita
2478 5441 2729 5515 etiam
2788 5443 2946 5516 nisi
2995 5445 3291 5525 habeat
3345 5470 3527 5543 pro-

1976 5556 2246 5648 priam
2284 5559 2681 5632 virtutem
2729 5559 3287 5651 intrinsecam,
3342 5569 3530 5660 quia

3587 1067 3833 1120 Virtuteis
