4255 6375
1421 431 1618 495 Dis'r.
1665 430 1766 493 Ν.
1813 429 2173 505 QUAESTIO
2223 434 2294 496 11.

127 595 192 645 tia
255 596 523 676 quidam
582 598 889 662 dicuntur
945 601 1305 661 asseruisse
1362 613 1494 660 non
1552 593 1807 657 infundi

123 663 228 709 dana

125 739 184 771 m.

123 1598 200 1645 isio

123 1662 190 1711 is.

122 2165 180 2198 am

121 2279 199 2324 dis.

121 2886 132 2918 ἰ

121 2948 199 2984 ll'a.

118 3091 132 3122 t

120 3148 204 3189 Dus.

120 3652 234 3690 ileu.

120 3707 197 3749 Ost.

120 4552 226 4620 tant.

122 4626 229 4661 ¹nan.

252 714 554 792 gratiam,
604 720 716 776 aut
743 717 1011 778 virtutes
1041 715 1352 793 parvulis„
1389 713 1542 793 quia
1590 712 1808 773 nullus

257 837 477 908 potest
533 834 597 894 in
657 834 751 921 eis
810 849 960 895 esse
1002 850 1163 895 usus
1217 834 1529 910 ipsarum,
1592 830 1806 890 donec

251 950 679 1026 pervenerint
709 950 793 1010 ad
824 955 1079 1012 aetatem
1110 949 1424 1020 adultam,
1459 952 1805 1025 peccatum

248 1081 403 1126 vero
435 1066 681 1126 remitti
726 1080 844 1141 per
888 1067 1312 1141 Baptismum.
1349 1065 1498 1124 llaec
1527 1066 1800 1124 senten-

249 1184 332 1243 tia
399 1183 715 1244 toleratur
787 1182 1018 1243 inillis
1076 1182 1383 1251 decretis,
1455 1182 1604 1259 quia
1670 1193 1802 1240 non

249 1298 773 1373 condemnatum
809 1303 875 1360 et
913 1298 1039 1359 huc
1101 1299 1306 1375 magis
1350 1299 1605 1373 spectat
1662 1309 1804 1354 sco·

252 1430 368 1490 pus
412 1415 713 1475 Doctoris
784 1414 852 1474 in
896 1414 1016 1475 hac
1048 1414 1445 1491 quaestione.

327 1529 677 1592 Conclusio
726 1530 869 1610 ejus
918 1534 1018 1591 est
1069 1528 1249 1608 quod
1290 1530 1452 1589 sicut
1491 1526 1805 1588 creditum

252 1652 335 1708 est
380 1648 665 1724 parvulo
707 1648 773 1707 in
817 1647 1137 1722 Baptismo
1182 1645 1425 1707 dimitti
1449 1642 1799 1719 oriqinale,

251 1765 340 1824 ita
383 1769 442 1823 et
492 1766 808 1824 creditum
853 1768 939 1824 est
991 1763 1117 1823 sibi
1169 1764 1458 1838 qratiam
1517 1760 1799 1834 infundi.

250 1883 565 1959 Loquitur
591 1881 830 1942 Doctor
874 1880 957 1942 de
988 1879 1225 1942 credito
1265 1876 1394 1939 fide
1429 1876 1687 1950 divina;
1741 1881 1805 1935 et

253 1997 571 2059 eumdem
627 1997 909 2077 gradum
968 1994 1373 2057 certitudinis
1435 1994 1655 2055 tribuit
1702 1991 1802 2053 his

252 2115 541 2187 duobus,
605 2133 845 2195 nempe
896 2132 1017 2193 per
1082 2116 1481 2191 Baptr'smum
1561 2110 1809 2172 remitti

252 2234 600 2310 oriyinale,
649 2240 704 2294 et
767 2234 1033 2309 infundi
1081 2233 1400 2308 qratiam:
1466 2234 1531 2290 et
1595 2231 1798 2305 patet,

253 2351 401 2426 quia
439 2348 807 2428 justificari,
869 2346 1171 2409 mundari
1250 2351 1316 2407 et
1389 2340 1799 2415 sanctificari,

252 2463 531 2541 perinde
579 2465 879 2527 tribuitur
941 2465 1298 2541 BaptismO,
1356 2464 1525 2523 sicut
1581 2464 1650 2521 et
1702 2476 1804 2521 re-

253 2584 430 2645 nasci
492 2598 613 2659 per
682 2583 919 2659 ipsum,
981 2583 1147 2642 mori
1216 2585 1517 2657 peccat0,
1583 2580 1803 2640 vivere

254 2695 809 2769 Christo,infundi
840 2696 1151 2773 Spiritum
1193 2698 1495 2757 sanctum
1542 2694 1605 2755 in
1658 2710 1808 2755 cor-

259 2811 447 2874 dibus
472 2814 737 2886 nostris,
768 2817 839 2873 ut
889 2817 1071 2891 patet
1115 2827 1197 2873 ex
1227 2809 1575 2889 Scripturis
1605 2823 1803 2887 supra

259 2928 586 3008 allegatis,
1291 2919 1299 2927 ’

335 3042 584 3106 Eadem
613 3042 852 3106 veritas
898 3049 1081 3122 patet
1125 3060 1208 3105 ex
1235 3041 1532 3106 Patribus
1566 3043 1808 3123 allega·

265 3160 341 3220 tis
410 3175 610 3236 supra
691 3159 775 3221 de
834 3157 1122 3223 efficacia
1194 3158 1509 3236 Baptismi
1580 3154 1812 3218 Christi

265 3291 456 3351 supra
490 3277 892 3352 Baptismum
931 3278 1221 3348 ioanniS,
1272 3289 1634 3353 eorumque
1685 3271 1812 3334 dif-

265 3388 561 3455 ferentia.
617 3395 778 3454 ltem
835 3393 900 3453 in
959 3396 1324 3454 commento
1385 3389 1813 3469 praecedentis

269 3509 671 3585 quaestioniS,
723 3511 880 3571 etin
915 3512 1288 3570 commento
1330 3508 1468 3588 jam
1513 3506 1813 3582 praemis·

271 3641 363 3698 80,
408 3627 854 3688 Nazianzenus
905 3643 1076 3686 oras.
1149 3625 1248 3686 40.
1314 3623 1817 3702 chrysostomus

274 3741 435 3803 hom.
479 3743 591 3803 40.
632 3744 699 3802 in
734 3743 1042 3814 Genesim,
1085 3738 1153 3802 id
1199 3739 1395 3800 docet
1427 3737 1509 3799 de
1549 3737 1817 3801 infanti-

270 3855 387 3917 bus
419 3858 656 3930 etiam3
707 3862 771 3918 et
808 3855 1072 3917 homilia
1121 3855 1203 3917 ad
1250 3855 1652 3935 neophytos:
1688 3857 1823 3915 Ilac

274 3976 345 4035 de
402 3992 603 4037 causa
635 4022 651 4049 ,
696 3975 928 4053 inquit,
990 3981 1046 4035 et
1111 3974 1470 4050 infantulos
1525 3974 1819 4050 baptiza-

274 4106 429 4166 mus,
476 4099 546 4153 ut
574 4109 697 4154 non
726 4094 851 4153 sint
884 4092 1287 4168 coinquinati
1309 4097 1595 4167 peccata,
1642 4096 1711 4152 ut
1741 4091 1825 4150 iis

281 4216 550 4276 addatur
603 4216 931 4285 sanctitas,
970 4215 1252 4289 justitia,
1301 4216 1580 4290 adoptio,
1612 4214 1820 4273 heere-

283 4330 462 4403 ditas,
513 4331 903 4406 fraternitas
947 4330 1206 4402 Christi,
1241 4335 1308 4388 ut
1353 4330 1492 4404 ejus
1526 4326 1818 4388 membra

283 4445 397 4506 sint
426 4463 661 4516 omnes,
695 4453 761 4508 ut
807 4446 1094 4522 Spiritus
1120 4445 1434 4506 habitatio
1476 4446 1660 4520 flant,
1695 4449 1821 4505 etc.

289 4560 642 4624 Lactantius
686 4561 795 4622 lib.
850 4564 908 4623 7.
971 4577 1111 4636 cap.
1173 4565 1232 4625 5.
1282 4559 1643 4640 Cyprianus
1690 4562 1829 4637 epi-

120 4689 258 4788 3322?
291 4679 442 4739 stola
487 4681 584 4740 12.
647 4682 702 4738 et
760 4679 939 4753 epist.
999 4677 1061 4738 6.
1111 4655 1564 4737 Damascenus
1598 4676 1709 4736 lib.
1766 4678 1826 4738 2.

118 5436 173 5489 ¹3.

120 5509 236 5554 irent.

120 5562 230 5618 dent.

289 4792 449 4865 fidei,
499 4812 640 4870 cap.
687 4794 746 4855 9.
782 4793 1059 4872 Cyrillus
1105 4794 1216 4853 lib.
1254 4794 1311 4854 2.
1363 4795 1427 4853 in
1455 4797 1634 4853 Joan.
1685 4811 1827 4869 cap.

293 4909 381 4968 42.
423 4909 881 4972 Theodoretus
935 4911 1002 4970 in
1059 4911 1333 4983 epitome
1389 4910 1665 4971 divinar.
1729 4910 1832 4969 de-

295 5031 507 5088 cretor.
545 5042 688 5101 cap.
724 5025 800 5085 de
831 5028 1173 5100 Baptismo,
1206 5025 1611 5102 Augustinus
1640 5024 1830 5085 variis

294 5138 353 5198 in
395 5140 549 5202 locis
584 5141 820 5218 partim
855 5141 1088 5210 citatiS,
1125 5140 1358 5218 partim
1395 5140 1458 5201 in
1509 5141 1648 5202 aliis
1682 5157 1835 5204 con·

298 5259 381 5314 tra
410 5255 795 5334 Pelagianos
828 5259 893 5316 et
927 5255 1319 5317 DonatistaS.

373 5371 540 5432 Hanc
593 5371 859 5433 tandem
906 5373 1087 5432 velut
1134 5370 1471 5434 definitam
1523 5372 1835 5453 colligere

297 5482 435 5546 licet
463 5503 544 5552 ex
588 5487 960 5548 Florentino
994 5488 1060 5546 in
1102 5491 1370 5547 Decreta
1409 5489 1687 5559 unionis,
1719 5488 1836 5550 ubi

305 5598 514 5665 definit
543 5605 762 5664 omnia
793 5604 1215 5664 Sacramenta
1247 5618 1430 5665 novae
1472 5603 1641 5683 legis
1688 5621 1835 5666 cau-

3363 431 3485 497 397

1920 610 2066 655 sare
2095 597 2395 673 gratiam,
2430 599 2497 658 et
2527 611 2609 658 ex
2641 596 3014 681 particulari
3045 596 3472 675 Baptismum,

1922 728 2003 772 ex
2030 712 2406 776 Tridentino
2449 730 2613 775 sess,
2649 716 2708 775 5.
2761 731 2908 777 can.
2950 716 3011 776 5.
3060 715 3141 775 Si
3182 717 3323 791 quis
3359 728 3481 789 per

1917 832 2066 888 Jesu
2112 829 2354 890 Christi
2396 833 2657 891 Domini
2700 831 2991 907 qratiam
3052 847 3191 907 quae
3248 831 3315 888 in
3368 829 3477 889 ba·

1910 946 2216 1019 ptismate
2258 948 2615 1019 confertur,
2649 954 2904 1009 reatum
2949 946 3294 1023 oriyinalis
3325 963 3484 1022 pec-

1929 1063 2062 1122 cati
2105 1065 2378 1135 remitti,
2399 1070 2611 1141 neyat,
2665 1070 2793 1127 etc.
2842 1064 3195 1125 Anathema
3236 1065 3359 1136 sit,·
3415 1067 3481 1125 in

1916 1180 2160 1239 renatis
2211 1180 2385 1239 enim
2439 1180 2602 1242 nihil
2658 1183 2795 1242 odit
2844 1186 3031 1254 Deus,
3091 1182 3245 1256 quia
3314 1180 3482 1241 nihil

1917 1297 2005 1353 est
2061 1297 2505 1357 damnationis
2563 1297 2644 1358 iis
2725 1298 2842 1374 qui
2913 1313 3059 1357 vere
3123 1298 3480 1374 consepulti

1915 1414 2057 1468 sunt
2105 1426 2255 1470 cum
2300 1412 2550 1473 Christo
2592 1430 2709 1489 per
2758 1416 3160 1489 Baptismum
3204 1414 3268 1472 in
3302 1428 3476 1473 mor-

1915 1528 2065 1597 tem,
2111 1528 2228 1601 qui
2268 1544 2389 1587 non
2421 1530 2773 1589 secundum
2815 1544 3077 1590 carnem
3106 1527 3476 1599 ambulant,

1914 1642 2027 1700 sed
2063 1645 2339 1700 veterem
2386 1641 2710 1703 hominem
2758 1651 3083 1717 exuentes,
3133 1647 3191 1704 et
3236 1659 3476 1704 novum

1914 1757 2032 1830 qui
2067 1760 2417 1819 secundum
2463 1762 2668 1820 Deum
2719 1763 2976 1821 creatus
3030 1766 3140 1835 est,
3200 1760 3471 1821 induen-

1913 1875 2025 1942 tes,
2086 1872 2462 1946 innocentes,
2517 1875 2944 1948 immaculati,
2985 1877 3163 1951 puri,
3212 1876 3477 1937 innoxii

1916 2004 1994 2048 ac
2025 1991 2157 2049 Deo
2189 1989 2410 2050 dilecti
2449 1990 2662 2063 effecti
2685 1999 2851 2064 sunt,
2898 1991 3181 2052 haeredes
3210 1992 3499 2067 quidem,

1914 2107 2055 2175 Dei,
2088 2106 2447 2167 cohaeredes
2490 2114 2705 2169 autem
2736 2108 2995 2183 Christi,
3046 2111 3140 2169 ita
3188 2114 3258 2169 ut
3304 2107 3473 2168 nihil

1905 2236 2182 2296 prorsus
2217 2238 2322 2282 eos
2367 2224 2448 2282 ab
2508 2225 2799 2299 inpressu
2855 2224 3007 2285 coeli
3074 2228 3465 2286 remoretur.
3495 2264 3535 2314 B

1915 2337 2055 2397 Haec
2101 2335 2391 2400 definitio
2426 2338 2692 2404 Concilii
2720 2340 2863 2402 sine
2910 2341 3040 2403 ulla
3080 2342 3465 2404 limitatione

1915 2455 2152 2528 posita,
2215 2457 2718 2532 comprehendit
2780 2474 3013 2520 omnes
3082 2458 3469 2538 baptizatOS,

1918 2575 2239 2647 quantum
2283 2570 2367 2632 ad
2412 2572 2742 2648 effectum,
2793 2576 2904 2653 qui
2963 2580 3157 2637 natus
3206 2579 3308 2636 est
3349 2576 3466 2636 ha·

1916 2684 2058 2746 beri
2100 2686 2167 2747 in
2211 2689 2539 2765 omnibus,
2574 2707 2656 2752 ex
2698 2690 2754 2752 vi
2790 2691 3193 2752 sacramenti
3239 2695 3305 2751 et
3359 2706 3470 2751 se-

1920 2801 2099 2864 cluso
2134 2804 2346 2867 obice.

2001 2921 2156 2982 ltem
2185 2938 2336 2983 sess.
2370 2922 2428 2983 6.
2482 2939 2623 2999 cap.
2667 2925 2725 2985 3.
2782 2923 3000 2998 docet,
3033 2925 3204 2987 sicut
3235 2942 3477 3003 pecca·

1920 3038 2058 3096 tum
2142 3037 2296 3100 Adae
2369 3055 2503 3101 non
2564 3044 2895 3118 potuisset
2974 3043 3479 3115 communicari,

1923 3158 2033 3216 aut
2083 3157 2399 3231 contrahi,
2448 3157 2572 3220 nisi
2618 3160 2699 3222 ab
2757 3176 2861 3235 eo,
2927 3161 3037 3239 qui
3093 3176 3174 3223 ex
3226 3160 3479 3222 semine

1922 3269 2077 3332 Adae
2107 3278 2505 3353 propagatus
2536 3281 2945 3344 nasceretur.
2978 3276 3071 3338 sic
3105 3277 3327 3351 etiam,
3362 3273 3483 3336 nisi

1923 3395 2387 3450 renasceretur
2437 3392 2500 3451 in
2531 3392 2811 3465 CliristO,
2864 3410 3209 3473 nunquam
3231 3390 3485 3472 justifi-

1928 3512 2233 3568 caretur:
2274 3511 2434 3569 Cum
2482 3527 2582 3580 ea,
2630 3512 2862 3589 inquit,
2910 3511 3318 3572 renascentia
3367 3525 3490 3585 per
3531 3538 3824 3587 Renascen-

1931 3624 2229 3683 meritum
2270 3627 2590 3700 passionis
2637 3627 2778 3700 ejus
2831 3627 3078 3701 qratia,
3139 3643 3270 3701 qua
3316 3626 3489 3701 justi
3513 3661 3568 3711 in
3603 3600 3832 3715 cffiisto.

1926 3743 2108 3818 fiunt,
2150 3744 2284 3805 iltis
2325 3747 2680 3817 tribuatur,
2742 3750 2869 3808 etc.
2934 3747 3075 3808 Haec
3124 3749 3348 3808 autem
3379 3762 3487 3807 re·

1930 3860 2265 3921 nascentia
2309 3859 2379 3921 fit
2410 3877 2528 3937 per
2556 3862 2888 3924 lavacrum
2917 3863 3442 3943 regenerationis
3471 3881 3486 3932 ;

1931 3992 2090 4054 ergo
2125 3981 2192 4038 et
2234 3979 2442 4056 gratia
2493 3979 2751 4056 collata,
2789 3997 2918 4059 qua
2969 3987 3240 4043 renatus
3282 3979 3353 4042 fit
3385 3981 3491 4061 ju·

1931 4098 2091 4154 stuS.
2153 4095 2294 4155 Haec
2354 4098 2549 4157 etiam
2611 4095 2906 4159 doctrina
2961 4103 3060 4160 est
3102 4097 3492 4162 universalis

1933 4216 2246 4287 respectu
2308 4214 2623 4287 omnium,
2701 4215 2812 4293 qui
2871 4216 2936 4276 in
2980 4214 3246 4300 'Christo
3304 4231 3502 4276 rena-

1936 4335 2240 4392 scuntur.

2019 4444 2086 4504 ln
2155 4445 2365 4523 capite
2421 4448 2728 4526 sequenti
2804 4446 3000 4509 docet
3053 4447 3225 4509 hanc
3295 4463 3488 4508 rena-

1940 4562 2257 4621 scentiam
2287 4569 2434 4639 post
2484 4559 3082 4642 promulgationem
3124 4563 3495 4642 Evangelii,

1940 4677 2081 4738 sine
2111 4676 2365 4740 lavacro
2396 4679 2944 4757 regenerationiS,
2994 4685 3107 4741 aut
3152 4679 3301 4758 ejus
3347 4683 3501 4741 voto

1940 4790 2080 4855 fieri
2130 4810 2263 4855 non
2321 4810 2561 4871 posse;
2598 4801 2665 4857 et
2709 4813 2853 4873 cap.
2911 4798 2971 4857 7.
3027 4795 3221 4860 docet
3278 4795 3504 4873 Bapti-

1942 4924 2160 4970 smum
2207 4926 2355 4972 esse
2387 4928 2657 4974 causam
2689 4913 3260 4976 instrumentalem
3300 4912 3498 4994 justi-
3665 4996 3675 5006 ι

1941 5023 2285 5096 ficationiS,
2321 5043 2519 5105 quam
2552 5026 2778 5089 definit
2806 5045 2940 5090 non
2979 5030 3047 5091 in
3092 5030 3235 5091 sola
3277 5045 3499 5106 pecca·
3527 4998 3848 5126 ᾃοοζζΐοξξξ

1943 5146 2163 5201 torum
2215 5144 2587 5206 remissione
2637 5149 2975 5208 consistere
3021 5146 3261 5227 (prout
3319 5145 3499 5208 dice·
3527 5136 3847 5176 “¹¹¹¹⁵⁵¹⁰¹¹⁹·

1945 5257 2106 5319 bant
2151 5258 2481 5338 pelagiani
2542 5259 2719 5337 apud
2776 5264 3215 5343 Augustinum
3264 5264 3377 5326 lib.
3426 5267 3505 5325 de

1945 5378 2169 5448 ‚qratia
2215 5376 2471 5449 Christi,
2519 5396 2660 5456 cap.
2697 5379 2795 5442 38.
2848 5387 2905 5441 et
2957 5382 3057 5443 39.
3121 5387 3188 5443 et
3238 5380 3506 5444 damnat

1946 5490 2297 5553 Milevitan.
2353 5509 2495 5554 can.
2545 5491 2650 5574 3.)
2708 5496 2820 5556 sed
2874 5497 2942 5556 in
3000 5498 3504 5573 sanctificatione

1950 5610 2170 5683 etiam,
2231 5614 2287 5670 et
2355 5612 2771 5673 renovatione
2835 5613 3161 5675 interioris
3229 5615 3507 5676 hominis

3546 2204 3766 2255 Effectus

3541 2264 3766 2333 apusnn.

3622 2938 3705 2991 14.
