4255 6375
74 3416 187 3490 Ἰνιὶῑίο

79 3494 236 3552 irma-

80 3559 171 3592 nis.

76 5474 97 5583 i
107 5512 118 5524 ⁸
128 5538 262 5589 dicat

92 5605 220 5652 recto

1383 393 1575 453 Dls'r.
1619 392 1752 452 Vll.
1804 391 2167 465 QUAEs'l'IO
2205 393 2248 451 1.

740 677 1205 758 QUAESTIO
1300 681 1356 750 I.

276 863 467 948 Quid
526 862 627 938 sit*
663 861 1165 942 Sacramentum
1221 879 1820 961 Confirmationis?

352 991 449 1054 De
487 995 773 1057 materia
824 1003 883 1057 et
948 995 1194 1078 forma.
1269 996 1359 1059 Dc
1414 996 1816 1081 suscipiente

349 1119 411 1171 ct
490 1110 820 1188 ministrO,
885 1121 945 1174 et
1024 1111 1105 1177 de
1154 1112 1643 1178 conditionibus
1710 1135 1809 1177 re-

348 1227 614 1310 quisitis
684 1229 753 1292 in
831 1230 1217 1313 conferente
1289 1241 1348 1293 ct
1411 1231 1811 1315 suscipiente

352 1342 473 1406 ltoc
512 1343 1041 1411 Sacramentum.

253 1537 451 1594 Aleos,
488 1541 540 1594 4.
572 1554 619 1604 p.
651 1557 703 1608 q.
737 1541 828 1594 24.
879 1556 955 1596 m.
1008 1543 1062 1595 2.
1118 1542 1192 1596 D.
1226 1542 1429 1596 Bonav.
1486 1539 1580 1595 tzic
1610 1549 1730 1598 art.
1770 1545 1817 1598 1.

338 1628 390 1678 q.
430 1613 477 1666 1.
509 1610 665 1666 Rich.
700 1617 815 1667 art.
853 1613 897 1667 1.
919 1628 978 1680 q.
1004 1613 1055 1666 1.
1079 1615 1133 1668 2.
1164 1615 1225 1667 D.
1254 1613 1441 1667 Tliom.
1468 1628 1520 1680 q.
1558 1615 1604 1669 1.
1629 1620 1738 1670 art.
1770 1617 1820 1670 1.

340 1687 388 1735 et
420 1683 473 1738 3.
502 1699 560 1751 p.
593 1699 641 1750 q.
671 1684 757 1739 65.
796 1689 910 1737 art.
939 1684 989 1738 1.
1015 1689 1062 1736 et
1095 1687 1144 1741 4.
1180 1691 1227 1738 ct
1257 1701 1309 1752 q.
1343 1688 1433 1739 72.
1456 1690 1567 1740 art.
1604 1687 1653 1740 1.
1686 1692 1731 1740 et
1769 1689 1817 1742 4.

340 1756 543 1808 Suarez
580 1755 634 1810 3.
664 1770 720 1822 p.
764 1759 891 1809 tom.
922 1756 973 1810 3.
1006 1757 1061 1808 a.
1095 1757 1189 1809 32.
1232 1758 1339 1808 tote
1372 1755 1589 1812 Coceius
1618 1759 1679 1809 in
1712 1758 1821 1810 the·

337 1841 514 1879 sauro
547 1830 674 1879 tom.
712 1827 766 1881 2.
802 1828 899 1881 tib.
934 1827 987 1882 5.
1022 1832 1129 1880 art.
1167 1828 1256 1882 20.
1282 1827 1530 1883 Bellarm.
1566 1831 1659 1882 tic.
1682 1831 1737 1883 2.
1759 1831 1821 1882 cle

334 1895 599 1950 Sacram.
646 1898 914 1964 Confirm.
948 1904 993 1951 et
1027 1913 1102 1950 an
1134 1899 1427 1968 Episcopus
1468 1905 1691 1953 tantum
1750 1902 1820 1952 sit

340 1970 623 2024 minister.
678 1970 800 2023 Viae
858 1969 1040 2024 Alens.
1101 1986 1154 2037 q.
1214 1973 1303 2025 28.
1366 1987 1440 2026 m.
1508 1973 1555 2027 1.
1617 1976 1731 2026 art.
1767 1972 1818 2026 3.

342 2040 410 2092 D.
438 2038 632 2095 Thom.
679 2041 730 2095 3.
761 2056 816 2107 p.
851 2043 1028 2107 (1.73.
1073 2047 1187 2096 art.
1236 2042 1318 2095 11.
1374 2045 1433 2097 D.
1474 2046 1675 2097 Bonav.
1727 2039 1823 2096 hic

339 2116 453 2164 art.
492 2113 542 2167 1.
576 2130 635 2181 q.
666 2112 719 2167 3.
765 2111 924 2168 Rich.
959 2119 1073 2168 art.
1128 2117 1180 2167 2.
1235 2128 1288 2180 q.
1338 2115 1383 2167 1.
1441 2115 1638 2168 Suarez
1668 2117 1718 2168 3.
1764 2132 1816 2184 p.

340 2188 472 2237 tom.
510 2184 559 2237 3.
590 2187 643 2238 d.
672 2185 761 2239 36.

361 2366 601 2439 Circa
680 2365 920 2437 istam
1017 2368 1118 2453 (a)
1213 2362 1818 2436 distinctionem

266 2486 608 2574 possent
656 2481 909 2555 multa
953 2480 1208 2572 qnaeri
1254 2480 1819 2573 proportiona-

262 2598 467 2672 liter
502 2597 690 2680 illis,
739 2617 912 2689 quae
951 2597 1290 2689 quaesita
1326 2602 1512 2671 sunt
1556 2597 1646 2669 de
1680 2598 1818 2668 Ba-

267 2717 605 2811 ptismo.
682 2717 825 2790 Sed
891 2715 1301 2808 praemitto
1394 2715 1819 2807 quamdam

264 2835 682 2908 rationem
778 2836 1290 2908 sacramenti
1366 2832 1631 2924 hujus,
1723 2853 1819 2904 ex

263 2974 431 3045 quo
478 2955 699 3045 patet
743 2952 1044 3024 solutio
1101 2951 1545 3023 multarum
1609 2970 1820 3041 quae-

264 3068 658 3143 stionum.
730 3070 825 3140 Et
871 3052 1413 3161 supponendo,
1463 3067 1667 3159 quod
1706 3089 1819 3138 rc-

266 3185 635 3267 lationis,
720 3208 891 3278 qnae
952 3189 1073 3258 est
1128 3185 1473 3258 formale
1525 3184 1603 3257 in
1668 3183 1819 3257 hoc

270 3307 837 3382 sacramento,
897 3302 1505 3374 fundamentum
1567 3302 1820 3374 totale

274 3424 390 3495 sit
449 3420 722 3493 unctio
782 3418 1325 3492 determinata
1394 3440 1572 3490 cnm
1636 3440 1822 3491 con-

268 3537 715 3613 ditionibus
782 3536 1055 3609 multis
1118 3535 1302 3607 aliis
1375 3536 1817 3628 requisitis,

272 3662 550 3751 potest
611 3654 1022 3745 assignari
1087 3654 1298 3727 ratio
1350 3654 1584 3725 talis:
1654 3660 1820 3723 Con-

263 3777 594 3861 firmatiO,
660 3793 801 3843 Seu
869 3774 1378 3839 Sacramentum
1446 3775 1824 3856 Confirma-

268 3895 481 3959 tionis
559 3903 651 3956 est
736 3878 983 3956 unctio¹
1043 3887 1143 3975 (b)
1197 3891 1491 3954 hominis
1550 3891 1826 3955 viatoris

266 4008 669 4094 aliqualiter
706 4008 1197 4083 consentientis,
1250 4007 1353 4070 vel
1396 4007 1599 4071 libero
1648 4007 1824 4071 arbi-

269 4125 408 4192 trio
467 4146 808 4210 nunquam
866 4124 991 4201 usi,
1067 4123 1251 4206 facta
1320 4124 1395 4187 in
1460 4125 1685 4211 fronte
1756 4126 1827 4188 in

270 4240 500 4329 siyura
550 4236 645 4327 (o)
728 4240 961 4304 Crucis
1037 4260 1182 4303 cum
1281 4239 1644 4304 chrismate
1729 4236 1829 4326 (d)

268 4356 694 4439 sanctificato
752 4353 874 4440 (e),
919 4363 979 4417 et
1039 4354 1159 4419 hoc
1198 4375 1239 4418 a
1307 4355 1614 4419 ministro
1688 4354 1828 4418 ido-

268 4495 399 4541 neo
459 4466 571 4559 (f),
615 4472 818 4536 simul
855 4492 1001 4536 cum
1043 4471 1142 4558 (g)
1184 4471 1554 4536 intentione
1611 4470 1833 4535 debita

274 4593 660 4675 inunycnte,
743 4598 803 4652 et
882 4587 1079 4652 verba
1172 4598 1352 4652 certa
1417 4589 1825 4673 proferente,

274 4708 677 4793 siqnisicans
716 4704 1087 4788 efficaciter
1126 4725 1211 4767 ca:
1257 4704 1674 4769 institutione
1733 4702 1833 4766 di-

280 4825 448 4892 vina
491 4822 863 4888 unctionem
895 4822 1139 4885 animcc
1173 4841 1296 4907 per
1331 4822 1626 4907 qratiam
1656 4820 1836 4885 robo-

280 4949 566 5017 rantem,
635 4936 726 5002 ad
766 4934 1212 5018 confitendum
1261 4956 1407 4998 cum
1464 4936 1839 5000 constantia

285 5053 489 5137 sidem
559 5053 834 5117 Christi.

732 5249 1390 5315 COMMENTARIUS.

384 5446 473 5534 (a)
521 5448 722 5510 Circa
764 5445 956 5509 istam
1018 5443 1517 5508 distinctionem
1569 5456 1841 5528 possunt

292 5564 508 5634 multa
555 5563 786 5648 quaeri,
843 5572 965 5627 etc.
1040 5559 1560 5627 Fundamentum
1629 5558 1841 5625 relati-

435 5675 751 5728 Tom.XVI.

3365 392 3486 456 657

1932 552 2077 616 onis
2130 554 2618 619 sacramemalis:
2673 555 3064 640 potestdici,
3111 555 3215 621 vel
3261 555 3478 621 unctio
3537 581 3812 651 Confirma-

1929 667 2124 732 simul
2176 691 2327 734 cum
2373 669 2617 749 verbm,
2667 671 2879 757 (quod
2926 671 3328 756 probabilius
3365 673 3477 758 ju-
3622 643 3733 693 ¹¹⁰³

1931 785 2150 872 dice,)
2195 787 2295 852 vel
2342 789 2562 854 unctio
2613 787 2771 868 sola,
2816 789 3072 855 caeteris
3130 812 3200 855 se
3241 788 3480 855 liaben-

1932 901 2132 981 tibus,
2205 916 2515 990 tanquam
2558 904 3063 970 circumstantiis
3098 905 3479 970 fundamen·

1933 1018 2003 1082 ti.
2052 1021 2126 1083 Et
2158 1019 2334 1086 hunc
2376 1021 2638 1086 modum
2695 1022 2998 1103 tenende,
3038 1026 3270 1089 Doctor
3318 1023 3480 1089 assi·

1930 1148 2086 1221 gnat
2132 1158 2324 1202 unam
2369 1136 2714 1217 rationem,
2769 1161 2884 1206 seu
2964 1139 3476 1226 descriptionem

1930 1253 2331 1318 Sacramenti
2382 1253 2938 1344 ConfirmationiS,
2984 1257 3050 1321 in
3113 1277 3240 1343 qua
3300 1277 3476 1323 sum-

1933 1368 2136 1435 marie
2191 1380 2255 1434 et
2311 1370 2617 1456 explicite
2664 1372 3158 1457 comprehendit
3201 1375 3477 1441 essenti-

1931 1505 2060 1563 am,
2114 1498 2178 1551 et
2210 1506 2324 1572 per
2353 1509 2424 1553 se
2455 1488 2767 1573 requisita
2818 1488 2896 1554 ad
2939 1491 3062 1557 1100
3101 1493 3480 1558 Sacramen-

1932 1614 2095 1669 tum.

2020 1718 2113 1805 (b)
2153 1721 2616 1804 ConfirmatiO,
2658 1723 2893 1809 inquit,
2929 1746 3042 1790 seu
3075 1727 3476 1791 Sacramen-
3542 1716 3786 1828 ‹tetiiffia

1931 1845 2064 1899 tum
2129 1838 2679 1919 Coiilirmationis
2740 1851 2831 1904 est
2899 1842 3123 1906 unctio
3183 1843 3474 1907 hominis
3507 1841 3827 1953 Λρρὲῐὲὲῑίῡ·

1932 1952 2232 2032 viatoris,
2282 1966 2410 2020 ete.
2470 1959 2539 2021 In
2591 1956 2846 2041 primis,
2888 1969 2956 2022 ut
2987 1957 3131 2022 haec
3180 1957 3472 2024 delinitio

3587 1983 3743 2016 Vssl'lkss

1934 2088 2052 2133 suo
2083 2068 2312 2134 ordine
2344 2071 2725 2156 explicetur,
2763 2082 2825 2135 et
2867 2068 3257 2158 incipiamus
3288 2095 3322 2138 a
3360 2094 3474 2138 nc-
3509 2029 3829 2143 Sacrapienn

1934 2183 2132 2265 mine,
2169 2184 2405 2252 dicitur
2448 2185 2568 2252 1100
2628 2190 3156 2255 Sacramentum:
3211 2192 3477 2273 Consir-
3507 2159 3819 2267 propsszemte

1932 2301 2157 2379 matie,
2234 2302 2488 2383 Unctio,
2558 2316 2619 2369 et
2680 2307 3185 2370 Sacramentum
3251 2306 3481 2373 Chris·
3519 2280 3822 2347 desumptae.

1930 2418 2152 2496 matis,
2210 2419 2546 2505 impositio
2580 2443 2917 2488 manuum.
2959 2423 3202 2488 Dicitur
3233 2422 3482 2489 Confir-

1936 2534 2132 2598 matio
2173 2536 2253 2602 ab
2312 2537 2571 2619 effectu,
2631 2540 2782 2625 quia
2843 2552 2938 2606 est
2997 2541 3279 2625 perfecta
3338 2562 3487 2606 con-

1933 2652 2284 2717 summatio
2391 2655 2703 2740 Baptismi
2789 2669 2853 2721 ct
2939 2658 3489 2743 regenerationis,

1934 2765 2110 2832 unde
2174 2768 2472 2835 Clemens
2541 2775 2872 2837 Romanus
2932 2772 3125 2858 epist.
3199 2778 3263 2839 4.
3323 2776 3485 2838 Cum

1938 2895 2616 2972 autemreyeneratus
2672 2889 2882 2972 suerit
2919 2887 3040 2974 per
3099 2910 3362 2974 aquam,
3428 2900 3487 2954 et
3634 2903 3728 2952 Est

1930 3002 2353 3084 postmodum
2391 3006 2774 3089 septiformi
2807 3005 3104 3090 Spiritus
3142 3008 3368 3092 qratia
3406 3006 3488 3071 ab
3513 2978 3832 3141 cgnsttzgma-

3580 3105 3644 3154 ap
3672 3104 3804 3139 ismi.

1934 3117 2267 3205 Episcopo
2345 3121 2801 3203 confirmatus,
2865 3123 3022 3208 quia
3097 3123 3299 3189 aliter
3355 3144 3489 3189 esse

1930 3224 2272 3319 perfectus
2321 3238 2745 3304 Christianus
2820 3260 3234 3326 nequaquam
3306 3252 3488 3326 pote—

1934 3354 2048 3429 rit,
2104 3362 2226 3418 etc.
2267 3364 2329 3418 et
2394 3354 2506 3420 lib.
2570 3358 2634 3420 3.
2703 3356 3037 3421 constitut.
3128 3357 3483 3442 Apostolie.

1935 3485 2077 3551 cap.
2126 3470 2234 3532 17.
2306 3466 2747 3552 Unquentum,
2807 3467 3054 3556 inquit,
3099 3480 3190 3533 est
3246 3473 3487 3554 confir-

1937 3583 2142 3645 matio
2175 3582 2645 3665 professionis,
2708 3596 2831 3649 etc.
2879 3584 3108 3669 supple
3142 3584 3316 3663 fidei,
3379 3586 3490 3652 ubi

1936 3694 2226 3781 loquitur
2254 3695 2334 3762 de
2363 3696 2738 3763 chrismate.
2780 3698 3144 3783 Cyprianus
3176 3702 3486 3785 epist.''i⁹2.

1937 3825 2291 3898 utrumque
2374 3815 2889 3893 Sacramentum,
2974 3826 3104 3879 tam
3178 3817 3486 3901 Baptismi
3562 3843 3799 3908 cyprian.

1939 3948 2132 4013 quam
2165 3927 2692 3995 Confirmationis
2733 3928 2812 3995 ad
2863 3929 3182 4016 integram
3246 3932 3488 3998 sancti-

1941 4042 2307 4109 ficationem
2350 4057 2413 4110 et
2463 4044 2870 4111 nativitatem
2950 4046 3238 4113 hominis
3305 4048 3491 4113 Chri-

1940 4160 2135 4226 stiani
2204 4161 2575 4250 conjungit.
2635 4162 2818 4227 Unde
2877 4162 3271 4229 Melchiades
3325 4167 3493 4249 Papa
3521 4195 3836 4247 Melchiades

1941 4276 2019 4342 ad
2052 4277 2410 4365 Episcopos
2462 4279 2836 4365 Hispaniae:
2878 4281 3011 4347 Sed
3071 4284 3188 4361 ita,
3256 4281 3491 4368 inquit,

1944 4398 2303 4482 conjuncta
2340 4408 2492 4462 sunt
2551 4399 2687 4462 licec
2726 4399 2856 4464 duo
2908 4400 3369 4477 Sacramenta,
3434 4411 3502 4465 ut

1944 4513 2028 4578 ab
2060 4515 2346 4580 invicem
2379 4517 2512 4580 nisi
2541 4527 2750 4581 morte
2780 4520 3254 4603 prceveniente,
3285 4519 3500 4583 nulla·

1945 4641 2138 4695 tenus
2164 4633 2420 4716 possint
2464 4635 2825 4718 seqreyari,
2883 4646 2941 4699 et
2981 4656 3185 4699 unum
3217 4636 3363 4699 sine
3404 4637 3503 4700 αἱ·

1951 4757 2086 4812 tero
2120 4749 2252 4813 rite
2281 4750 2520 4834 perfici
2552 4772 2684 4815 non
2713 4763 2944 4836 potest,
2982 4764 3107 4819 etc.
3144 4752 3509 4818 Eucherius

1946 4865 2180 4931 homil.
2257 4866 2328 4930 in
2375 4866 2551 4930 diem
2607 4868 3047 4948 pentecostes,
3085 4869 3292 4935 utitur
3367 4870 3507 4956 ipsa

1951 4980 2386 5065 appellatione
2451 4982 3024 5063 Confirmationis,
3072 4984 3242 5051 sicut
3272 4996 3334 5050 et
3383 4988 3506 5071 Sy-

1954 5096 2162 5164 nodus
2264 5099 2754 5169 Aurelianensis
2856 5102 3028 5190 apud
3127 5104 3506 5171 Gratianum

1953 5213 2109 5279 dist.
2150 5219 2212 5279 5.
2256 5217 2458 5290 Quam
2518 5216 2710 5282 etiarn
2762 5217 3100 5303 vulgarem
3165 5220 3504 5306 appellati-

1953 5349 2143 5396 onem
2180 5352 2323 5396 esse
2352 5331 2550 5418 hujus
2617 5334 3021 5400 Sacramenti
3093 5334 3277 5401 docet
3337 5336 3501 5403 Beda

1954 5446 2021 5512 in
2063 5448 2244 5512 Psat.
2311 5451 2417 5514 26.
2465 5461 2526 5513 ct
2587 5448 2671 5513 ita
2729 5452 2968 5515 Auctor
3017 5451 3338 5518 Ordinarii
3380 5457 3504 5518 Ro-

1955 5560 2133 5628 mani
2178 5576 2388 5649 vocat,
2453 5562 2897 5641 &vallefridus
2927 5567 3227 5633 derebus
3277 5569 3499 5633 Eccle-

3286 5680 3346 5729 42

3627 5466 3781 5515 Beda.
