4255 6375
123 2551 147 2594 ’Ἰ

125 2614 189 2647 no·

1345 520 1544 583 Dts'r.
1593 520 1666 582 11.
1702 517 2062 594 QUAESTIO
2097 520 2142 582 1.

215 705 385 751 mum
416 693 516 750 est
541 688 924 768 generatim
975 685 1217 749 deinde
1266 686 1529 746 nutritio
1558 704 1572 754 ;
1618 690 1751 745 ter-
1860 687 2141 746 Domini.
2176 685 2635 763 Respondetur
2671 685 2872 748 luisse
2901 685 3032 746 lato
3065 683 3263 745 modo
3297 683 3406 742 Sa-

223 803 300 865 tio
355 804 836 872 corroboratio:
889 808 1116 881 quarto
1162 801 1454 864 sanitatis
1497 806 1753 861 restau-

215 921 393 990 ratio,
455 926 520 983 et
546 923 639 983 sic
670 937 741 983 se
783 920 1029 982 habent
1073 919 1157 980 ad
1206 921 1403 979 vitam
1453 917 1752 994 spiritua-

217 1037 340 1098 lem
384 1038 752 1117 cujusque;
802 1037 1192 1115 Baptismus,
1243 1035 1353 1114 qui
1414 1038 1515 1095 est
1567 1049 1754 1095 rena-

218 1153 481 1224 scentia,
517 1157 584 1212 et
611 1154 1026 1232 regeneratio
1057 1151 1341 1212 hominis
1363 1149 1426 1210 in
1460 1148 1708 1209 Christo
1736 1165 1751 1218 ;

215 1268 628 1338 Eucharistia.
666 1271 739 1329 ιιι
767 1269 1241 1329 nutrimentum
1269 1287 1283 1338 ;
1317 1263 1757 1334 ConfirmatiO,

220 1386 285 1442 ut
326 1383 797 1452 corroborans:
842 1383 1259 1456 Poenitentia,
1312 1385 1386 1442 ut
1429 1385 1754 1440 restaura-

225 1502 302 1562 tio
330 1498 625 1560 sanitatis
656 1502 906 1562 amissae
933 1515 1054 1577 per
1081 1502 1428 1577 peccatum
1458 1488 1758 1567 mortale,

223 1618 360 1691 post
387 1616 795 1692 Baptismum
828 1616 1287 1686 commissum;
1337 1613 1565 1692 quinto
1614 1611 1760 1671 loco

218 1731 515 1793 Extrema
542 1731 794 1806 Uncti0,
841 1735 910 1793 ut
955 1736 1135 1791 recte
1182 1729 1486 1807 disponat
1517 1742 1760 1789 exeun·

225 1853 344 1909 tem
389 1863 470 1909 ex
514 1848 645 1909 vita
688 1846 968 1919 mortali,
1012 1852 1087 1907 ut
1131 1849 1417 1907 transeat
1445 1847 1510 1906 in
1545 1842 1762 1913 aliam,

224 1978 363 2041 quae
414 1967 517 2024 est
566 1965 913 2041 promissa,
967 1961 1447 2034 immortalem3
1509 1963 1576 2020 et
1631 1958 1766 2019 haec

222 2085 363 2140 sunt
388 2080 710 2160 adjutoria
757 2078 1147 2158 personalia.

296 2197 434 2256 Duo
468 2195 726 2273 reliqua
757 2195 1175 2255 Sacramenta
1204 2192 1562 2270 respiciunt
1594 2207 1767 2252 com-

226 2311 625 2384 munitatem,
675 2311 955 2389 ejusque
985 2308 1624 2385 multiplicationem,
1664 2305 1769 2367 vel

227 2426 287 2484 in
334 2424 476 2489 filiis
537 2425 989 2504 spiritualibus
1033 2432 1097 2487 et
1156 2424 1357 2498 cultu,
1431 2422 1514 2485 ad
1575 2438 1767 2500 quam

230 2541 553 2602 institutus
587 2545 689 2602 est
734 2538 908 2601 Ordo
936 2559 951 2612 ;
988 2539 1092 2601 vel
1136 2540 1201 2599 in
1233 2555 1363 2599 esse
1392 2542 1654 2607 naturae,
1687 2532 1772 2595 ad

130 2700 142 2712 .
236 2656 400 2734 quod
444 2657 816 2719 institutum
851 2661 950 2716 est
993 2654 1489 2719 Matrimonium.

129 2847 193 2881 Bn-

148 3907 228 4002 ff&
256 3921 406 3987 dicta
489 3927 918 3988 Sacramenta
997 3941 1187 3987 novae
1258 3925 1450 4003 legis,
1525 3921 1792 3983 tradunt

149 4031 161 4043 D

150 4032 204 4068 ia,

160 4572 220 4615 nt.

171 5235 222 5290 io.

177 5506 217 5543 .-
284 5445 783 5522 Sacramentum,
836 5449 1020 5526 juxta
1051 5449 1462 5511 Ambrosium
1492 5450 1603 5510 lib.
1638 5451 1695 5512 3.
1731 5450 1808 5510 de

178 5570 227 5608 m.
290 5562 714 5642 Sacram.cap
772 5566 825 5626 l.
862 5565 1264 5645 Cyprianum
1290 5568 1357 5627 in
1384 5582 1577 5628 serm.
1602 5569 1680 5628 de
1710 5565 1800 5627 lo-

179 5618 213 5666 *d

306 2771 474 2833 Alias
560 2771 1029 2851 congruentias
1125 2768 1378 2830 addunt
1460 2769 1776 2828 Doctores

238 2884 417 2963 hujus
460 2887 719 2950 numeri
768 2882 1121 2964 septenarii
1179 2886 1774 2954 sacramentorum,

237 3009 303 3065 ut
354 3006 501 3084 quia
578 3009 837 3083 septem
905 3007 1059 3065 sunt
1111 3004 1406 3075 vulnera,
1473 3001 1576 3064 vel
1625 3001 1775 3079 quia

238 3127 478 3199 septem
535 3126 694 3183 sunt
748 3121 1043 3192 virtutes,
1103 3118 1208 3181 vel
1267 3119 1417 3197 quia
1462 3131 1779 3177 numerus

238 3238 646 3314 septenarius
690 3242 792 3300 est
835 3236 1207 3314 completus
1258 3239 1324 3295 et
1376 3232 1778 3310 approbatus

236 3352 301 3412 in
349 3355 707 3433 Scriptura.
768 3353 899 3415 Sed
960 3354 1140 3430 prior
1195 3352 1625 3429 congruentia
1682 3351 1783 3410 est

241 3465 661 3549 frequentior,
713 3474 779 3530 et
824 3469 1104 3531 sumitur
1131 3485 1213 3531 ex
1241 3467 1371 3529 fine
1403 3468 1781 3527 Sacramen-

247 3590 470 3658 torum,
522 3591 595 3649 et
648 3589 978 3649 sententia
1036 3586 1294 3648 Patrum
1352 3589 1420 3647 et
1462 3582 1787 3645 Concilio-

247 3716 399 3777 rum,
431 3709 504 3765 ut
547 3701 803 3781 patebit
831 3704 896 3763 in
925 3702 1176 3781 specie.

319 3810 440 3871 Nec
484 3811 703 3887 plura,
751 3825 971 3888 neque
1003 3809 1310 3888 pauciora
1343 3824 1488 3871 esse
1522 3809 1788 3885 proprie

256 4055 466 4101 omnes
496 4042 817 4102 Doctores
870 4056 1020 4101 cum
1062 4041 1368 4119 Magistro
1420 4040 1485 4099 in
1529 4036 1651 4098 hac
1699 4037 1790 4098 di-

259 4155 612 4224 stinctione,
656 4171 776 4234 per
822 4153 1326 4234 quadragintos„
1386 4158 1455 4214 et
1511 4152 1791 4230 amplius

261 4284 468 4344 annos,
514 4270 883 4335 secundum
918 4269 1469 4333 consuetudinem
1502 4274 1569 4330 et
1596 4267 1790 4330 fidem

262 4385 559 4451 Ecclesiae.
596 4386 839 4449 Definit
867 4388 1221 4450 novissime
1253 4386 1695 4448 Florentinum
1729 4390 1797 4447 et

159 4506 212 4552 ai.
266 4501 720 4577 Tridentinum,
754 4519 897 4582 quae
926 4503 1359 4580 supponimus
1389 4501 1610 4581 quoad
1640 4516 1794 4579 prae·

269 4633 400 4678 sens
452 4621 516 4681 in
587 4621 814 4697 specie
870 4618 954 4681 de
1011 4619 1285 4698 singulis
1343 4619 1545 4679 acturi
1603 4620 1797 4679 latius

164 4748 237 4803 lin,
272 4739 469 4795 contra
498 4735 874 4807 haereticOS,
918 4750 1198 4813 quorum
1242 4734 1630 4813 vertiginem
1676 4733 1798 4793 be-

273 4862 342 4907 ne
379 4856 556 4913 notat
600 4851 1037 4913 Bellarminus
1084 4856 1235 4910 tom.
1278 4852 1337 4911 2.
1381 4850 1492 4911 lib.
1546 4851 1605 4910 2.
1653 4866 1796 4925 cap.

271 4961 355 5023 23.
385 4966 600 5045 ibique
628 4970 974 5028 enumerat
1004 4981 1234 5027 eorum
1268 4982 1525 5027 errores
1571 4969 1637 5025 et
1667 4964 1797 5026 dis-

273 5078 417 5141 sidia
446 5086 574 5143 tam
603 5083 775 5144 inter
804 5099 903 5156 se,
937 5099 1134 5162 quam
1166 5100 1308 5144 cum
1344 5083 1652 5144 Ecclesia.

3289 518 3404 582 213

3530 704 3667 765 Quid

1865 805 2299 875 cramentum,
2332 818 2464 863 non
2497 806 2717 864 autem
2749 801 3007 881 signum
3049 803 3408 880 practicum
3465 769 3739 882 ⁶⁰¹}2{?<¹,’¹²

1864 920 2129 999 gratiae;
2185 918 2303 982 fuit
2348 922 2613 1000 signum
2656 922 3034 985 humilitatis
3088 925 3154 983 et
3207 920 3409 982 chari·
3496 895 3722 1008 33:¹5¹„

3513 1020 3696 1072 Coena.

1869 1039 2016 1102 tatis
2080 1040 2329 1103 Christi.
2401 1041 2818 1121 significabat
2877 1043 3069 1104 etiam
3136 1041 3411 1122 mystice

1867 1152 2183 1214 lotionem
2211 1156 2645 1233 spiritualem,
2696 1172 2845 1235 quae
2878 1155 3018 1218 fleri
3051 1154 3252 1218 debet
3296 1170 3415 1231 per

1868 1270 2312 1346 poenitentiam
2382 1276 2450 1331 et
2510 1272 3016 1333 abstractionem
3072 1288 3108 1332 a
3166 1276 3418 1348 tempo-

1870 1383 2134 1455 ratibus,
2212 1389 2278 1446 et
2361 1387 2840 1464 purgationem,
2898 1401 3044 1464 quae
3111 1382 3416 1446 facienda
3481 1386 3723 1453 cyrillus.

1874 1504 2013 1561 erat
2059 1516 2177 1576 per
2255 1502 2656 1579 passionem,
2728 1507 2805 1563 ut
2872 1501 3067 1563 docet
3136 1500 3418 1580 Cyrillus

1870 1618 1939 1677 in
1982 1618 2277 1678 eumdem
2350 1616 2562 1679 locum
2591 1663 2607 1689 ,
2639 1617 2927 1696 ideoque
2972 1618 3208 1679 Paulus
3242 1617 3297 1677 l.
3331 1618 3421 1678 ad

1877 1734 2161 1795 Corinth.
2202 1735 2293 1795 ll.
2329 1750 2538 1813 agens
2572 1735 2653 1796 de
2687 1734 3073 1812 probatione
3104 1735 3419 1813 requisita

1876 1845 1960 1906 ad
2003 1848 2522 1920 Sacramentum,
2571 1849 2875 1928 intelligit
2918 1850 3418 1926 poenitentiam:

1877 1965 2101 2024 Probet
2135 1969 2355 2026 autem
2396 1969 2681 2042 seipsum
2722 1966 2934 2040 home,
2981 1965 3143 2028 nihil
3189 1964 3271 2027 de
3330 1966 3421 2028 lo·

1881 2081 2055 2141 tione
2099 2080 2348 2155 pedum
2389 2082 2476 2143 ibi
2521 2084 2776 2162 agitur;
2823 2080 3003 2145 unde
3062 2088 3240 2147 recte
3311 2098 3418 2145 ac-

1882 2199 2339 2263 commodatur
2367 2201 2525 2263 illud
2571 2201 2825 2273 Christi,
2871 2219 2997 2264 non
3040 2203 3188 2264 lotis
3215 2202 3420 2263 mam·-

1884 2318 2001 2378 bus
2061 2316 2274 2396 (adde
2363 2321 2560 2381 etiam
2633 2319 2952 2402 pedibus)
3025 2323 3430 2383 manducare

1872 2452 2138 2510 panem,
2184 2439 2551 2514 coinquinat
2596 2442 2909 2501 animam.

1962 2552 2192 2630 Neque
2248 2568 2541 2631 unquam
2584 2555 2872 2618 Ecclesia
2926 2553 3189 2617 tradidit
3226 2555 3432 2616 ullam

1884 2673 2359 2751 obligationem
2415 2674 2673 2736 lotionis
2730 2672 2979 2751 pedum
3037 2679 3186 2736 ante
3257 2690 3432 2736 sum-

1889 2789 2178 2866 ptionem
2230 2789 2679 2862 Eucharistiae3
2757 2806 2978 2869 neque
3050 2791 3435 2869 proponitur

1886 2905 1973 2967 ibi
2004 2907 2136 2968 ulla
2182 2909 2532 2969 necessitas
2592 2907 2760 2986 ejus,
2809 2910 2960 2987 quia
3012 2908 3427 2970 comminatio

1886 3019 2056 3081 facta
2104 3026 2293 3083 Petro
2326 3021 2447 3085 fuit
2493 3026 2559 3087 iu
2611 3037 2878 3101 poenam
2934 3024 3422 3087 inobedientiae.
3485 3060 3753 3126 chrysost.

1886 3143 1960 3200 ut
2016 3137 2079 3199 in
2136 3139 2321 3200 illum
2377 3139 2596 3203 locum
2665 3139 2862 3204 docet
2924 3140 3431 3223 chrysostomus
3509 3125 3752 3241 {figm-

1893 3267 1960 3323 et
2002 3263 2301 3343 Cyrillus,
2349 3265 2620 3328 Basilius
2663 3266 2771 3326 lib.
2838 3269 2889 3327 l.
2952 3269 3029 3329 de
3084 3268 3436 3343 BaptismO,

1899 3396 1954 3441 c.
2003 3383 2061 3442 2.
2109 3380 2339 3458 Neque
2396 3382 2587 3442 etiam
2636 3382 2747 3444 illa
2779 3384 2933 3444 lotio
2964 3383 3166 3445 habet
3222 3381 3432 3444 effica-

1899 3499 2064 3558 ciam
2125 3497 2392 3560 delendi
2454 3505 2730 3578 peccata
2785 3500 3086 3574 venialia,
3154 3501 3447 3580 alioquin

1896 3614 2185 3675 Ecclesia
2232 3629 2362 3676 non
2397 3619 2855 3678 contemneret
2907 3616 3103 3689 illam,
3157 3621 3225 3677 et
3270 3631 3443 3676 enu-

1897 3737 2266 3794 meraretur
2294 3734 2464 3795 inter
2507 3734 2928 3796 caeremonias
2959 3750 3204 3807 sacras,
3241 3739 3456 3797 esset·

1898 3865 2027 3926 que
2100 3851 2167 3910 in
2255 3867 2384 3911 usu
2454 3850 2861 3929 quotidiano.
2936 3850 3299 3930 Cyprianus
3387 3856 3454 3913 et

1902 3967 2277 4028 Bernartius
2347 3967 2721 4046 intelligunt
2791 3964 2994 4027 fuisse
3068 3968 3449 4027 Sacramen-

1907 4093 2068 4161 tum,
2097 4087 2163 4148 id
2198 4095 2312 4161 est,
2364 4089 2627 4167 signum
2672 4083 3062 4164 quotidianae
3122 4086 3445 4163 expiatio·

1902 4202 2025 4272 nis,
2076 4216 2221 4280 quae
2281 4200 2483 4262 debet
2524 4200 2664 4262 fieri
2722 4200 3074 4261 venialium
3133 4201 3449 4276 peccato-

1903 4333 2069 4378 rum.
2148 4317 2424 4378 Sanctus
2506 4315 2884 4377 Ambrosius
2953 4315 3259 4395 intelligit
3329 4329 3449 4391 per

1905 4436 2400 4494 Sacramentum
2462 4434 2916 4494 caeremoniam
2973 4447 3251 4504 sacram,
3305 4446 3450 4509 quae

1908 4550 1973 4611 in
2031 4548 2360 4627 aliquibus
2406 4548 2709 4610 Ecclesiis
2738 4546 2858 4608 fuit
2883 4548 2947 4608 in
2978 4563 3124 4620 usu,
3162 4551 3229 4608 et
3259 4546 3452 4608 etiam

1910 4665 2230 4744 contingit
2285 4665 2351 4725 in
2397 4664 2723 4742 aliquibus
2766 4662 3220 4743 Religionibus
3262 4678 3451 4723 exer·
3579 4688 3728 4740 Ritu·

1912 4785 2065 4843 ceri.
2096 4784 2287 4844 Juxta
2330 4784 2518 4843 ritum
2553 4786 2773 4843 autem
2808 4783 3112 4843 Romanae
3131 4779 3451 4852 Ecclesiae,
3486 4751 3808 4866 roeossgdum

1915 4914 2045 4960 non
2084 4896 2158 4959 fit
2189 4905 2339 4960 ante
2373 4898 2902 4960 communionem
2933 4898 2996 4959 in
3037 4895 3199 4960 feria
3232 4898 3456 4975 quinta
3533 4879 3748 4994 έζξξξζῇ

1913 5015 1978 5075 in
2025 5014 2226 5075 Coena
2271 5015 2552 5087 Domini,
2599 5014 2719 5076 sed
2783 5019 2930 5091 post
2973 5012 3340 5085 meridiem,
3374 5009 3460 5071 ad

1911 5129 2343 5192 recolendum
2389 5128 2632 5191 factum
2685 5133 2751 5191 et
2795 5132 3176 5208 exemplum
3224 5128 3463 5191 Christi

345 5214 464 5276 Sed
515 5217 791 5298 Objissies
848 5216 1165 5280 lotionem
1247 5216 1493 5295 pedum
1562 5216 1803 5277 factam
1916 5246 2196 5319 Domini,
2253 5246 2434 5326 quod
2485 5262 2617 5308 non
2663 5246 2869 5318 fieret,
2923 5246 2974 5308 si
3022 5253 3199 5310 esset
3228 5245 3462 5308 efficax

282 5343 314 5386 a
350 5328 588 5396 Christo
636 5336 914 5397 Domino
960 5333 1025 5396 5¹¹
1070 5334 1292 5394 ”mma
1358 5333 1553 5395 coena
1602 5332 1805 5394 fuisse
1918 5362 2416 5424 Sacramentum
2462 5363 2865 5425 remissionis
2923 5369 3370 5442 peccatorum.

179 5656 241 5737 ια’.
290 5675 439 5740 tione
462 5683 727 5757 pedum,
776 5679 1185 5743 Bernardum
1246 5698 1437 5743 serm.
1487 5682 1565 5743 de
1610 5685 1806 5744 Coena
