4255 6375
1368 414 1567 477 Dls'r.
1615 415 1712 477 lv.
1762 413 2122 490 QUAEs'rto
2169 415 2270 476 v1.

239 574 471 642 tendit
514 597 697 644 suam
740 577 1135 644 activitatem
1196 577 1364 643 ultra
1416 575 1812 642 activitatem

237 702 305 758 et
379 692 748 778 potentiam
800 714 1018 759 causoe
1087 692 1491 779 principaliS,
1546 691 1655 778 qui
1716 685 1816 756 cst

236 812 445 887 DeuS,
513 821 581 875 ut
627 809 1374 888 assistitSacramentis,
1447 808 1809 876 Tridentin.

232 947 401 991 sess.
475 929 542 993 6.
597 949 742 1014 cap.
804 932 866 994 7.

328 1039 644 1106 Secundo
716 1041 1169 1119 confirmatur,
1244 1060 1371 1105 non
1435 1051 1534 1106 est
1602 1039 1813 1127 magis

164 1140 184 1222 ¹.
235 1157 319 1222 de
379 1157 665 1223 veritate
716 1160 994 1244 practica
1049 1157 1279 1223 formas
1331 1157 1639 1244 Baptismi
1710 1177 1810 1223 re-

239 1272 515 1338 mittere
577 1284 939 1358 peccatum,
1027 1293 1220 1361 quam
1293 1273 1594 1339 conferre
1665 1295 1806 1360 gra·

232 1387 430 1466 tiam,
495 1387 625 1454 imo
677 1389 800 1455 hoc
844 1389 1059 1475 magis
1125 1388 1296 1454 cadit
1364 1389 1427 1453 in
1471 1389 1809 1454 veritatem

233 1503 480 1570 sormae
524 1505 881 1592 practicam
938 1520 1000 1570 et
1047 1505 1402 1583 efficacem,
1458 1506 1610 1593 quia
1666 1527 1810 1591 gra-

225 1618 315 1684 tia
382 1632 493 1686 est
562 1621 889 1687 terminus
930 1621 1021 1687 ad
1061 1642 1272 1707 quern,
1320 1622 1642 1687 terminus
1691 1642 1810 1688 au-

232 1746 367 1801 tem
430 1759 474 1802 α
526 1758 652 1823 quo
705 1750 804 1803 est
866 1750 1236 1824 peccatum,
1282 1759 1492 1824 neque
1541 1738 1810 1804 remittit

230 1852 426 1937 illud,
503 1866 616 1918 aut
676 1854 1022 1921 remissiva
1073 1866 1174 1921 est
1225 1854 1493 1940 peccati,
1562 1854 1689 1920 nisi
1742 1866 1811 1920 ut

231 1969 507 2036 confert
546 1971 823 2057 gratiam
879 1971 1243 2058 peccatori;
1312 1971 1632 2037 terminus
1699 1992 1807 2037 au-

236 2096 375 2153 tem
441 2087 539 2153 ad
593 2108 777 2174 quem
837 2088 900 2154 in
962 2087 1257 2175 physicis
1325 2100 1387 2153 et
1454 2087 1810 2152 moralibus

240 2204 467 2292 magis
510 2203 874 2270 intenditur
924 2205 1007 2270 ab
1049 2215 1308 2291 agente,
1343 2204 1496 2292 quia
1547 2225 1661 2290 per
1708 2225 1801 2282 se,

242 2319 575 2387 terminus
619 2343 661 2385 a
709 2342 834 2407 quo
886 2341 1000 2408 per
1046 2319 1378 2386 accidens.
1449 2320 1631 2385 Actio
1689 2341 1805 2385 au-

158 2443 224 2555 251
247 2449 381 2501 tem
445 2437 881 2523 baptismalis,
928 2449 1001 2502 ut
1039 2449 1141 2503 est
1216 2438 1385 2503 circa
1444 2448 1800 2521 peccatum,

158 2587 195 2623 s.
245 2552 625 2640 concipitur
675 2575 791 2639 per
838 2553 1100 2620 modum
1174 2553 1689 2638 regenerationis
1745 2563 1806 2619 ct

245 2668 781 2754 justificationis,
829 2669 893 2734 iu
938 2670 1179 2757 quibus
1218 2669 1539 2736 terminus
1587 2693 1626 2735 a
1683 2692 1807 2757 qao

248 2795 357 2850 est
400 2797 767 2872 peccatum,
817 2799 885 2850 ut
929 2784 1294 2872 concipitur
1323 2797 1628 2873 tanquam
1674 2786 1809 2873 pri-

250 2898 434 2965 vatio
466 2899 649 2980 vitae,
686 2921 834 2987 quae
857 2911 957 2966 est
990 2900 1450 2986 perjustitiam
1481 2924 1496 2980 ;
1535 2899 1808 2988 ideoque

245 3024 380 3079 tam
426 3015 767 3102 Scriptura
825 3036 1020 3101 quam
1067 3019 1287 3082 Patres
1327 3015 1497 3083 hanc
1536 3037 1806 3103 regene-

247 3130 575 3197 rationem
679 3131 1007 3218 explicant
1101 3152 1214 3219 per
1301 3133 1799 3212 renascentiam,

244 3247 763 3328 mundationem,
851 3248 1278 3329 ablutionem,
1379 3249 1801 3316 sanctificati-

240 3384 433 3431 onem
480 3385 516 3430 a
568 3375 852 3450 peccam,
916 3364 980 3429 in
1041 3364 1279 3451 quibus
1309 3364 1616 3431 omnibus
1659 3387 1798 3452 pec-

242 3491 460 3549 catum
529 3494 918 3548 connotatur
975 3494 1046 3547 ut
1123 3483 1442 3549 terminus
1516 3508 1558 3547 a
1619 3504 1743 3570 quo
1783 3537 1798 3563 ,

246 3597 386 3682 ipsa
460 3596 696 3685 gratia,
753 3606 823 3662 ut
855 3596 1270 3663 sanctificans
1336 3608 1399 3663 et
1452 3597 1796 3679 mundam,

247 3734 577 3801 generans
616 3714 693 3781 ad
753 3714 980 3793 vitam,
1020 3714 1415 3801 justificanS,
1465 3726 1534 3781 ut
1581 3716 1803 3781 termi-

253 3849 375 3896 nus
414 3831 509 3896 ad
555 3852 767 3918 quem.

152 3978 200 4021 η,
341 3949 420 4013 Et
461 3946 822 4013 novissime
854 3945 1304 4013 Tridentinum
1335 3968 1488 4012 sesa.
1530 3949 1600 4012 6.
1648 3968 1794 4032 cap.

152 4041 230 4085 Μ·
257 4066 318 4129 5.
382 4076 443 4130 et
522 4069 586 4132 Ἴ.
659 4064 723 4130 in
782 4063 1221 4149 descriptione
1279 4063 1794 4151 justificationiS,

253 4180 527 4268 ejusque
556 4181 990 4267 explicatione
1021 4180 1117 4247 sic
1146 4180 1330 4246 docet
1367 4203 1381 4246 ε
1413 4202 1557 4247 esse
1591 4193 1797 4247 trans-

253 4295 566 4364 lationem
599 4300 679 4365 ab
710 4321 782 4363 eo
812 4310 1012 4377 statu,
1051 4299 1124 4364 in
1157 4320 1282 4384 qao
1312 4300 1460 4384 quis
1504 4301 1802 4365 nascitur

251 4414 434 4495 filias
472 4416 713 4500 Adam,
777 4416 869 4481 ad
923 4426 1166 4482 statam
1197 4416 1579 4502 adoptionis
1614 4417 1798 4498 filio-

258 4550 423 4615 ram,
461 4546 586 4601 etc.
621 4544 685 4597 et
714 4532 1007 4619 loquitur
1051 4531 1130 4597 de
1187 4552 1285 4612 ea,
1354 4553 1504 4618 quoe
1558 4531 1628 4598 lit
1685 4553 1800 4618 per

259 4647 681 4734 Baptismum‚
720 4648 827 4714 ubi
867 4647 1133 4713 denotat
1175 4646 1526 4713 terminum
1574 4670 1614 4713 a
1674 4668 1800 4734 quo

258 4780 397 4830 esse
435 4776 799 4853 peccatum,
840 4764 930 4829 ad
970 4785 1159 4850 quem
1189 4784 1344 4829 vero
1428 4764 1705 4851 gratiam
1739 4778 1802 4830 et

260 4880 740 4947 renovationem
786 4878 1118 4945 interioris
1171 4879 1482 4945 hominis.

148 5012 220 5050 >m-
347 5000 422 5064 Et
458 4999 705 5086 opttme
780 4996 983 5064 Divus
1041 4997 1325 5063 Thomas
1395 4998 1467 5062 in
1524 5004 1586 5063 4.
1642 4999 1797 5065 dist.

204 5105 325 5178 l.
388 5127 612 5202 quaest.
684 5119 742 5180 1.
815 5125 953 5181 art.
1050 5119 1110 5180 1.
1176 5115 1653 5200 qitoestiimmla
1731 5120 1791 5181 l.

269 5230 353 5294 ad
401 5236 461 5299 1.
507 5243 568 5297 et
628 5242 855 5319 (χαίρει.
906 5234 1014 5297 28.
1050 5230 1133 5296 cle
1173 5232 1488 5312 veritate,
1537 5244 1677 5298 art.
1727 5237 1791 5297 1.

273 5345 338 5410 ἰη
418 5370 717 5435 corpore,
855 5346 1209 5433 distinguit
1299 5348 1650 5414 terminum
1769 5371 1809 5414 α

273 5480 388 5543 quo
445 5462 964 5551 justificationiS,
1056 5463 1119 5527 in
1200 5484 1358 5549 pure
1428 5464 1806 5550 negativum

280 5573 523 5659 lormoe,
589 5600 716 5666 quo
784 5579 975 5646 modo
1046 5577 1501 5645 inveniebatur
1551 5579 1615 5644 in
1685 5586 1808 5646 An-

3363 408 3482 471 469

1923 575 2114 663 gelis,
2154 586 2218 642 et
2259 575 2470 662 primo
2515 574 2780 640 homine
2849 574 2911 639 in
2984 584 3154 641 statu
3209 572 3473 659 integri-

1925 693 2100 772 tatis,
2159 691 2545 779 Justificatio
2595 691 2953 776 procedens
3012 710 3090 755 ex
3162 709 3320 775 pura
3373 709 3472 754 ca·

1926 809 2134 875 rentia
2177 807 2428 886 formfe,
2474 807 2553 872 ad
2587 807 2792 892 ipsam
2828 801 3127 871 formam.
3166 806 3307 871 Alio
3343 827 3474 871 mo·
3615 850 3728 898 Non

1924 925 2032 1003 do,
2079 936 2152 991 ut
2227 923 2539 1010 supponit
2576 921 2998 1000 contrarium
3039 921 3135 986 vel
3181 922 3478 1006 rigorose
3533 913 3800 964 ⁰0⁰⁰0¹⁸¹i

3569 981 3798 1024 eccatum

1927 1040 2332 1128 negativum,
2378 1052 2448 1107 ut
2484 1049 2576 1105 est
2606 1036 3035 1125 justificatio
3022 1037 3228 1123 impii,
3290 1051 3354 1105 et
3412 1038 3476 1103 in
3534 987 3669 1086 puisi
3705 1044 3762 1088 ut

1924 1177 2050 1245 qua
2079 1157 2380 1223 consistit
2409 1155 2575 1222 actio
2616 1153 3046 1240 baptismalis,
3089 1174 3237 1241 quas
3302 1153 3478 1220 nullo
3526 1100 3801 1228 ίθέηᾷιῗοιῖω

1926 1273 2115 1339 modo
2149 1273 2537 1359 imaginario
2569 1284 2873 1337 connotat
2918 1281 3279 1357 peccatum,
3348 1271 3475 1336 nisi

1925 1400 1995 1456 ut
2024 1390 2374 1456 terminum
2399 1413 2437 1455 a
2470 1401 2737 1477 q110,aut
2763 1386 3122 1473 significat3
3153 1407 3309 1472 ergo
3332 1408 3476 1473 gra-

1922 1507 2035 1591 tia,
2081 1527 2230 1592 qua?
2270 1515 2368 1570 est
2397 1503 2717 1570 terminus
2749 1501 2838 1567 ad
2870 1523 3081 1587 quem,
3130 1502 3340 1587 magis
3374 1523 3474 1566 ca·

1921 1623 2014 1688 dit
2045 1622 2168 1688 sub
2201 1620 2473 1687 veritate
2534 1619 2785 1699 formae,
2837 1638 3030 1704 quam
3079 1630 3412 1703 peccatum
3450 1643 3474 1696 ,-

1923 1758 2052 1827 quo
2116 1735 2479 1822 suppositO,
2549 1734 2644 1800 sic
2693 1733 3051 1800 subsumo:

2013 1852 2138 1917 Sed
2197 1852 2275 1918 de
2338 1850 2462 1918 lide
2518 1864 2638 1927 est,
2711 1849 2982 1914 formam
3042 1869 3186 1914 esse
3249 1869 3469 1914 veram
3620 1893 3699 1942 35·

1924 1971 1990 2037 in
2074 1971 2226 2037 ficto
2322 1970 2425 2035 vel
2494 1967 2803 2035 haeretico
2883 1979 2945 2033 et
3024 1967 3466 2042 schismaticO,

1922 2089 2223 2176 quamvis
2286 2109 2412 2154 non
2480 2089 2809 2175 significet
2868 2085 3278 2151 collationem
3319 2105 3475 2171 gra-

1921 2207 2052 2286 tire,
2101 2228 2240 2286 nec,
2278 2205 2450 2294 quod
2501 2204 2780 2290 amplius
2856 2215 2974 2274 est.
3015 2200 3467 2267 remissionem

1923 2322 2119 2388 ullam
2193 2321 2436 2408 peccati
2479 2341 2673 2407 ;ergo
2714 2320 2908 2384 etiam
2958 2338 3105 2384 vera
3163 2338 3310 2384 esse
3351 2339 3468 2402 po-

1919 2447 2046 2502 test
2105 2457 2141 2501 a
2214 2437 2485 2517 fortiori,
2566 2436 2631 2501 in
2708 2435 2898 2500 eoin
2969 2455 3099 2520 quo
3141 2432 3470 2518 significat

1919 2552 2220 2638 gratiam,
2314 2553 2614 2639 quamvis
2691 2551 2931 2616 nullam
3014 2550 3466 2616 remissionem

1920 2669 2191 2755 peccati,
2274 2682 2385 2736 aut
2443 2669 2654 2756 ipsum
2729 2678 3063 2754 peccatum
3119 2678 3454 2732 connotat.

2007 2782 2800 2862 Confirmatu1·,eatenus
2877 2785 3012 2869 agit
3099 2784 3470 2869 Baptismus
3501 2840 3673 2890 'renna
3702 2853 3814 2888 con-

1918 2901 1997 2968 ad
2058 2902 2510 2970 temissionem
2572 2899 2837 2986 peccati,
2875 2912 3198 2986 quatenus
3276 2899 3469 2964 habet
3499 2903 3747 2955 firmatio

1918 3017 2274 3083 efficaciam
2317 3016 2730 3082 conferendas
2791 3014 3328 3104 primm-gratim,
3396 3027 3467 3081 ut

1918 3133 2317 3221 supponitur
2366 3154 2445 3199 cx
2484 3131 2695 3214 dictis,
2733 3144 2796 3198 et
2837 3144 3010 3218 patet
3051 3152 3129 3197 ex
3174 3131 3461 3199 Trident.

1919 3271 2092 3318 sess.
2150 3256 2219 3315 5.
2282 3270 2427 3337 cap.
2472 3254 2536 3316 9.
2589 3250 2910 3327 Quanwt's
2949 3260 3171 3313 autem
3244 3269 3467 3313 vetes-

1918 3369 2179 3432 sarittm
2220 3369 2305 3432 sit
2337 3367 2627 3446 credere,
2683 3388 2886 3452 neque
2964 3367 3223 3431 remitti
3263 3386 3470 3451 neque

1916 3483 2195 3547 remissa
2292 3503 2586 3567 unquam
2672 3483 2881 3564 fnisse
2960 3492 3251 3566 peccata,
3334 3482 3472 3545 uisi

1917 3604 2132 3685 qratis
2162 3602 2398 3668 divina
2428 3598 2919 3675 misericordia,
2966 3611 3089 3663 etc.
3127 3598 3462 3673 Quomodo

1914 3734 2131 3787 autem
2206 3718 2338 3796 liat,
2423 3716 2643 3783 <locuit
2702 3738 2845 3803 cap.
2895 3718 2959 3780 Ἴ.
3071 3714 3470 3800 Quanquam

1914 3841 2115 3913 enim,
2182 3836 2417 3922 inquit,
2490 3855 2681 3899 nemo
2743 3833 2952 3918 possit
3020 3852 3153 3895 csse
3210 3836 3458 3918 jusum,

1915 3955 2051 4019 nisi
2090 3954 2200 4018 cui
2255 3953 2496 4016 merita
2550 3926 2886 4035 passionis
2948 3948 3218 4011 Domini
3250 3949 3467 4012 nostri

1911 4074 2061 4138 Iesu
2098 4070 2355 4135 Christi
2384 4068 2994 4145 communicantur,
3036 4065 3105 4130 id
3146 4077 3363 4132 tamen
3398 4067 3469 4134 in

1913 4192 2037 4255 hac
2067 4187 2265 4272 impii
2311 4184 2797 4272 justificatione
2824 4182 2923 4264 sit,
2963 4181 3120 4245 dum
3179 4181 3473 4268 ejusdcm

1908 4303 2345 4370 sanctissima»
2366 4300 2701 4385 passionis
2734 4298 2970 4362 merito
2990 4318 3112 4383 per
3141 4298 3474 4381 Spiritum

1910 4431 2212 4487 sanctam
2245 4418 2546 4482 charitas
2576 4417 2701 4479 1102·
2756 4414 3175 4499 diffunditur
3222 4415 3293 4478 in
3328 4435 3476 4478 cor-

1911 4526 2102 4604 dibus
2124 4556 2348 4601 eornm
2368 4532 2956 4619 quijustilicantm·
2976 4541 3167 4616 atquc
3198 4532 3357 4616 ipsis
3378 4533 3476 4597 in·

1911 4658 2137 4733 liceret,
2176 4665 2297 4718 etc.
2345 4655 2420 4718 Et
2455 4649 2617 4715 inl'ra
2660 4648 3007 4734 assignans
3050 4670 3311 4714 causam
3353 4651 3477 4716 sor-

1914 4773 2147 4838 malem
2177 4768 2701 4857 justificationiS,
2738 4777 2799 4833 et
2852 4766 3414 4832 instrumentalem
3453 4791 3465 4834 :

1914 4877 2454 4945 Instrumentalis
2485 4877 2640 4940 item
2673 4877 3181 4941 Sacramentum
3240 4876 3471 4960 Bapti-

1912 4997 2201 5075 smi,etc.
2237 4994 2500 5059 demum
2535 4994 2739 5058 unica.
2769 4993 3085 5076 formatis
3118 5013 3317 5057 causa
3351 5003 3467 5070 est,

1910 5113 2190 5201 justitia
2259 5111 2405 5187 Dei,
2483 5130 2617 5174 non
2682 5130 2810 5194 qua
2893 5110 3032 5194 ipse
3083 5112 3304 5195 justus
3352 5119 3468 5190 est,

1916 5229 2033 5295 sed
2113 5250 2241 5315 qua
2308 5248 2428 5291 nos
2456 5230 2676 5312 justos
2740 5228 2930 5311 facit,
2984 5248 3105 5308 gra
3167 5225 3475 5290 videlicet

1920 5348 2000 5414 ab
2070 5368 2144 5411 co
2174 5345 2413 5411 donati
2453 5363 2875 5419 renovamur,
2912 5355 3035 5408 ete.
3062 5343 3235 5429 jttsti
3258 5343 3470 5406 nomi-

1921 5485 2168 5531 namur
2218 5474 2278 5528 ct
2324 5483 2568 5539 sunum,
2608 5461 2947 5547 justitiam
2982 5461 3051 5523 in
3085 5459 3270 5524 nobis
3299 5461 3436 5525 reci
3451 5498 3469 5508 ·

1922 5582 2201 5666 pientes,
2266 5593 2388 5644 etc.
2426 5598 2583 5664 ergo
2615 5574 2868 5661 quoties
2911 5575 3271 5641 absolvitur
3330 5574 3461 5639 for-
