4255 6375
1396 437 1594 499 ms'r.
1629 439 1702 498 V.
1750 433 2112 513 QUAESTIO
2159 437 2235 496 11.

765 766 1229 848 QUAESTIO
1330 769 1434 839 II.

275 1051 391 1117 An
420 1052 760 1137 recipiens
800 1051 1219 1137 Baptismum
1255 1051 1542 1115 scienter
1586 1072 1629 1116 a
1661 1052 1839 1116 malo
1887 1133 1890 1136 .

560 1168 893 1245 miniser,
931 1166 1308 1231 mortaliter
1347 1176 1565 1252 peccet
1597 1166 1630 1231 ξ)

277 1419 343 1471 D.
373 1414 572 1470 Thom.
600 1415 655 1469 d.
690 1414 745 1469 5.
779 1429 830 1482 q.
859 1415 914 1469 2.
955 1430 1010 1469 a.
1054 1416 1110 1468 2.
1152 1420 1201 1467 et
1219 1414 1273 1468 3.
1301 1428 1362 1480 p.
1383 1428 1436 1481 q.
1466 1414 1557 1469 64.
1587 1427 1643 1484 q.
1683 1412 1839 1469 6.Ri-

348 1482 715 1551 chard.hic,a.
743 1485 797 1541 3.
830 1502 881 1553 q.
917 1487 967 1541 4.
990 1487 1185 1539 Covar.
1213 1485 1352 1538 alma
1373 1488 1542 1540 mater
1557 1501 1616 1552 p.
1643 1486 1695 1539 1.
1727 1491 1762 1550 s·
1785 1489 1838 1540 2..

357 1575 527 1612 num.
580 1561 635 1614 7.
679 1559 835 1611 Solus
862 1558 919 1609 d.
994 1556 1041 1609 1.
1082 1573 1135 1624 q.
1188 1556 1243 1611 5.
1278 1572 1330 1609 a.
1386 1559 1440 1612 ὃ.
1476 1558 1636 1612 Suar.
1683 1560 1737 1612 3.
1779 1573 1838 1624 p.

355 1637 507 1685 tom.
542 1631 599 1685 3.
644 1629 699 1684 d.
736 1629 820 1684 11.
855 1634 980 1683 sect.
1011 1631 1123 1682 ult.

380 1869 502 1942 Ad
545 1868 978 1940 secundum
1050 1865 1164 1938 sic
1229 1866 1703 1958 proceditur
1759 1870 1839 1940 et

227 1984 708 2077 ·arguitur,
801 1981 1004 2076 quod
1061 1981 1459 2075 recipiens
1520 1981 1840 2073 Baptis-

288 2122 520 2173 mum
555 2121 600 2172 a
639 2099 852 2171 malo
888 2098 1267 2178 scienter,
1308 2101 1586 2190 peccat
1633 2118 1840 2170 mor-

283 2217 603 2299 taliter,
703 2216 892 2309 quia
970 2215 1403 2289 secundum
1499 2213 1838 2287 Ambro-

285 2334 509 2405 sium
549 2334 639 2405 de
688 2330 1106 2405 initiandis
1145 2331 1520 2403 rudibus:
1573 2333 1703 2408 Qui
1733 2333 1840 2417 fa-

283 2454 504 2533 ciunt,
542 2464 603 2518 ec
659 2452 895 2538 quibus
931 2451 1219 2537 faciunt,
1276 2450 1457 2515 nihil
1517 2450 1790 2535 prodest
1815 2501 1832 2532 ,

280 2569 405 2635 sed
444 2570 534 2635 ad
554 2570 891 2656 judicium
922 2579 1036 2635 esc.
1081 2564 1479 2658 Loquitur
1535 2565 1626 2635 de
1680 2581 1836 2633 ma—

286 2693 397 2765 lis
450 2685 1072 2783 baptizantibus,
1125 2695 1207 2763 et
1259 2688 1838 2781 recipientibus

289 2811 395 2884 ab
426 2809 545 2881 eis
577 2807 1114 2912 Baptismum.

160 2938 252 2990 .2.
385 2930 828 3009 Praeterea,
909 2945 1358 3020 cooperans
1438 2926 1671 3000 alicui
1743 2926 1836 2998 ad

295 3047 788 3139 peccandum
931 3045 1423 3126 mortaliter,
1562 3048 1839 3137 peccat

290 3162 794 3248 mortaliter,
833 3163 1018 3257 quia
1048 3165 1174 3236 est
1233 3166 1524 3236 contra
1583 3161 1841 3237 chari-

295 3282 554 3355 tatem
631 3277 1085 3354 fraternam
1145 3304 1160 3361 ;
1235 3280 1368 3353 sed
1430 3281 1563 3353 ille
1638 3281 1841 3353 reci-

290 3397 524 3491 piens
575 3397 1084 3489 Baptismum
1129 3418 1174 3469 a
1257 3396 1633 3472 ministro
1675 3418 1841 3474 ma-

293 3515 402 3596 lo,
469 3518 967 3606 cooperatur
1009 3513 1159 3587 sibi
1216 3513 1297 3586 in
1359 3520 1538 3588 actu
1590 3515 1836 3607 bapti-

293 3630 553 3713 zandi,
601 3612 680 3701 111
742 3652 896 3723 quo
950 3636 1232 3723 peccat
1321 3632 1838 3714 mortaliter;

297 3768 528 3841 ergo,
564 3752 717 3821 etc.
1569 3733 1572 3736 ’

165 3890 268 3943 ,3.
398 3868 837 3946 Praeterea,
913 3871 1090 3939 esto
1177 3866 1385 3958 quod
1470 3864 1848 3939 minister

303 3987 555 4059 vellet
587 3986 1107 4058 committere
1152 3966 1552 4059 malitiam
1587 3985 1846 4060 Simo-

303 4104 462 4177 niae
558 4102 639 4174 in
725 4102 1208 4195 conferendo
1307 4104 1843 4197 Baptismum,

306 4224 506 4311 puta
597 4217 851 4291 nollet
945 4219 1390 4311 baptizare,
1461 4219 1615 4291 nisi
1699 4240 1847 4312 pro

307 4339 672 4430 pecunia,
710 4358 872 4410 non
916 4342 1192 4428 posset
1227 4338 1525 4429 aliquis
1588 4338 1686 4410 ab
1733 4359 1847 4433 ,66

307 4453 700 4546 recipere,
759 4455 916 4527 nisi
984 4454 1538 4528 committeret
1602 4454 1850 4527 Simo·

305 4570 552 4653 niam,
594 4571 778 4665 quia
813 4572 880 4644 si
929 4572 1278 4643 vendens
1311 4581 1427 4642 est
1470 4571 1851 4644 simonia-

308 4709 481 4768 cus,
524 4695 604 4762 et
638 4709 956 4771 emens;
992 4708 1190 4781 ergo
1235 4689 1528 4762 saltem
1572 4688 1654 4760 in
1709 4688 1848 4761 illo

309 4824 503 4877 casu
532 4804 932 4897 recipiens
977 4804 1092 4878 sic
1160 4826 1206 4877 a
1253 4806 1466 4876 malo
1497 4860 1513 4887 ,
1575 4809 1849 4897 peccat

316 4921 811 4994 mortaliter.

161 5044 209 5094 io
403 5037 885 5130 Oppositum
917 5039 1008 5125 de
1065 5062 1315 5108 consec.
1361 5041 1516 5107 disc.
1571 5042 1635 5111 4.
1700 5065 1844 5129 cap.

311 5156 757 5237 RomanuS,
809 5154 1109 5227 dicitur
1165 5175 1239 5225 111
1319 5157 1473 5227 fine
1539 5157 1850 5250 capitu-

309 5273 365 5344 li
403 5297 419 5340 :
457 5275 788 5339 Romanus
830 5275 1156 5351 Pontisem
1200 5296 1336 5340 non
1398 5275 1685 5342 attendit
1743 5279 1853 5342 ho-

307 5394 576 5472 minem,
640 5391 755 5477 qui
794 5390 1112 5477 baptizat.
1166 5392 1282 5457 sed
1311 5392 1540 5473 Deum,
1581 5395 1704 5458 etsi
1729 5416 1849 5479 pa-

307 5525 524 5590 yanus
561 5504 671 5581 sic,
700 5505 816 5591 qui
856 5503 1176 5590 baptizat.

399 5618 814 5689 Praeterea
953 5618 1456 5701 Augustinus
1605 5640 1852 5711 super

3395 429 3514 493 507

1951 595 2186 666 Joan.
2239 597 2470 664 homil.
2515 597 2581 668 5.
2644 606 2728 662 el.
2775 596 2839 665 1.
2894 616 2955 683 q.
3028 595 3093 664 1.
3175 613 3321 680 cap.
3420 588 3495 660 Si

1948 710 2225 791 fuerit,
2279 734 2411 779 non
2456 716 2813 781 exhorreat
2882 710 3180 777 columba
3208 709 3495 775 ninisle-

1946 832 2131 895 rium
2162 830 2517 897 malorum.

2482 1106 2566 1161 SC
2576 1107 2794 1163 HOLIU
2804 1108 2883 1163 M.

2024 1370 2226 1426 Posita
2257 1367 2497 1438 duplici
2531 1367 2857 1433 sententia,
2891 1365 3151 1422 resolvit
3205 1363 3499 1436 probabi—

1951 1471 2075 1524 lius
2134 1483 2292 1536 esse,
2354 1465 2557 1522 teneri
2615 1466 2901 1521 adultum
2968 1468 3035 1520 in
3130 1468 3498 1523 necessitate

1950 1572 2232 1623 extrema
2254 1566 2540 1635 accipere
2562 1562 2950 1633 Baptismum
2970 1577 3005 1618 a
3029 1562 3317 1618 ministro
3336 1577 3501 1633 prae-

1951 1665 2078 1719 ciso
2107 1663 2241 1733 (qui
2277 1660 2453 1717 modo
2483 1664 2723 1716 tantum
2754 1663 3047 1716 censetur
3069 1659 3500 1714 excommuni-

1951 1766 2123 1817 catus
2156 1759 2547 1824 nominatim,
2606 1759 2707 1812 vel
2766 1757 2842 1813 ob
2900 1756 3204 1814 notoriam
3252 1757 3501 1826 injecti-

1953 1873 2133 1914 onem
2169 1870 2471 1913 manuum
2494 1856 2560 1911 in
2585 1856 3016 1925 Clericum),et
3044 1856 3158 1911 hoc
3188 1860 3323 1926 post
3343 1856 3503 1911 Con-

1953 1958 2058 2012 cil.
2086 1957 2559 2034 Constantiense
2617 1961 2676 2012 et
2707 1955 2896 2011 Basil.
2930 1954 3356 2011 certissimum
3388 1957 3499 2034 est.

1955 2056 2175 2113 Probat
2204 2058 2430 2127 prim0,
2464 2056 2612 2126 quia
2644 2057 3012 2125 praeceptum
3066 2053 3142 2108 de
3191 2054 3505 2124 Baptismo

1951 2161 2042 2211 est
2092 2154 2383 2210 divinum
2418 2197 2432 2217 ‚
2468 2152 2543 2209 de
2602 2168 2722 2208 non
2781 2151 3302 2208 communicando
3359 2165 3501 2205 cum

1952 2253 2508 2317 excommunicato,
2589 2252 3118 2307 Ecclesiasticum.
3200 2247 3500 2314 Secunde,

1952 2351 2529 2407 excommunicatus
2585 2355 2835 2406 tenetur
2864 2349 3295 2418 agonizantem
3345 2360 3503 2417 pue—

1952 2463 2095 2504 rum
2116 2448 2456 2518 baptizare.
2493 2448 2718 2515 Tertio,
2751 2463 2827 2503 ex
2862 2450 3126 2516 August.
3164 2445 3266 2503 hic
3317 2446 3502 2503 citato

1951 2550 2011 2602 et
2042 2545 2150 2602 lib.
2189 2549 2243 2601 6.
2278 2561 2414 2617 cap.
2448 2547 2503 2603 5.
2536 2551 2597 2603 et
2627 2546 2903 2603 refertur
2949 2544 3025 2601 (16
3059 2559 3227 2601 cens.
3260 2542 3320 2600 d.
3352 2545 3407 2599 4.
3442 2559 3496 2600 6.

1953 2645 2277 2717 quomod0.

2043 2922 2195 2994 Hic
2228 2924 2328 3011 (a)
2361 2920 2896 3013 distinguitur
2925 2921 3016 2992 de
3051 2919 3307 3001 malo;
3355 2926 3493 2996 aut

1943 3043 2072 3113 est
2126 3038 2517 3132 praecisus
2552 3038 2651 3109 ab
2692 3037 3057 3111 Ecclesia
3090 3036 3488 3120 totaliter,

1951 3157 2077 3229 vel
2134 3156 2227 3229 ad
2286 3155 2794 3249 tempus;vel
2846 3177 3004 3229 non
3075 3154 3489 3250 praecisus,

1955 3276 2084 3348 sed
2119 3273 2595 3368 permissus.
2640 3275 2754 3346 De
2805 3272 3043 3346 istius
3074 3272 3496 3346 divisionis

1957 3392 2342 3465 membris
2386 3411 2531 3485 per
2566 3390 2931 3463 ordinem
2971 3390 3402 3464 videamus.

2044 3513 2160 3583 De
2197 3509 2464 3602 primo
2506 3509 2631 3598 (b),
2689 3510 2873 3581 sunt
2916 3508 3068 3581 duo
3116 3506 3327 3579 modi
3386 3506 3501 3579 di-

1956 3625 2178 3698 cendi
2217 3625 2610 3718 oppositi:
2660 3645 2892 3706 unuS,
2931 3624 3136 3715 quod
3182 3624 3506 3697 tenetur

1958 3741 2253 3832 aliquis
2290 3760 2335 3813 a
2369 3740 2516 3815 tali
2552 3740 2916 3831 recipere
2966 3737 3503 3841 Baptismum,

1964 3861 2226 3933 sinon
2261 3857 2522 3952 possit
2570 3857 2869 3930 habere
2945 3856 3197 3927 alium
3277 3855 3500 3927 mini-

1966 3983 2257 4058 strum,
2299 3976 2486 4068 quia
2521 3975 2989 4068 Baptismus
3058 3977 3184 4046 est
3217 3975 3502 4046 Sacra-

1964 4099 2324 4166 mentum
2370 4091 2910 4164 necessitatis.
2948 4088 3175 4163 Alius
3231 4088 3510 4161 modus

1960 4209 2265 4283 dicendi
2305 4212 2452 4291 est,
2500 4208 2706 4300 quod
2738 4211 3062 4280 tenetur
3110 4225 3269 4277 non
3304 4205 3511 4277 reci-

1962 4347 2156 4420 pere
2224 4326 2321 4398 ab
2396 4346 2517 4408 eo,
2572 4328 2654 4399 et
2713 4323 3167 4417 recipiendo
3232 4326 3510 4416 peccat

1967 4444 2461 4519 mortaliter.

2052 4565 2224 4636 Hoc
2272 4567 2544 4644 autem
2596 4561 2711 4641 sic
2761 4562 3253 4644 declaratur,
3321 4562 3509 4652 quia

1962 4680 2491 4773 baptizandus
2544 4684 2682 4752 aut
2743 4684 2869 4752 est
2906 4680 3288 4763 adultus,
3366 4682 3508 4755 aut

1964 4802 2382 4893 parvulus.
2448 4801 2530 4875 Si
2586 4800 2930 4882 adultus,
2994 4799 3298 4874 sufficit
3359 4800 3510 4873 sibi

1962 4919 2432 5012 Baptismus
2483 4918 2862 4998 flaminis,
2952 4918 3264 5009 quando
3348 4932 3511 4989 non

1965 5041 2236 5130 potest
2296 5035 2594 5109 habere
2661 5035 3173 5127 Baptismum
3242 5034 3509 5106 fiumi-

1964 5155 2129 5236 nis;
2177 5154 2257 5225 in
2299 5153 2725 5247 proposito
2779 5172 2939 5225 non
2997 5152 3232 5224 habet
3288 5150 3512 5223 mini-

1966 5276 2256 5353 strum,
2327 5270 2514 5363 quia
2585 5269 3086 5362 prohibitum
3145 5272 3269 5341 est
3361 5266 3512 5340 sibi

1965 5386 2571 5461 communicare
2612 5406 2795 5458 cum
2833 5386 2971 5457 illo
3016 5384 3381 5489 praeciso,
3431 5387 3509 5457 et

1967 5505 2319 5577 maxime
2371 5504 2449 5575 in
2518 5501 2832 5575 actibus
2893 5500 3508 5575 sacramentali-

1965 5624 2155 5702 bus;
2209 5642 2410 5714 ergo
2466 5619 2601 5695 ille
2658 5619 3113 5693 salvabitur
3166 5639 3327 5691 non
3391 5639 3516 5691 re-

3562 2965 3812 3041 menard.

3575 3055 3664 3104 1116
3684 3067 3732 3102 a.
3763 3053 3816 3106 3.

3543 3186 3607 3237 D.
3638 3180 3821 3234 Thom.

3544 3265 3592 3299 a.
3621 3249 3669 3298 2.
3701 3264 3751 3312 q.
3780 3245 3829 3294 2.

3532 3311 3587 3362 in
3610 3312 3766 3363 solut.
3799 3308 3848 3363 2·

3635 3390 3747 3440 arg.
3794 3394 3803 3402 ·
