4255 6375
818 308 937 379 322

541 509 791 578 originem
837 483 1132 552 ordinem
1174 484 1451 571 originis
1512 483 1578 550 in
1648 485 1877 564 forma,
1948 484 2253 573 quamvis
2314 483 2378 550 id

509 580 793 690 ἳὲξωᾚξξῐ
836 623 962 668 non
1005 601 1204 684 tollat,
1250 603 1408 690 quin
1457 603 1663 669 forma
1724 603 1920 669 etiam
1985 603 2080 670 sic
2134 603 2378 690 prolata

833 718 1307 808 sitjsul'ficiens.

607 883 688 934 78.
918 836 1325 902 Contrarium
1366 836 1566 923 hujus
1597 847 1775 903 tenet
1805 835 2060 902 Alensis
2093 840 2157 901 4.
2193 847 2373 923 pare.

517 939 780 996 Sententia
832 961 1055 1036 quoest.
1093 954 1156 1016 8.
1217 971 1301 1016 m.
1374 956 1440 1018 3.
1493 963 1625 1016 art.
1671 957 1741 1018 3.
1824 972 2016 1038 quem
2079 951 2379 1037 sequitur

493 1013 778 1184 1ξέἓέὲὲἶᾲ
834 1071 1067 1133 Doctor
1097 1067 1171 1133 in
1214 1068 1585 1153 Reportatis
1615 1066 1771 1133 dist.
1819 1073 1883 1134 3.
1929 1070 2205 1135 Sanctus
2279 1081 2369 1134 ta·

553 1196 752 1307 3213}
836 1203 981 1248 men
1024 1187 1477 1252 Bonaventura
1519 1186 1644 1250 hac
1683 1185 1841 1250 dise.
1886 1196 2063 1271 pare.
2106 1190 2167 1252 1.
2213 1185 2371 1252 dise.

536 1318 776 1384 exprimit
839 1311 1063 1387 quoesl.
1100 1305 1163 1366 3.
1225 1312 1354 1367 art.
1391 1306 1455 1367 4.
1524 1314 1699 1368 tenet
1747 1301 2157 1388 praemissam
2226 1322 2381 1368 con·

525 1397 784 1511 pssiggiss.
837 1415 1199 1482 elusionem
1257 1417 1574 1483 Doctoris.
1629 1419 1707 1483 Et
1775 1419 1939 1483 ratio
2007 1417 2183 1495 facit,
2224 1417 2376 1503 quia

594 1509 714 1557 ¹⁶¹⁸·
837 1531 1241 1598 sufficienter
1299 1532 1406 1599 illa
1467 1534 1673 1600 forma
1736 1533 2048 1620 exprimit
2113 1554 2377 1600 causam

839 1648 1256 1735 principalem
1294 1650 1462 1736 quod
1495 1650 1704 1737 exigit
1735 1662 1986 1717 tantum
2020 1651 2380 1717 Concilium

834 1766 1324 1843 Florentinum;
1369 1778 1600 1853 estque
1643 1788 1756 1852 per
1786 1787 1929 1833 eam
1961 1786 2284 1853 expressa
2319 1780 2383 1834 et

838 1882 1098 1966 propria
1156 1881 1479 1947 invocatio
1538 1881 1875 1949 Trinitatis
1931 1883 2055 1948 sub
2120 1882 2381 1968 propria

840 1995 1275 2083 appellatione
1342 2018 1795 2083 personarum,
1861 1997 2031 2083 quod
2106 1998 2385 2086 exigunt

841 2126 1097 2180 tantum
1152 2116 1394 2181 Patres.

931 2230 1192 2298 Accedit
1220 2243 1282 2297 et
1322 2231 1510 2312 rati0,
1554 2231 1703 2319 quia
1744 2245 1875 2299 tres
1915 2253 2216 2318 personae
2255 2253 2385 2319 qua

841 2352 993 2414 sunt
1033 2367 1238 2413 unum
1288 2348 1353 2414 in
1395 2358 1649 2427 natura,
1695 2359 1759 2414 et
1803 2349 2112 2434 potentia,
2160 2361 2224 2415 et
2265 2370 2384 2415 au-

841 2463 1162 2542 ctoritate,
1234 2476 1389 2530 sunt
1433 2484 1627 2530 causa
1687 2464 2065 2551 principalis
2141 2465 2385 2531 sancti-

844 2579 1103 2659 ficandi,
1158 2600 1284 2645 non
1334 2594 1551 2646 autem
1596 2591 1788 2666 prout
1824 2580 2049 2647 dicunt
2087 2581 2385 2649 ordinem

839 2695 1119 2782 originis
1158 2697 1328 2764 inter
1386 2719 1497 2777 se;
1547 2695 1720 2764 unde
1764 2696 1818 2763 si
1869 2710 2084 2764 essent
2138 2699 2376 2785 impro-

842 2812 1057 2879 ductae
1117 2825 1184 2881 et
1239 2815 1679 2883 subsistentes
1728 2816 1796 2881 in
1853 2814 2078 2881 eadem
2121 2829 2375 2896 natura,

837 2929 1052 2996 adhuc
1111 2932 1465 2999 retinerent
1512 2932 1806 2999 eamdem
1876 2933 2257 3019 potentiam,
2321 2944 2386 2999 et

837 3043 1311 3126 auctoritatem,
1386 3067 1534 3133 quae
1592 3046 1904 3132 competit
1961 3047 2158 3126 Patri,
2252 3067 2381 3113 non

838 3157 991 3242 quia
1040 3161 1358 3245 producit,
1424 3161 1535 3228 sed
1571 3161 1722 3249 quia
1770 3174 1869 3231 est
1920 3165 2111 3238 Deus,
2176 3181 2386 3249 neque

838 3278 999 3345 Filio
1023 3278 1409 3367 inquantum
1436 3279 1835 3367 producitur,
1862 3279 1975 3347 sed
1998 3278 2384 3366 inquantum

838 3398 1029 3465 Deus.
1093 3401 1564 3484 Comparantur
1623 3409 1840 3464 autem
1893 3400 1972 3463 ad
2040 3406 2223 3462 extra
2278 3416 2383 3460 se-

833 3514 1119 3582 cundum
1169 3516 1340 3603 quod
1403 3535 1605 3582 unum
1666 3525 1818 3582 sunt
1856 3513 1924 3580 in
1966 3513 2279 3600 potentia,
2323 3525 2387 3578 et

834 3629 1117 3697 essentia
1198 3630 1722 3717 inseparabiliter
1778 3640 1841 3697 et
1899 3626 2388 3694 indivisibiliter

836 3743 903 3811 in
945 3745 1218 3813 essendo
1265 3756 1329 3812 et
1369 3742 1721 3833 operando,
1761 3744 1934 3832 quod
1984 3741 2381 3829 exprimitur

840 3884 955 3952 per
987 3863 1160 3930 illam
1204 3863 1504 3943 formam,
1555 3861 1706 3928 licet
1739 3881 1866 3927 non
1906 3859 1992 3928 sit
2025 3858 2383 3926 secundum

839 3979 1136 4046 ordinem
1192 3977 1492 4064 originiS,
1546 3976 1657 4064 qui
1726 3975 1992 4060 respicit
2067 3993 2381 4061 personas

839 4109 911 4165 ut
955 4106 1416 4183 comparantur
1475 4093 1553 4160 ad
1596 4093 1903 4172 invicem,
1958 4103 2022 4158 et
2058 4090 2136 4157 ad
2187 4091 2380 4169 intra,

840 4233 971 4280 non
1029 4233 1188 4278 vero
1247 4211 1324 4278 ad
1387 4221 1594 4277 extra.

611 4358 694 4410 79.
927 4330 1109 4397 Sicut
1163 4350 1321 4417 ergo
1372 4329 1435 4394 in
1478 4326 1793 4394 creaturis
1827 4325 2059 4392 modus
2092 4344 2385 4392 commu-

836 4445 1096 4512 nicandi
1155 4443 1549 4533 principium
1616 4442 1890 4509 actionis
1945 4438 2189 4528 agenti,
2253 4459 2381 4505 non

832 4560 1187 4629 attenditur
1256 4570 1569 4648 quantum
1610 4559 1687 4624 ad
1740 4557 2089 4636 influxum,
2174 4575 2385 4642 neque

830 4679 1040 4746 variat
1085 4678 1298 4763 ipsum
1332 4674 1653 4742 inssuxum
1688 4674 2017 4761 principii,
2054 4673 2151 4740 sic
2187 4673 2381 4739 etiam

827 4794 895 4861 in
925 4792 1171 4861 divinis
1228 4790 1459 4858 modus
1491 4789 1919 4878 participandi
1952 4800 2063 4855 aut
2090 4809 2383 4854 commu-

828 4908 1087 4978 nicandi
1119 4907 1411 4974 divinam
1462 4919 1761 4974 naturam
1822 4903 2159 4991 supposito
2238 4924 2381 4992 pro·

821 5025 1041 5104 duct0,
1094 5045 1224 5090 non
1292 5022 1502 5090 variat
1555 5019 1892 5087 influxum
1980 5022 2147 5107 ejuS,
2225 5020 2380 5107 quia

823 5141 975 5210 licet
1023 5141 1199 5209 filius
1262 5139 1684 5227 generatione
1760 5136 1990 5224 recipit
2077 5148 2377 5204 naturam

823 5258 1140 5338 divinam,
1193 5277 1322 5322 non
1381 5266 1599 5321 tamen
1656 5253 1736 5319 ad
1809 5265 1992 5319 extra
2043 5252 2183 5338 agit
2262 5273 2376 5340 per

768 5428 776 5434 .
824 5374 1087 5441 modum
1122 5385 1394 5452 naturae,
1433 5370 1546 5438 sed
1592 5368 1970 5448 voluntatis,
2020 5368 2191 5435 sicut
2239 5389 2370 5434 cae-

546 2313 779 2367 Secunda

580 2377 737 2431 tatio,

2046 317 2192 383 Lm.
2226 313 2325 380 IV.
2376 315 2979 385 SENTENTIARUM

2484 5367 2767 5454 quiritur
2849 5381 2917 5436 ut
3004 5392 3130 5436 nan
3224 5373 3622 5440 exclulatur.
3698 5352 3911 5434 Ezctusio

823 5500 980 5564 terae
1039 5508 1358 5581 personae.
1421 5485 1602 5564 Quod
1679 5485 1737 5553 si
1813 5483 1992 5553 dicas
2088 5483 2366 5551 formam
2476 5496 2694 5551 autem
2753 5486 2897 5571 ejus
2956 5487 3360 5554 sufficienter
3425 5501 3529 5556 eat
3582 5495 3826 5576 expressa
3868 5467 3910 5533 1¹¹

2492 507 2638 552 esse
2669 486 3024 569 efficacem,
3064 498 3135 554 ut
3163 488 3392 555 subest
3430 486 3819 554 institutioni
3842 487 3951 553 Chri·

2489 603 2595 681 sti,
2646 615 2710 669 et
2754 615 2944 689 prout
3000 604 3079 670 ab
3139 601 3280 690 ipso
3318 603 3556 670 tradita
3588 615 3694 669 est
3744 601 3953 669 Manlia

2488 721 2747 800 ultimo,
2804 721 2899 788 sic
2955 734 3172 788 autem
3214 720 3445 787 tradita
3482 734 3714 787 servat
3747 721 3959 787 ordinem

2490 835 2809 924 originis;
2874 859 3031 924 ergo
3094 838 3238 903 sine
3285 836 3408 903 hoc
3458 847 3561 903 est
3621 837 3816 903 nulla.

2580 952 3031 1038 Respondetur
3110 953 3408 1039 negando
3477 951 3959 1039 consequentiam,

2487 1069 2637 1154 quia
2671 1068 2995 1135 institutio
3029 1068 3257 1135 formae
3308 1069 3515 1136 sumit
3542 1067 3960 1154 explicationem

2488 1205 2605 1251 seu
2665 1185 3266 1273 interpretationem
3352 1205 3387 1250 a
3470 1183 3605 1251 lide
3715 1181 3958 1268 explicita,

2491 1321 2684 1386 quam
2737 1301 2929 1369 debet
2968 1302 3208 1368 habere
3257 1314 3385 1369 tam
3474 1300 3778 1368 minister
3839 1321 3959 1388 quan

2492 1415 2821 1502 recipiens
2882 1419 3411 1497 Sacramentum,
3482 1417 3633 1484 haec
3695 1429 3881 1484 autem
3907 1432 3964 1481 est

2490 1529 2603 1597 illa
2634 1552 2758 1619 qua
2790 1534 3012 1600 credat
3042 1545 3178 1601 tres
3210 1554 3527 1622 personas
3561 1554 3714 1600 esse
3742 1552 3905 1599 unum
3928 1534 3963 1597 in

2491 1646 2804 1728 essentia,
2845 1647 3143 1715 diversas
3178 1647 3244 1713 in
3285 1669 3564 1734 persona
3612 1648 3762 1734 quia
3789 1648 3844 1713 id
3872 1660 3966 1713 tan·

2491 1773 2632 1829 tum
2682 1766 3217 1833 accommodatur
3257 1765 3595 1832 communi
3646 1764 3970 1851 captui30r-

2497 1878 2580 1944 do
2619 1891 2836 1947 autem
2882 1880 3166 1967 originis
3236 1892 3299 1947 et
3352 1880 3591 1949 modus
3662 1879 3970 1967 procedendi

2495 2016 2919 2082 personarum
2980 1997 3235 2064 excedit
3271 2009 3538 2083 captum
3589 2016 3965 2073 communem,

2495 2125 2560 2179 et
2628 2112 3056 2199 simplicium,
3128 2126 3191 2181 et
3225 2116 3338 2181 vix
3404 2134 3439 2179 a
3513 2113 3725 2181 doctis
3768 2111 3969 2199 capitur,

2501 2249 2713 2315 neque
2777 2229 3170 2317 exprimitur
3232 2231 3419 2298 aliter
3484 2208 3551 2297 in
3618 2231 3831 2306 forma,
3893 2226 3970 2292 nisi

2495 2359 2815 2431 quatenus
2847 2346 2912 2412 in
2936 2347 3298 2433 prolatione
3338 2364 3771 2435 personarum
3813 2365 3967 2413 serve·

2494 2475 2602 2529 tur
2647 2463 2830 2544 ord0,
2877 2464 2987 2551 qui
3027 2477 3129 2530 est
3158 2465 3522 2533 secundum
3566 2465 3961 2555 processionem

2500 2601 2750 2659 earum;
2815 2581 2985 2668 quod
3046 2601 3175 2647 non
3234 2580 3480 2648 sufficit
3539 2596 3613 2650 ut
3672 2585 3964 2667 interprete

2499 2717 2645 2763 mur
2685 2698 2808 2763 hoc
2838 2718 2982 2764 esse
3020 2698 3100 2764 de
3147 2697 3540 2766 necessitate
3579 2703 3814 2775 formae,
3842 2695 3962 2781 cujus

2497 2832 2657 2879 usus
2743 2823 2808 2879 et
2858 2812 3021 2881 fides
3060 2812 3254 2879 debet
3301 2834 3448 2880 esse
3489 2812 3840 2879 communis
3883 2822 3963 2874 tam

2497 2929 2703 2996 doctis
2769 2949 2965 3017 quam
3018 2928 3293 2995 indoctis
3348 2951 3426 2996 ex
3488 2930 3865 2997 institutione
3891 2927 3964 2990 sa-

2496 3045 2835 3124 cramenti,
2893 3058 3084 3131 prout
3130 3045 3417 3112 Ecclesia
3465 3045 3766 3112 declarat.

2585 3158 2700 3225 Hic
2747 3178 2938 3226 casus
2989 3157 3402 3245 intelligitur,
3458 3159 3716 3248 quando
3762 3178 3863 3225 non
3903 3155 3945 3219 in

2496 3274 2871 3341 tenderetur
2909 3295 3092 3340 error
3141 3275 3205 3340 in
3247 3276 3477 3355 forma,
3524 3297 3654 3364 quo
3694 3290 3958 3363 negaretur

2497 3390 2654 3457 ordo
2693 3390 2968 3477 originis
3011 3411 3125 3478 per
3181 3391 3374 3458 talem
3430 3391 3950 3480 transpositionem,

2500 3518 2569 3573 ut
2617 3506 2771 3574 dicit
2815 3511 3067 3575 Doctor.
3116 3509 3242 3575 Sed
3282 3509 3484 3591 diceS,
3534 3510 3779 3577 etiamsi
3814 3508 3953 3573 inten·

2496 3623 2758 3691 deretur
2796 3625 2944 3691 talis
2984 3647 3188 3705 error,
3242 3626 3452 3693 adbuc
3504 3627 3587 3694 de
3638 3649 3705 3694 se
3739 3637 3823 3692 est
3852 3619 3955 3688 vali·

2497 3740 2609 3818 da;
2669 3763 2827 3828 ergo
2878 3741 3067 3807 modo
3109 3742 3256 3809 talis
3309 3743 3605 3810 intendat
3642 3759 3882 3809 errorem
3911 3753 3956 3799 es

2497 3856 2751 3943 privata
2783 3858 3166 3939 intentione,
3213 3871 3275 3927 et
3312 3860 3526 3926 adhuc
3583 3858 3776 3926 salvet
3811 3855 3953 3921 inten-

2494 3972 2739 4039 tionem
2796 3974 3257 4053 univer-salem,
3316 3977 3525 4043 forma
3585 3977 3784 4043 adhuc
3842 3986 3939 4035 esse

2496 4070 2735 4168 valida;
2794 4102 2858 4156 et
2905 4091 3000 4158 sic
3048 4092 3342 4179 exceptio
3417 4114 3532 4160 seu
3589 4089 3849 4158 limitatio
3885 4081 3952 4148 ad·

2486 4205 2659 4292 jecta
2704 4228 2818 4292 per
2857 4210 3194 4275 Doctorem
3229 4221 3329 4276 est
3370 4209 3645 4277 inutilis.

2585 4322 3059 4409 Respondetur,
3103 4324 3252 4391 dato
3291 4326 3463 4413 quod
3495 4328 3696 4394 forma
3728 4333 3947 4391 essetva

2494 4436 2649 4516 lida,
2717 4440 2929 4507 adhuc
2987 4442 3284 4528 exceptio
3335 4442 3548 4509 locum
3598 4442 3790 4517 habet,
3850 4430 3941 4521 qul³

2493 4566 2714 4637 posset
2778 4575 2925 4622 esse
2998 4557 3287 4624 defectus
3360 4557 3727 4625 intentionis
3788 4547 3934 4636 requi·

2494 4670 2664 4748 sitae,
2734 4683 2798 4736 et
2865 4693 2992 4738 non
3062 4673 3313 4739 servari
3380 4675 3574 4740 etiam
3637 4660 3937 4740 universalis

2492 4762 2789 4863 intenti0,
2876 4808 3026 4875 quae
3101 4789 3180 4854 ad
3221 4789 3577 4855 minimum
3650 4780 3940 4873 requiritur,

2494 4914 2564 4968 ut
2619 4903 2963 4989 applicatio
3022 4905 3251 4972 formae
3310 4905 3375 4971 in
3437 4927 3630 4974 causa
3686 4890 3942 4970 ministeri‘

2492 5017 2607 5083 ali.
2685 5021 3135 5105 Respondetur
3199 5019 3481 5089 secundo
3551 5023 3788 5089 formam
3857 5023 3934 5072 ¹1⁰ss

2488 5153 2634 5199 esse
2672 5133 2981 5220 validam,
3018 5137 3169 5224 quia
3206 5137 3356 5205 licet
3384 5138 3545 5206 ordo
3603 5130 3828 5221 originis
3851 5137 3931 5188 non

2486 5249 2861 5336 requiratur
2926 5253 3173 5319 servari
3235 5254 3322 5319 'in
3378 5255 3607 5335 forma,
3661 5264 3829 5318 tamen
3868 5255 3931 5301 ΓΘ·
