4255 6375
75 1486 294 1548 Quomodo

76 1551 277 1608 fignificat

75 1619 314 1662 {aeramen-

126 1681 221 1725 tum

76 1737 235 1787 lectum
260 1736 312 1785 in

76 1806 149 1851 icto
180 1800 311 1849 esse?

76 2636 269 2764 affictio

75 2761 241 2812 euarm.
263 2764 315 2812 el

76 3481 325 3532 undamen-

132 3552 227 3593 tum

75 3606 293 3659 untionis.

75 4249 308 4303 :ii-cumci-

147 4318 217 4364 sio

86 4379 265 4425 tantum

75 4437 303 4490 auferebat

88 4500 287 4560 gratiam

75 4562 263 4624 primm
273 4603 288 4617 .

1576 478 1771 539 DlST.
1819 478 1864 537 l.
1913 477 2275 554 QUAESTlo
2307 479 2412 542 vl.

344 660 514 722 rum,
594 640 932 728 supposito
982 661 1396 729 quocumque
1444 652 1614 707 statu
1663 652 1727 706 et
1787 640 1887 704 in-

342 757 698 844 capacitate
728 758 1030 844 subjecti,
1069 756 1171 824 vel
1222 757 1373 845 quia
1406 758 1597 824 habet
1637 755 1888 821 obicem

345 872 616 959 peccati,
670 872 773 941 vel
813 873 966 961 quia
1025 875 1160 962 jam
1195 886 1297 940 est
1356 874 1422 938 in
1465 870 1767 950 terminO,
1823 881 1892 935 ut

341 990 624 1077 amplius
659 1011 784 1056 non
836 992 1039 1078 possit
1078 1012 1370 1058 crescere
1400 990 1465 1055 in
1499 989 1730 1076 gratia,
1767 987 1890 1053 sic-

340 1121 411 1176 ut
458 1107 583 1174 fuit
630 1106 952 1187 ChristuS,
1015 1121 1080 1175 et
1145 1109 1210 1174 in
1268 1128 1422 1173 casu
1480 1116 1653 1172 esset
1704 1107 1894 1170 Beata

337 1224 567 1312 VirgO,
630 1225 684 1292 si
742 1224 1197 1291 admitteretur
1243 1243 1459 1303 casu3,
1504 1220 1583 1287 de
1628 1242 1756 1307 quo
1788 1220 1894 1284 hic

343 1361 477 1406 non
508 1340 947 1427 disputamus.

433 1458 682 1524 Dicitur
709 1472 927 1524 autem
967 1460 1456 1525 Sacramentum
1510 1457 1573 1522 in
1623 1476 1698 1521 eo
1738 1474 1891 1520 casu

340 1572 721 1662 significare
796 1575 1075 1662 gratiam
1118 1575 1184 1640 in
1258 1578 1439 1658 faceo
1497 1595 1651 1652 esse,
1698 1593 1779 1638 ex
1817 1591 1894 1637 eo

342 1688 521 1775 quod
561 1689 767 1775 gratia
787 1691 923 1777 jam
960 1688 1537 1776 praesuppositam,
1573 1699 1893 1774 quantum

341 1821 443 1874 est
475 1827 557 1873 ex
589 1806 847 1893 propria
886 1805 1196 1886 efficacia,
1234 1807 1580 1884 conferret,
1619 1822 1892 1889 eamque

339 1922 710 1989 contineret
751 1923 816 1989 in
850 1943 967 1988 sua
1010 1921 1277 2002 virtute,
1317 1932 1632 2009 quantum
1677 1930 1776 1986 est
1815 1919 1895 1984 de

338 2059 412 2104 se
446 2062 463 2116 ;
498 2037 564 2103 in
603 2039 764 2120 fieri
799 2057 953 2103 vero
985 2037 1266 2123 gratiam
1298 2033 1655 2124 significat,
1698 2053 1895 2121 quan-

338 2154 423 2220 do
475 2174 617 2220 eam
676 2153 932 2220 confert
987 2174 1102 2239 per
1159 2173 1343 2218 suam
1388 2152 1709 2218 actionem
1755 2171 1899 2237 pra-

337 2270 534 2350 ctice,
579 2269 1077 2357 qualiscumque
1107 2268 1192 2335 sit
1231 2268 1340 2334 illa
1372 2267 1564 2348 acti0,
1609 2266 1703 2333 sic
1743 2284 1900 2351 ergo

339 2408 412 2454 se
476 2385 703 2453 habuit
759 2382 1187 2452 circumcisio
1228 2385 1290 2449 in
1352 2383 1735 2472 justificatis
1787 2402 1902 2468 per

343 2499 573 2579 fidem,
608 2499 777 2566 sicut
815 2498 938 2565 fuit
979 2497 1332 2564 Abraham.

441 2616 566 2682 Sed
613 2615 839 2703 objicit
880 2614 1309 2681 Bellarminus
1350 2626 1413 2680 et
1467 2615 1783 2701 vasquez,
1845 2610 1901 2678 si

345 2731 777 2798 circumcisio
853 2730 1178 2796 conferret
1234 2729 1509 2815 gratiam
1587 2749 1668 2794 ex
1707 2746 1904 2812 opere

344 2862 641 2936 operate,
713 2847 883 2935 quod
935 2869 1079 2914 eam
1128 2848 1453 2913 conferret
1512 2845 1904 2930 cuicumque

343 2987 493 3032 eam
544 2964 907 3053 recipienti,
973 2976 1036 3030 et
1075 2984 1207 3030 non
1266 2963 1530 3049 ponenti
1604 2961 1890 3028 obicem.

348 3079 815 3168 Respondetur
886 3079 1356 3168 distinguendo
1423 3078 1754 3167 sequelam
1826 3098 1907 3142 ex

345 3198 568 3279 dictis,
623 3198 689 3264 in
727 3199 884 3281 fieri
931 3196 1034 3264 vel
1081 3197 1147 3263 in
1180 3199 1363 3282 sacto
1412 3216 1546 3261 esse
1593 3194 1903 3272 concede,

349 3314 606 3397 infieri
644 3335 933 3400 semper,
988 3334 1187 3401 nego,
1241 3311 1367 3379 Sed
1417 3312 1586 3379 unde
1635 3311 1698 3377 id
1731 3310 1911 3377 colli·

352 3430 522 3519 gis?
582 3431 989 3518 RespondeO,
1061 3453 1143 3498 ex
1203 3429 1647 3498 fundamentis
1715 3448 1912 3514 supra

355 3547 617 3635 positiS,
656 3569 759 3614 me
822 3547 1132 3634 colligere
1170 3546 1746 3613 circumcisionem
1791 3545 1909 3610 ha-

360 3664 587 3732 buisse
633 3661 994 3731 efficaciam
1039 3684 1120 3729 ex
1169 3662 1580 3728 institutione
1631 3682 1747 3728 sua
1794 3661 1909 3727 de-

354 3781 532 3849 lendi
607 3794 941 3869 peccatum
1028 3780 1371 3867 originale,
1497 3779 1673 3867 quod
1779 3798 1908 3843 non

355 3898 569 3983 potuit
609 3898 749 3965 fieri
799 3909 945 3985 post
983 3898 1238 3983 lapsum
1274 3897 1417 3962 sine
1457 3895 1698 3982 gratia.
1763 3893 1908 3960 col-

355 4012 493 4101 ligo
521 4035 603 4080 ex
644 4012 842 4080 Paulo
882 4012 1463 4080 Circumcisionem
1517 4033 1642 4076 non
1684 4022 1907 4076 contu-

353 4129 514 4197 lisse
571 4129 897 4217 justitiam
982 4127 1376 4207 AbrahamO,
1458 4148 1655 4215 quam
1718 4136 1910 4193 antea

355 4246 766 4334 supponebat
795 4267 879 4312 ex
930 4245 1054 4312 fide
1084 4245 1324 4312 datam.
1382 4248 1477 4310 Ex
1519 4244 1623 4310 his
1655 4241 1911 4310 duobus

357 4363 598 4449 colligo
634 4363 804 4428 hanc
857 4361 1374 4442 conclusionem,
1440 4359 1907 4427 circumcisio-

362 4502 511 4548 nem
573 4501 702 4547 non
766 4479 1074 4546 habuisse
1123 4479 1320 4546 ullam
1389 4477 1745 4544 efficaciam
1799 4495 1913 4561 per

363 4597 627 4664 modum
660 4597 1083 4673 sacramenti,
1122 4595 1247 4661 nisi
1294 4607 1363 4662 ut
1409 4595 1733 4662 conferret
1771 4612 1913 4680 gra-

362 4715 517 4781 tiam
560 4714 840 4800 primam
881 4712 1175 4799 praecise,
1228 4732 1354 4798 qua
1385 4712 1593 4798 prima
1644 4727 1804 4792 erat,
1849 4724 1916 4780 et

362 4851 488 4897 non
547 4830 827 4918 gratiam
880 4828 1253 4910 secundam,
1316 4849 1428 4895 seu
1486 4841 1912 4915 augmentum

364 4947 617 5033 gratiae,
676 4957 745 5010 ut
800 4942 1144 5010 conferunt
1213 4954 1432 5009 nostra
1499 4946 1915 5010 Sacramenta

364 5059 673 5147 Baptismi
704 5070 767 5124 et
799 5058 1229 5126 Poenitentiae.
1280 5061 1357 5124 Et
1405 5058 1513 5125 hic
1566 5072 1665 5125 est
1701 5070 1914 5126 certus

365 5173 474 5240 ille
521 5173 767 5260 gradus
808 5174 1065 5260 gratiae,
1120 5175 1199 5241 ad
1253 5196 1448 5262 quem
1516 5175 1918 5242 limitabatur

369 5290 790 5357 Circumcisio
838 5312 920 5358 ex
961 5304 1184 5358 nostro
1225 5294 1517 5372 Doctore,
1556 5291 1799 5370 Alensi,
1856 5307 1919 5358 et

368 5402 510 5478 aliis
540 5412 729 5498 juxta
762 5411 1188 5479 intentionem
1230 5412 1549 5498 Magistri,
1586 5435 1778 5500 quem
1814 5415 1920 5481 hic

372 5513 833 5612 interpretatur
871 5529 1103 5594 Doctor
1133 5547 1280 5594 cum
1322 5531 1401 5594 D.
1467 5531 1920 5595 Bonaventura

374 5663 603 5731 supra.

3449 479 3568 544 227

2091 640 2490 728 Responderi
2559 640 2752 708 etiam
2839 654 3064 727 posset
3136 644 3324 730 juxta
3395 643 3554 710 alias
3631 674 3863 744 Secumta

2006 745 2372 844 praemissa,
2428 759 2699 824 Paulum
2753 780 2880 824 non
2923 759 3099 846 loqui
3141 780 3554 849 quacumque
3599 750 3880 802 ‘²⁸P⁰¹¹⁸¹⁰'

2006 874 2257 940 ratione
2315 873 2396 940 de
2454 874 2710 961 justitia
2774 876 3096 954 absolute,
3171 888 3240 942 ut
3292 877 3556 944 denotat

2005 991 2283 1075 gratiam
2335 1003 2611 1071 tantum,
2702 992 2813 1058 sed
2863 993 3058 1059 etiam
3116 994 3196 1061 de
3255 994 3420 1082 ipsa,
3486 1008 3556 1062 ut

2007 1103 2238 1171 liberat
2275 1126 2311 1172 a
2351 1120 2638 1192 peccato,
2676 1119 2896 1196 etqua
2945 1108 3298 1176 includitur
3356 1110 3421 1176 in
3448 1111 3555 1198 ju-

2007 1220 2441 1301 stificatione,
2479 1236 2541 1290 et
2601 1224 2695 1291 sic
2734 1225 3154 1291 Circumcisio
3195 1246 3324 1290 non
3357 1226 3554 1313 Justi-
3585 1219 3906 1347 {inbgsstuff‘

2006 1335 2230 1402 ficavit
2305 1339 2769 1419 Abrahamum,
2872 1340 2985 1407 sed
3079 1339 3266 1420 fides,
3359 1362 3553 1428 quam
3650 1349 3850 1458 grongi

2007 1450 2233 1518 habuit
2299 1467 2446 1519 ante
2511 1454 3110 1522 circumcisionem.
3197 1459 3338 1522 Non
3404 1409 3909 1537 indefssimssignfl-

2008 1569 2331 1656 sequitur,
2377 1571 2534 1657 quin
2585 1572 3006 1640 circumcisio
3047 1573 3170 1660 ipsi
3226 1574 3428 1641 valuit
3476 1573 3553 1640 ad
3668 1533 3837 1645 ouilgm

2009 1700 2436 1772 augmentum
2461 1688 2765 1774 justitiae,
2812 1689 2868 1755 si
2901 1710 3028 1756 non
3063 1702 3133 1756 ut
3184 1694 3563 1759 Sacramen-
3587 1658 3876 1710 Abraham.

2013 1815 2176 1881 tum,
2247 1802 2474 1868 saltem
2546 1816 2615 1870 ut
2682 1825 2845 1891 opus
2887 1805 3318 1888 meritorium,
3364 1819 3434 1873 ut
3470 1807 3561 1873 di-

2014 1928 2192 1982 ctum
2226 1929 2364 1997 est;
2401 1931 2463 1985 et
2497 1919 2590 1985 sic
2621 1940 2749 1986 non
2799 1919 2916 1987 fuit
2954 1922 3198 1988 nudum
3249 1923 3557 2009 signacu-

2012 2027 2175 2111 lum,
2230 2031 2355 2097 nisi
2426 2047 2740 2119 quantum
2808 2032 2888 2100 ad
2954 2047 3315 2120 peccatum,
3378 2037 3549 2124 quod

2012 2144 2326 2233 supponit
2367 2145 2716 2212 remissum
2765 2169 2879 2234 per
2917 2148 3134 2216 fidem.
3199 2149 3377 2216 Adde
3427 2150 3560 2217 Cir-

2012 2259 2481 2327 cumcisionem
2524 2262 2687 2329 nihil
2746 2264 3034 2332 valuisse
3084 2265 3148 2332 in
3220 2287 3296 2333 eo
3328 2287 3556 2347 sensn,

2015 2396 2210 2461 quem
2244 2375 2666 2447 intendebant
2693 2380 2925 2460 Judaei,
2988 2403 3153 2470 quos
3219 2383 3563 2471 impugnat

2015 2492 2385 2578 Apostolus.

2103 2608 2408 2696 OincieS,
2479 2611 2708 2678 saltem
2750 2626 3135 2700 sequeretur
3173 2614 3227 2681 si
3268 2614 3562 2681 circum·
3707 2635 3793 2688 51.

2013 2724 2175 2791 cisio
2208 2725 2477 2792 remittit
2520 2741 2853 2813 peccatum
2896 2751 2976 2796 ex
3035 2751 3234 2818 opere
3264 2744 3558 2818 operata,
3628 2696 3872 2824 osffiffia

2015 2841 2185 2928 quod
2245 2841 2504 2910 adultus
2562 2845 2876 2912 accedens
2942 2847 3020 2913 ad
3062 2869 3204 2914 eam
3244 2870 3392 2916 cum
3425 2852 3564 2918 sola
3620 2825 3878 2887 vasquez.

2015 2957 2368 3041 attritione,
2435 2961 2910 3046 justificaretur
2967 2966 3210 3033 virtute
3242 2967 3439 3048 illius,
3477 2969 3565 3037 ita

2014 3076 2328 3162 Vasquez.
2368 3078 2552 3156 Item,
2599 3079 2770 3165 quod
2822 3080 2985 3147 facta
3015 3081 3094 3146 ab
3120 3080 3366 3148 infideli
3407 3104 3554 3150 cum

2018 3192 2378 3260 intentione
2444 3194 2757 3282 legitima,
2797 3198 3044 3268 valeret
3082 3200 3338 3280 infanti,
3385 3202 3558 3289 quod

2016 3321 2115 3375 est
2153 3324 2376 3377 contra
2416 3333 2669 3394 omnes,
2738 3315 2866 3382 nisi
2907 3315 3070 3383 fides
3128 3319 3567 3404 applicaretur

2019 3425 2324 3511 Ministri,
2368 3449 2563 3514 quam
2625 3449 2752 3495 non
2794 3429 2987 3498 habet
3027 3431 3332 3513 infidelis,
3398 3433 3562 3500 nihil

2021 3539 2169 3607 ideo
2200 3543 2551 3613 conferret.

2110 3658 2587 3744 Respondetur,
2666 3663 3079 3731 concedendo
3152 3666 3424 3753 primam
3465 3687 3566 3735 se-

2023 3773 2302 3859 quelam,
2372 3788 2434 3843 et
2500 3791 2722 3845 contra
2762 3802 2904 3847 eam
2965 3783 3126 3849 nihil
3175 3786 3375 3872 cogit,
3422 3804 3569 3852 nam

2023 3909 2172 3975 quae
2211 3890 2290 3956 de
2321 3894 2706 3961 necessitate
2739 3899 3145 3982 poenitentiae
3213 3912 3277 3966 et
3308 3899 3457 3967 fidei
3489 3900 3569 3967 ad

2017 3996 2576 4081 justificationem,
2622 4002 2807 4069 docet
2856 4005 3186 4091 Scriptura
3217 4020 3279 4074 et
3311 4011 3562 4090 PatreS,
3595 4092 3599 4097 ἢ

2025 4112 2091 4178 in
2131 4134 2208 4180 eo
2261 4135 2416 4182 casu
2457 4117 2926 4201 verificaretur,
2973 4121 3142 4188 sicut
3202 4124 3578 4193 verificatur

2026 4226 2091 4292 in
2149 4230 2492 4297 accedente
2566 4232 2644 4298 ad
2691 4235 3088 4321 Baptismum
3133 4249 3195 4303 et
3232 4236 3568 4305 Paeniten-

2025 4345 2179 4409 tiam
2236 4365 2384 4412 cum
2417 4347 2553 4413 sola
2584 4350 2934 4431 attritione,
3013 4353 3330 4439 quidquid
3361 4355 3561 4441 aliqui

2025 4456 2312 4524 dixerint
2342 4459 2421 4525 de
2469 4463 2861 4531 Paenitentia
2903 4468 3267 4533 necessaria
3316 4469 3394 4535 ad
3464 4473 3581 4535 Ba-

2027 4574 2364 4660 ptismum‚
2411 4577 2594 4663 quasi
2627 4578 2891 4645 deberet
2921 4602 3068 4647 esse
3089 4582 3394 4648 contritio
3436 4603 3580 4669 per-

2030 4688 2232 4769 fecta3
2305 4693 2672 4778 oppositum
2757 4697 2933 4763 enim
3001 4698 3222 4765 verius
3263 4720 3408 4765 esse
3451 4720 3578 4767 suo

2028 4802 2171 4871 loco
2201 4808 2648 4876 ostendemus,

2119 4923 2572 5008 Respondetur
2637 4926 2715 4992 ad
2792 4930 3144 4997 secundam
3213 4932 3572 5019 sequelam,

2030 5057 2173 5107 eam
2224 5039 2648 5123 admittendo,
2724 5046 2913 5113 modo
2953 5048 3378 5115 circumcisio
3437 5069 3571 5115 non
3622 5031 3923 5098 Responsio.

2031 5155 2335 5241 exigebat
2398 5157 2679 5245 aliquem
2747 5160 3253 5230 determinatum
3343 5164 3575 5233 minis-

2031 5285 2232 5354 trum,
2279 5286 2341 5340 et
2377 5294 2695 5360 negamus
2727 5297 2872 5345 esse
2904 5291 3127 5346 contra
3151 5300 3425 5361 omnes;
3464 5302 3576 5350 ne-

2036 5405 2230 5481 gatur
2295 5393 2490 5458 etiam
2560 5393 2992 5479 suppositum,
3081 5417 3313 5483 nempe
3376 5398 3572 5466 fidem

2039 5518 2321 5585 ministri
2365 5518 2794 5584 necessariam
2836 5540 3004 5600 esse,
3059 5519 3112 5585 si
3173 5522 3463 5611 alioquin
3509 5525 3576 5591 in

2035 5668 2112 5713 eo
2176 5646 2464 5713 salvatur
2509 5645 2804 5733 legitima
2878 5646 3177 5733 intentio,
3250 5649 3400 5738 quia
3469 5671 3588 5741 per
