4255 6375
561 719 719 764 mitur
728 751 741 764 .

568 3658 756 3710 Contra

574 3720 717 3786 Epist
726 3758 739 3771 .

568 3783 736 3835 Fund.

830 367 949 429 606

550 525 783 640 hssffiffnssb
842 531 993 607 ter,
1092 548 1251 600 non
1344 527 1878 618 distinguitur
1991 527 2090 598 ab
2201 526 2385 599 aliis

492 644 1400 727 nimime-sanctificatis,
1445 666 1618 735 quae
1669 664 1829 716 non
1884 648 2226 738 possunt
2270 664 2386 715 re-

839 760 1111 853 cipere
1153 760 1675 836 sanctitatem
1722 757 2217 841 formaliter,
2255 781 2386 830 cu-

828 877 1185 971 jusmodi
1242 881 1483 955 ,sunt
1589 876 1749 951 ista
1870 881 2379 957 consecrata,

839 993 1054 1068 calix
1138 998 1219 1068 et
1300 993 1788 1086 hujusmodi.
1876 991 2382 1084 Respondeo,

840 1110 1045 1202 quod
1101 1108 1345 1181 homo
1408 1109 1487 1182 in
1541 1108 1700 1183 ista
1740 1109 2200 1201 negatione,
2238 1108 2386 1181 sci·

841 1225 1031 1299 licet
1102 1249 1238 1294 non
1314 1231 1613 1314 recipere
1663 1231 2082 1294 sanctitatem
2129 1230 2383 1312 forma·

836 1344 1012 1425 liter,
1059 1361 1221 1416 non
1274 1340 1807 1432 distinguitur
1856 1341 1954 1413 ab
2008 1340 2198 1425 illis,
2253 1340 2385 1413 sed

834 1456 1371 1549 distinguitur
1426 1457 1503 1529 in
1545 1456 1698 1531 hoc
1732 1454 1938 1550 qu‘od
1970 1460 2091 1529 est
2126 1477 2386 1549 capax

835 1597 996 1649 non
1058 1576 1321 1650 solum
1375 1576 1844 1650 sanctitatis
1890 1573 2381 1656 formaliter,

838 1692 970 1765 sed
1011 1692 1572 1786 dispositionis
1624 1693 1721 1765 ad
1771 1712 1991 1774 eam;
2047 1692 2209 1765 ista
2250 1711 2385 1764 au-

838 1815 1002 1887 tem
1054 1830 1248 1883 non.
1313 1814 1414 1885 Et
1465 1811 1533 1883 si
1585 1831 1747 1883 non
1802 1809 2146 1903 recipiat
2194 1810 2388 1882 illud

839 1928 1219 2003 ultimum
1302 1932 1644 2022 propter
1721 1926 2432 2022 impedimentum,

839 2064 937 2115 ex
1008 2047 1241 2136 parte
1292 2043 1492 2136 ejuS,
1539 2048 1812 2117 tamen
1876 2041 2167 2135 recipit
2238 2041 2386 2117 dis-

843 2158 1331 2252 positionem
1412 2160 1827 2252 praeviam.

930 2276 1045 2350 Ad
1105 2276 1334 2349 illam
1416 2276 1820 2348 rationem
1887 2275 2236 2368 primam
2296 2274 2387 2347 de

839 2394 1327 2471 necessitate
1369 2393 1712 2486 ponendi
1756 2394 2019 2487 plura,
2058 2411 2391 2483 respon-

838 2511 1007 2595 den,
1071 2510 1279 2603 quod
1367 2510 1521 2583 etsi
1612 2530 1772 2582 non
1844 2508 2104 2602 possit
2176 2508 2386 2583 istud

839 2627 1255 2701 evidenter
1330 2626 1800 2701 necessario
1884 2624 2217 2718 probari
2289 2643 2385 2695 ex

840 2744 1197 2826 creditis,
1233 2745 1506 2816 tamen
1554 2742 1893 2836 ponendi
1938 2740 2387 2814 necessitas

838 2864 963 2934 est
1022 2858 1218 2941 haic,
1293 2858 1480 2951 quia
1552 2859 1914 2933 Ecclesia
1993 2857 2248 2949 ponit,
2307 2859 2387 2928 et

839 2975 1399 3067 congruentiae
1496 2977 1680 3047 sunt
1777 2974 2055 3066 quales
2160 2972 2386 3065 prius

839 3093 1197 3167 adductae
1241 3097 1456 3167 sunt.
1492 3094 1657 3165 Nec
1689 3092 1906 3164 valet
1958 3109 2386 3181 argumen-

841 3214 1014 3286 tum
1063 3209 1556 3300 negativum‚
1598 3206 1665 3280 si
1714 3229 1859 3280 nec
1911 3205 2382 3298 Dionysius,

839 3345 983 3399 nec
1070 3329 1652 3406 Damascenus,
1761 3344 1960 3415 ergo
2067 3323 2381 3404 nullus3

845 3442 1142 3516 sufficit
1192 3444 1408 3516 enim
1461 3441 1917 3517 auctoritas
1970 3439 2381 3521 Ecclesiae,

846 3559 1035 3651 quia
1096 3558 1600 3651 Augustinus
1647 3557 1739 3629 de
1785 3557 2153 3630 moribus
2223 3557 2388 3629 Ma-

844 3675 1345 3749 nichaeorum
1389 3702 1403 3746 ε
1450 3677 1821 3765 Euan-{lelio
1856 3698 1994 3744 non
2024 3675 2381 3754 crederem,

842 3797 981 3862 nisi
1009 3794 1342 3862 crederem
1388 3795 1724 3861 Ecclesiae.

932 3909 1045 3981 Ad
1104 3908 1347 3980 aliam
1415 3908 1844 3989 rationem,
1892 3928 2065 3998 quae
2111 3925 2386 3998 proce-

840 4025 953 4100 dit
1003 4047 1100 4099 ex
1160 4025 1414 4098 medio
1465 4027 1767 4107 eodem,
1817 4022 2132 4096 scilicet
2183 4021 2386 4113 quod

834 4141 1041 4214 nihil
1111 4142 1564 4234 ponendum
1639 4145 1764 4215 est
1857 4140 2201 4220 frustra,
2269 4158 2387 4209 re-

840 4259 1218 4350 spondeO,
1302 4258 1509 4350 quod
1591 4257 1788 4331 licet
1863 4257 1953 4329 de
2022 4255 2391 4349 potentia

836 4375 1213 4449 absoluta
1248 4376 1524 4468 posset
1555 4375 1773 4447 Deus
1806 4393 2152 4447 causare
2203 4390 2391 4464 gra-

840 4492 1068 4576 tiam,
1131 4512 1305 4584 quae
1356 4496 1480 4566 est
1524 4490 2003 4584 principalis
2052 4489 2390 4563 effectus

841 4608 1270 4703 Baptismi,
1366 4612 1447 4682 et
1550 4607 1799 4680 etiam
1900 4607 2086 4680 illos
2183 4606 2391 4679 alios

838 4728 1175 4803 effectus
1232 4725 1618 4820 proprios
1681 4724 2151 4815 assignatos
2213 4724 2391 4798 cha·

841 4844 1174 4926 racteri,
1237 4843 1550 4917 scilicet
1653 4839 2144 4923 assimilare,
2233 4843 2389 4914 etc.

841 4962 1015 5036 sine
1076 4959 1224 5035 tali
1279 4960 1549 5032 forma
1593 4958 1995 5041 absoluta,
2040 4976 2215 5049 quae
2259 4976 2394 5047 po-

837 5078 1068 5155 nitur
1117 5076 1581 5159 character,
1626 5082 1903 5151 tamen
1963 5075 2055 5147 de
2123 5077 2397 5166 poten-

839 5196 957 5269 tia
1010 5194 1389 5269 ordinata
1447 5198 1796 5274 tenetur,
1864 5191 2070 5283 quod
2111 5192 2396 5263 causat

845 5313 1028 5385 illos
1059 5311 1400 5385 effectus
1445 5309 1843 5381 mediante
1885 5307 2047 5380 ista
2091 5303 2388 5387 forma,

839 5431 918 5502 et
958 5448 1322 5522 congrue
1383 5430 1726 5521 propter
1776 5423 2142 5498 rationes
2189 5443 2393 5514 prae-

839 5546 1126 5622 dictas.

2079 367 2224 429 LlB.
2274 368 2372 429 lv.
2419 365 3021 431 SENTENTIARUM

2602 527 2703 598 Et
2812 530 3001 599 tunc
3123 526 3222 598 ad
3325 527 3740 606 rationem,
3816 550 3945 601 cum
4021 556 4060 607 a.

2498 640 2824 724 dicitur,
2871 648 3012 717 aut
3043 647 3168 717 est
3208 642 3639 735 dispositio
3664 664 3751 715 ex
3783 630 4015 736 pai-tea

2501 758 2718 848 passi
2753 758 2879 830 vel
2923 758 3268 848 agentis,
3337 758 3790 849 respondeo,
3839 780 3950 833 non
4003 740 4048 786 ’ὠ

2494 875 2839 963 agentis,
2915 875 3146 965 quasi
3181 876 3291 948 sit
3346 875 3741 968 quoddam
3768 893 3947 966 agens
3983 870 4111 997 ΕΞ

2502 988 2849 1061 medium
2921 989 3137 1064 inter
3188 991 3548 1085 primum
3620 1010 3839 1083 agens
3899 1001 3951 1068 et

2501 1127 2829 1198 passum
2868 1133 2882 1189 ;
2928 1128 3090 1180 non
3122 1111 3338 1182 enim
3385 1130 3597 1203 pono
3643 1110 3966 1184 chal-acte

2503 1246 2675 1298 rem
2709 1225 3007 1298 habere
3033 1227 3392 1320 aliquam
3434 1229 3809 1302 virtutem
3835 1232 3969 1302 acti·

2500 1360 2684 1414 vam
2722 1348 3092 1436 respectu
3136 1344 3430 1435 gratiae
3461 1345 3970 1425 causandae,sed

2499 1458 2753 1530 Deum
2795 1458 3190 1532 assistere
3222 1459 3344 1532 illi
3375 1465 3760 1551 tanquam
3802 1461 3973 1550 signo

2496 1574 2886 1647 invisibili
2971 1576 3068 1648 ad
3125 1577 3636 1649 causandum
3668 1576 3974 1667 gratiam,

2499 1711 2739 1782 quam
2837 1691 3136 1782 signat,
3220 1693 3644 1766 recedente
3718 1692 3973 1784 impedi·

2504 1811 2775 1880 mento
2853 1808 3024 1881 sive
3098 1808 3321 1882 obice
3390 1810 3844 1884 inhaerente.
3881 1813 3980 1882 Est

2496 1942 2695 2015 ergo
2745 1924 3179 2016 dispositio
3263 1947 3364 1999 ex
3445 1931 3684 2018 parte
3781 1946 3975 1998 susce·

2507 2039 2730 2131 ptivi,
2816 2041 3006 2135 quia
3061 2047 3187 2116 est
3228 2042 3499 2115 forma
3567 2044 3806 2134 prior,
3852 2044 3972 2113 sine

2501 2177 2660 2248 qua
2710 2176 2868 2228 non
2950 2158 3350 2250 recipitur
3448 2159 3720 2232 forma
3781 2164 3975 2250 poste

2512 2274 2715 2354 rior,
2751 2294 2911 2347 non
2963 2276 3282 2367 quidem
3351 2278 3586 2369 quasi
3671 2277 3774 2349 sit
3830 2274 3979 2347 ratio

2513 2390 2957 2482 susceptivi
3073 2396 3449 2484 respectu
3519 2390 3973 2485 posterioris,

2506 2506 2643 2580 sed
2693 2506 2904 2597 quod
2945 2507 3178 2599 prius
3224 2508 3446 2591 insit,
3482 2529 3726 2601 quam
3789 2512 3981 2600 poste-

2509 2621 2689 2696 rior
2727 2648 2743 2705 ;
2793 2645 2954 2695 non
2997 2623 3490 2716 simpliciter
3564 2624 3979 2703 necessario,

2504 2741 2636 2813 sed
2668 2743 3172 2826 necessario,
3213 2744 3762 2836 comparando
3791 2743 3869 2814 ad
3897 2762 3980 2833 po·

2498 2856 2842 2931 tentiam
2909 2859 3414 2933 ordinariam
3500 2859 3811 2950 agentis
3860 2877 3982 2929 cau-

2499 2972 2756 3046 santis
2807 2977 3239 3067 utramque
3316 2973 3703 3047 formam.

2611 3092 2927 3163 Etcum
2960 3091 3261 3165 dicitur
3292 3091 3756 3183 ultr0,quod
3786 3091 3984 3184 posset

2499 3204 2843 3281 effectus
2868 3208 3270 3301 Baptismi
3295 3208 3581 3282 haberi
3603 3229 3747 3302 per
3779 3225 3983 3278 veram

2503 3325 3086 3417 poenitentiam,
3122 3326 3300 3399 dico
3335 3327 3545 3418 quod
3575 3327 3667 3399 de
3718 3322 3984 3418 potenti·

2502 3440 2617 3515 tia
2671 3443 3057 3516 ordinata
3115 3463 3294 3515 non
3328 3448 3596 3536 potest
3634 3441 3983 3517 secundum

2502 3558 2758 3632 istam
2834 3559 3299 3651 opinionem
3349 3557 3639 3632 haberi
3709 3558 3986 3652 perfecta

2502 3675 2968 3752 innocentia
3009 3678 3072 3748 si
3091 3697 3187 3749 ne
3214 3676 3411 3750 talif
3427 3696 3664 3748 orma
3685 3674 3982 3748 intrinse-

2501 3811 2616 3874 ca,
2671 3792 2803 3866 cui
2836 3795 3050 3865 Deus
3083 3793 3401 3867 assistit
3445 3794 3540 3866 ad
3564 3794 3802 3867 talem
3838 3791 3982 3861 inne

2500 3908 2853 3982 centiam
2919 3909 3436 3983 causandam.

2586 4025 2704 4098 Ad
2758 4024 2924 4108 illa,
2990 4046 3164 4118 quae
3210 4025 3715 4117 objiciuntur
3741 4026 3824 4097 de
3853 4019 3976 4094 aliis

2499 4140 2953 4224 effectibus,
3025 4149 3220 4234 puta
3266 4143 3358 4215 de
3396 4141 3888 4217 distinctione
3929 4139 3974 4206 et

2503 4259 3096 4332 assimilatione
3141 4313 3158 4342 ,
3248 4265 3530 4353 patet,
3635 4259 3820 4351 quod
3876 4250 3972 4326 etsi

2502 4373 2875 4447 absolute
2953 4372 3367 4449 distinctio
3419 4384 3500 4450 et
3570 4369 3972 4450 assimilatio

2508 4496 2837 4583 possent
2887 4512 3068 4564 esse
3128 4511 3274 4583 pet·
3306 4498 3584 4567 actum
3636 4499 3969 4567 transeun-

2505 4611 2671 4681 tem
2730 4609 2813 4680 in
2871 4608 3414 4701 praeteritum,
3460 4613 3740 4683 tamen
3794 4601 3970 4700 perse

2504 4723 2713 4796 etius
2775 4729 2856 4798 et
2937 4725 3201 4815 magis
3254 4744 3615 4816 congrue
3676 4728 3845 4799 sunt
3883 4734 3971 4811 per

2505 4840 2862 4932 aliquam
2929 4840 3288 4914 formam
3347 4843 3811 4916 derelictam
3851 4835 3966 4930 post

2507 4960 2792 5030 actum
2856 4961 3442 5031 transeuntem.

2597 5073 3162 5149 Consimiliter
3193 5077 3289 5147 ad
3333 5075 3529 5149 illud
3559 5076 3654 5149 de
3698 5066 3968 5161 obligati·

2512 5211 2660 5263 one
2750 5211 2888 5263 seu
2954 5191 3640 5283 configuratione,
3737 5190 3882 5285 quia
3925 5183 3964 5253 si

2508 5307 2751 5379 homo
2834 5307 3244 5399 recipiens
3330 5307 3789 5402 homagium
3835 5303 3964 5376 alte-

2511 5425 2708 5507 rius,
2742 5424 2874 5497 vel
2909 5426 3271 5517 praelatu
3313 5448 3350 5499 s
3382 5427 3777 5520 recipie-ns
3794 5421 3959 5496 alium

2509 5541 2605 5614 ad
2677 5541 3301 5635 professionem,
3369 5550 3654 5636 posset
3702 5542 3958 5632 aliquam
