4255 6375
1416 392 1594 458 Dts’r
1647 394 1747 456 111.
1782 391 2146 470 QUAEsTlo
2192 394 2295 462 w.

193 562 563 651 quidpiam
626 562 981 631 contulisse
1061 559 1324 641 adultis,
1387 556 1766 625 institutum

189 678 417 745 etiam
493 675 815 763 Baptisma
891 674 1160 743 sustulit
1237 674 1413 740 illam
1484 670 1769 739 necessi-

199 806 456 860 tatem.

290 911 500 978 Adde
589 912 780 998 juxta
867 909 1244 997 opinionem
1338 902 1765 994 probabilem,

198 1047 411 1115 quam
463 1026 754 1093 insinuat
803 1030 1059 1106 Doctor,
1102 1045 1243 1091 eam
1303 1020 1562 1088 dedisse
1617 1008 1771 1107 gra-

200 1146 371 1210 tiam
408 1143 490 1209 in
517 1142 947 1235 determinato
985 1139 1217 1228 gradu,
1262 1159 1392 1227 quo
1432 1135 1771 1223 supposito

203 1260 382 1328 nihil
436 1261 790 1327 conferret.
856 1258 1040 1326 Unde
1103 1278 1185 1324 ex
1241 1254 1775 1341 interpretatione

150 1376 547 1463 oplurium,
603 1396 731 1442 non
771 1374 949 1440 dedit
1022 1372 1298 1459 gratiam
1364 1370 1763 1446 AbrahamO,

204 1494 369 1580 quia
412 1492 733 1580 supponit
761 1512 910 1558 eum
934 1488 1363 1577 justificatum
1398 1507 1512 1573 per
1550 1484 1770 1563 fidem,

203 1611 393 1678 unde
467 1610 791 1696 colligunt
839 1607 1169 1674 efficacem
1249 1616 1499 1670 tantum
1568 1600 1771 1667 fuisse

202 1723 270 1788 iu
314 1723 719 1790 infantibus.
758 1721 852 1788 Ad
894 1721 1065 1810 quod
1116 1730 1626 1787 consentaneum
1674 1727 1775 1781 est

203 1840 420 1906 fuisse
473 1838 818 1906 limitatam
876 1836 955 1904 ad
1019 1836 1307 1904 dandum
1371 1832 1583 1901 solum
1635 1830 1774 1918 pri-

199 1977 382 2023 mam
427 1957 738 2043 gratiam,
776 1975 905 2022 non
944 1966 1372 2042 augmentum
1405 1952 1570 2038 ejus,
1594 1951 1770 2034 {Sup-

201 2074 450 2161 posita,
492 2074 785 2161 inquam,
825 2073 945 2139 hac
974 2070 1307 2158 opinione,
1342 2068 1767 2136 Circumcisio

202 2192 409 2257 etiam
465 2210 867 2257 concurrens
906 2210 1055 2255 oum
1119 2187 1444 2275 baptismo
1511 2205 1629 2272 pro
1695 2204 1773 2249 eo

204 2320 539 2394 tempore,
587 2306 908 2392 baptizato
943 2304 1172 2372 infanti
1207 2303 1369 2370 nihil
1419 2301 1770 2378 conferret,

209 2437 272 2489 et
311 2423 414 2490 sic
457 2422 673 2511 quoad
725 2423 1008 2489 fructum
1047 2444 1128 2489 ex
1197 2418 1459 2507 propria
1508 2416 1772 2484 institu-

205 2538 392 2604 tione
442 2538 972 2617 convenientem,
1021 2538 1143 2604 fuit
1199 2545 1511 2603 evacuata
1558 2527 1772 2619 quoad

213 2656 582 2742 baptizatos
621 2656 929 2735 infantes,
974 2655 1124 2722 licet
1173 2653 1369 2721 fuerit
1416 2649 1651 2718 efficax
1710 2647 1776 2711 in

211 2768 319 2850 iis,
364 2769 488 2857 qui
532 2791 659 2837 non
694 2770 957 2836 fuerunt
989 2768 1331 2856 baptizati;
1387 2787 1468 2833 ex
1521 2764 1769 2852 quibus

214 2886 527 2974 sequitur
583 2887 936 2966 intentum,
992 2886 1144 2974 quia
1210 2882 1422 2973 quoad
1491 2881 1778 2967 reliquos

219 3006 413 3083 lines,
462 3004 577 3092 qui
625 3002 1079 3089 designantur,
1127 3013 1300 3089 patet
1330 3001 1523 3068 etiam
1564 3019 1646 3064 ex
1684 2997 1779 3062 di-

221 3119 343 3187 ctis
395 3141 533 3186 non
593 3120 797 3187 fuisse
837 3121 1090 3187 utilem.

312 3238 463 3304 Dixi
497 3237 807 3323 superius
857 3257 1153 3304 cessasse
1195 3244 1594 3322 praeceptum
1645 3231 1781 3298 Cir-

226 3354 656 3422 cumcisionis
716 3353 1096 3440 positivum,
1166 3349 1246 3417 ad
1302 3347 1780 3418 excludendum

150 3449 203 3542 2¹¹¹
229 3472 552 3553 naturale,
590 3471 742 3559 quia
790 3468 948 3536 illud
993 3467 1231 3535 mansit
1260 3468 1383 3533 sub
1439 3463 1780 3551 disjuncti-

150 3558 372 3669 si‘one,
437 3587 640 3654 etiam
710 3585 1006 3652 instituto
1066 3583 1417 3668 BaptismO,
1482 3591 1780 3668 respectu

227 3705 368 3789 ejus
418 3706 536 3793 qui
599 3725 726 3770 non
764 3715 1129 3770 assumeret
1171 3700 1595 3786 Baptismum,
1664 3717 1783 3763 nec

227 3821 422 3889 vellet
481 3843 796 3900 sumere;
850 3822 1127 3886 alterum
1178 3818 1354 3885 enim
1415 3814 1773 3882 remedium

225 3959 300 4004 ex
330 3938 592 4008 duobus
623 3951 881 4006 tenetur
912 3956 1273 4015 assumere,
1308 3945 1374 4000 et
1405 3941 1781 4016 contempto

230 4056 583 4141 Baptismo,
635 4054 979 4122 tenebatur
1035 4051 1113 4118 ad
1168 4047 1776 4125 circumcisionem,

232 4171 376 4256 quia
432 4172 610 4239 aliud
652 4169 1015 4238 remedium
1074 4188 1205 4234 non
1249 4163 1641 4253 suppetebat
1682 4182 1781 4228 sa-

233 4283 378 4354 lutis
408 4287 773 4355 infantibus
814 4284 1122 4352 masculis
1149 4337 1165 4363 ,
1205 4283 1292 4348 ita
1324 4286 1557 4348 Doctor
1597 4282 1630 4364 g
1679 4299 1786 4344 se-

237 4404 476 4487 quenti,
521 4405 816 4492 primum
856 4412 1108 4487 tempus
1166 4409 1226 4465 et
1263 4397 1649 4478 secundum,
1702 4417 1786 4462 ex

241 4538 309 4583 eo
376 4542 537 4610 ergo
601 4521 988 4587 tenebantur
1068 4527 1368 4603 parentes
1453 4524 1779 4601 praecepto

245 4634 461 4704 divino
556 4636 833 4704 naturali
909 4632 1156 4721 aliquid
1254 4631 1491 4698 horum
1578 4630 1782 4717 appli-

253 4770 414 4823 care.

330 4870 658 4958 Objiciunt
723 4865 1102 4946 adversarii,
1202 4862 1351 4951 quia
1404 4864 1642 4951 'gusque
1704 4860 1784 4927 ad

150 4946 201 5044 ἓ.
255 4998 514 5054 mortem
546 4985 787 5055 Christi
846 4984 1075 5051 saltem
1134 4980 1522 5048 tenebantur
1577 4977 1782 5045 Iudaei

150 5070 200 5164 &1⁵⁸⁹
256 5096 327 5162 nd
377 5101 586 5190 legem
637 5099 1008 5181 Mosaicam,
1069 5109 1139 5164 ut
1204 5107 1380 5185 patet
1445 5116 1527 5161 ex
1582 5093 1784 5159 variis

151 5181 223 5294 Ἀ
255 5209 402 5286 locis
440 5223 835 5309 Scripturae:
878 5218 1026 5284 Non
1055 5218 1208 5283 veni
1243 5217 1498 5282 solvere
1551 5214 1776 5299 leyem,

253 5334 356 5398 sed
391 5339 779 5425 adimplere,
835 5333 1121 5401 Matthaei
1170 5337 1233 5400 ὃ.
1292 5333 1510 5418 Super
1559 5329 1781 5394 cathe-

255 5446 434 5519 dram
537 5455 754 5540 Moysi
852 5450 1165 5518 sede-rant
1273 5448 1528 5526 scriboe,
1642 5456 1779 5513 etc.

265 5549 671 5664 Quascumque
735 5569 1041 5637 dixerint
1091 5565 1271 5633 vobis
1346 5564 1578 5652 facite,
1651 5573 1780 5632 etc,

153 3325 180 3357 Ο

3319 400 3431 467 351

1878 557 2111 625 ΜαιιΙι.
2159 563 2274 627 23.
2336 561 2535 627 Lucoe
2563 567 2626 629 Β.
2663 562 2831 630 dixit
2871 563 3172 632 Christus
3230 584 3426 631 mun-

1877 673 2028 741 dato
2112 675 2414 764 leproso:
2511 679 2702 764 Offer
2763 701 2890 765 pro
2955 680 3433 747 emundatione

1881 799 1994 855 tua
2031 790 2201 857 sicut
2237 794 2554 878 proecepit
2603 795 2884 881 Moyses.
2933 797 3093 863 Item
3135 817 3279 883 cap.
3319 799 3429 864 17.

1876 909 2195 994 proecepit
2239 918 2312 973 ut
2341 911 2468 975 alii
2496 911 2806 977 mundati
2849 933 2918 978 se
2943 922 3434 1000 proesentarent

1881 1025 2372 1093 Sacerdotibus.
2428 1026 2603 1119 ldem
2664 1039 2840 1114 patet
2877 1029 2968 1096 ad
3013 1031 3317 1096 Hebroeos
3363 1033 3429 1097 7.

1883 1138 1964 1205 de
2021 1140 2448 1209 translatione
2503 1143 2886 1221 Sacerdotii,
2960 1157 3025 1212 et
3089 1145 3433 1213 confirma-

1882 1255 2059 1322 tione
2090 1260 2488 1328 Testamenti
2550 1281 2665 1346 per
2730 1262 3121 1348 sanguinem
3168 1275 3232 1330 et
3264 1282 3433 1328 mor-

1885 1381 2015 1435 tem
2057 1372 2324 1453 Christi,
2385 1384 2450 1439 et
2487 1395 2633 1460 cap.
2679 1379 2742 1442 8.
2787 1387 2849 1441 et
2897 1378 2962 1443 9.
3009 1376 3120 1443 ubi
3179 1375 3434 1463 signifi-

1882 1507 1986 1561 cat
2045 1496 2249 1563 fuisse
2334 1512 2861 1567 consummatum
2941 1505 3431 1570 Testamentum

1883 1624 2074 1679 vetus
2105 1613 2170 1680 in
2231 1628 2439 1681 morte
2477 1616 2744 1697 Christi,
2809 1628 2873 1684 et
2923 1617 3275 1699 similibuS,
3322 1619 3434 1686 ubi

1882 1728 2247 1794 ostenditur
2323 1730 2428 1796 lex
2500 1733 2823 1799 mansisse
2864 1754 3074 1822 usque
3122 1733 3201 1800 ad
3262 1755 3438 1800 mor-

1880 1853 2011 1909 tem
2052 1845 2290 1912 Christi
2323 1847 2594 1927 saltem;
2631 1869 2790 1935 ergo
2829 1851 3050 1916 omnia
3094 1863 3419 1937 praecepta

1882 1959 2049 2047 legis
2091 1974 2495 2043 manserunt,
2541 1986 2700 2050 ergo
2766 1977 2829 2032 et
2892 1977 3292 2055 praeceptum
3343 1968 3424 2034 de

1886 2077 2425 2146 Circumcisione.

1972 2193 2450 2280 Respondetur,
2527 2197 2826 2283 negando
2897 2199 3436 2286 consequentiam
3575 2226 3660 2277 37.
3716 2288 3727 2299 ⁵

1888 2307 2214 2376 ultimam.
2267 2310 2362 2377 Ad
2402 2312 2792 2380 antecedens
2832 2315 3288 2401 respondetur,
3350 2317 3437 2382 le·
3469 2286 3794 2415 ffiffpffiffissg

1883 2444 2030 2509 qem
2067 2425 2239 2490 sumi
2309 2447 2424 2512 pro
2481 2439 2615 2494 tota
2653 2428 3036 2497 collectione
3090 2442 3432 2498 contento·
3514 2428 3574 2464 ⁵¹¹
3600 2413 3754 2525 {³2³2st

1889 2559 2032 2606 rum
2064 2541 2127 2606 in
2169 2541 2336 2629 lege,
2383 2543 2526 2609 sive
2565 2545 2808 2611 fuerint
2849 2547 3235 2633 prophetiae,
3293 2547 3434 2614 sive
3531 2541 3744 2592 nien-on.

1883 2653 2349 2751 instructiones
2415 2671 2479 2725 et
2529 2660 2825 2741 consilia,
2883 2661 3024 2729 sive
3069 2674 3432 2750 praecepta,

1885 2762 2028 2829 sive
2074 2765 2600 2845 caeremonialia3
2645 2781 2710 2834 et
2750 2767 2836 2835 ita
2865 2770 3068 2835 sumit
3118 2771 3439 2855 llierony-

1890 2898 2037 2945 mus
2091 2881 2282 2966 epist.
2359 2881 2450 2948 ad
2513 2883 2880 2971 Alqasiam,
2948 2885 3437 2973 interpretando

1889 2992 2021 3075 illa,
2088 2997 2260 3063 sicut
2315 3000 2639 3083 scriptum
2703 3011 2797 3068 est
2845 3002 2921 3067 in
2979 3003 3119 3090 leqc
3183 3025 3433 3085 eorum,

1890 3112 2048 3198 quia
2113 3111 2271 3178 odio
2350 3114 2721 3182 habuerunt
2810 3138 2913 3183 me
2982 3120 3218 3206 qratis,
3306 3131 3435 3186 etc.

1890 3228 2204 3303 Quamvis
2239 3230 2381 3296 haec
2411 3233 2754 3318 prophetia
2813 3254 2946 3300 non
2988 3235 3156 3303 inter
3186 3255 3434 3321 praece-

1892 3356 2025 3430 pta,
2077 3356 2191 3412 aut
2230 3344 2443 3432 legem
2486 3360 2813 3435 receptam
2844 3370 2881 3415 a
2912 3353 3158 3437 Moyse,
3219 3353 3333 3418 sed
3367 3351 3443 3418 in

1891 3460 2170 3527 Psalmis
2212 3461 2510 3531 habetur.
2553 3465 2882 3532 Sumendo
2929 3478 3148 3534 autem
3198 3468 3294 3533 sic
3352 3470 3440 3534 le-

1890 3596 2058 3662 yem,
2106 3577 2389 3645 nonfuit
2430 3590 2561 3646 tota
2617 3594 3065 3650 consummata
3116 3583 3182 3650 in
3232 3599 3442 3651 morte

1893 3691 2159 3771 Christi,
2197 3692 2310 3759 sed
2361 3695 2593 3781 partim
2635 3695 2702 3762 in
2744 3709 2977 3777 morte,
3023 3699 3260 3786 partim
3297 3711 3444 3787 post

1895 3820 2196 3888 mortem,
2244 3811 2477 3897 partim
2535 3824 2686 3879 ante
2720 3825 3021 3881 mortem.
3076 3817 3261 3884 Unde
3307 3818 3448 3883 Lu-

1895 3945 1986 3989 cae
2023 3927 2132 3992 24.
2179 3924 2345 3992 dixit
2391 3927 2775 4015 discipulis:
2822 3930 2961 3996 lzaec
3024 3943 3180 3999 sunt
3248 3935 3451 4003 verba

1893 4064 2037 4131 quae
2076 4045 2328 4110 locutus
2364 4066 2509 4110 sum
2564 4045 2655 4112 ad
2700 4067 2831 4128 vos,
2878 4069 3022 4114 cum
3064 4049 3285 4117 adhuc
3345 4073 3449 4119 es-

1889 4180 2026 4225 sem
2064 4159 2414 4240 vobiscum,
2490 4163 2804 4248 quoniam
2841 4185 3098 4231 necesse
3160 4178 3255 4233 cst
3311 4170 3445 4235 im-

1886 4276 2069 4363 pleri
2107 4278 2358 4357 omnia,
2423 4299 2566 4364 quce
2619 4280 2874 4366 scripta
2934 4292 3088 4347 sunt
3155 4284 3231 4348 in
3299 4284 3452 4373 lcqe

1896 4392 2131 4478 Moysi,
2222 4404 2283 4459 et
2348 4394 2722 4480 Prophetis,
2833 4405 2895 4461 et
2988 4398 3277 4465 Psalmis
3368 4399 3452 4466 de

1895 4530 2018 4589 me,
2082 4518 2206 4575 etc.
2279 4508 2452 4595 quod
2496 4530 2648 4576 mox
2706 4511 3049 4600 subjungit
3095 4515 3450 4602 aperiendo

1893 4623 1990 4690 eis
2056 4644 2347 4702 sensum,
2409 4636 2473 4690 et
2532 4625 2904 4711 Scripturas
2998 4628 3269 4698 dicens:
3348 4633 3447 4698 sic

1891 4741 2260 4827 oportuisse
2313 4740 2652 4807 Christum
2685 4748 2855 4829 pati,
2901 4756 2962 4810 et
3008 4766 3359 4836 resuryere
3400 4771 3443 4816 α

1893 4857 2172 4921 mortuis
2196 4857 2393 4921 tertia
2432 4855 2566 4936 die,
2613 4867 2674 4923 et
2709 4857 3079 4944 proedicari
3118 4862 3193 4927 in
3222 4864 3445 4929 nomi-

1891 4994 1975 5039 ne
2004 4977 2146 5061 ejus
2171 4976 2659 5061 poenitentiam.
2689 4979 2711 5041 1
2722 4977 3084 5065 ntelligitur
3149 5001 3308 5069 ergo
3341 4982 3449 5048 illa
3479 4944 3804 5080 ῳῖζᾚχᾮ.

1892 5090 2371 5158 consummatio
2420 5091 2631 5179 quoad
2690 5103 2898 5159 totum
2957 5105 3243 5183 tempuS,
3311 5119 3440 5186 quo
3478 5069 3799 5134 nonislegm.

1893 5207 2191 5273 Christus
2224 5208 2345 5274 fuit
2382 5207 2448 5274 in
2499 5211 2691 5275 terris
2725 5209 2929 5277 donec
2956 5212 3322 5280 ascenderit
3359 5213 3440 5280 ad

1893 5327 2174 5407 Patrem,
2227 5337 2289 5392 et
2319 5325 2716 5412 promissum
2780 5326 3095 5413 Spiritum
3137 5315 3436 5399 sanctum

1893 5443 2149 5508 miserit
2175 5440 2530 5528 Apostolis.
2574 5442 2968 5530 intelligitur
3006 5446 3202 5513 etiam
3255 5448 3441 5535 prin-

1889 5557 2188 5647 cipaliter
2216 5558 2297 5630 de
2325 5558 2468 5647 ejus
2501 5571 2709 5628 morte
2735 5572 2801 5629 et
2828 5562 3159 5649 passione,
3203 5563 3271 5633 in
3304 5586 3434 5660 qua
