4255 6375
1470 377 1672 439 Dls'r.
1706 375 1832 437 Vll.
1884 375 2252 452 QUAESTtO
2301 377 2372 439 11.

280 531 526 612 derit,
583 547 642 600 et
692 535 1064 622 baptizatus
1118 537 1353 621 suerit,
1425 539 1647 603 salvus
1696 539 1864 614 erit;

286 654 395 724 et
445 653 535 719 de
573 675 860 723 consecr.
919 656 1073 721 dise.
1118 656 1183 726 5.
1231 656 1529 741 Spiritus
1573 666 1870 733 sanctim,

293 766 459 839 ubi
516 766 886 850 habetur,
942 770 1147 860 quod
1213 769 1670 862 baptizatus
1732 788 1875 860 per

291 883 597 956 solum
666 884 1176 977 Baptismum
1251 886 1665 965 salvatum
1752 888 1876 958 est

292 1004 599 1073 tamen
712 1003 1267 1075 necessarium
1372 1003 1645 1075 adulto
1759 1002 1875 1074 sic

294 1119 535 1209 quod
602 1139 763 1190 non
831 1122 1323 1201 contemnat,
1409 1120 1617 1191 sicut
1686 1118 1879 1191 dici-

297 1237 465 1305 tur
498 1237 716 1301 Ecetra
766 1235 855 1306 de
943 1255 1184 1308 sacra
1255 1235 1662 1315 unctione,
1744 1233 1876 1306 ubi

300 1352 629 1426 dicitur
695 1354 774 1425 in
854 1354 1168 1436 Glossa,
1248 1354 1450 1447 quod
1525 1375 1686 1427 non
1752 1358 1876 1427 est

308 1469 615 1561 plenus
650 1469 1164 1543 Christianus
1213 1470 1348 1562 qui
1399 1469 1870 1544 contemnit.

414 1586 537 1658 Ad
620 1578 1196 1678 argumentum
1273 1588 1474 1669 dicO,
1529 1587 1876 1679 quodlo-

316 1705 613 1796 quitur
661 1707 751 1778 de
801 1708 1100 1790 adulto,
1157 1708 1289 1801 qui
1356 1709 1583 1782 debet
1624 1707 1879 1780 susci-

318 1842 549 1914 pere,
615 1824 689 1896 id
745 1830 895 1908 est,
968 1847 1126 1899 non
1188 1830 1735 1906 contemnere,
1798 1831 1878 1898 et

318 1963 478 2033 pro
564 1948 931 2037 tempore
1017 1963 1381 2035 congruo
1462 1944 1878 2035 suscipere

314 2057 402 2129 in
459 2058 795 2142 effectu,·
843 2061 1360 2152 judicaretur
1418 2060 1633 2131 enim
1703 2080 1879 2132 con-

314 2178 707 2268 temptus,
757 2176 822 2248 si
888 2177 1348 2249 omnimoda
1408 2175 1879 2268 opportuni-

320 2291 500 2363 tate
590 2291 886 2373 oblata,
969 2313 1129 2365 non
1200 2293 1788 2383 susciperetur.

763 2516 1428 2581 COMMENTARIUS.

425 2749 511 2838 (a)
542 2751 917 2838 Respondet)
949 2772 1082 2816 non
1115 2762 1206 2816 est
1237 2748 1632 2834 simpliciter
1664 2764 1880 2810 neces-

332 2870 609 2947 sarium,
667 2878 790 2934 etc.
846 2866 1197 2933 Occasione
1245 2866 1445 2951 hujus
1495 2860 1879 2950 quaestionis

337 2984 669 3050 nonnullas
736 2984 945 3052 turbae
1027 2983 1147 3049 hoc
1225 2994 1517 3065 tempore
1592 2978 1879 3044 subortae

336 3111 521 3177 sunt;
556 3119 635 3164 ne
666 3100 1027 3166 fomentum
1072 3100 1287 3184 itaque
1329 3096 1540 3182 magis
1577 3095 1881 3182 ingerere

336 3231 444 3283 aut
499 3230 758 3304 captare
810 3217 1054 3297 videar,
1112 3237 1305 3303 quam
1349 3214 1711 3281 disserendi
1762 3235 1880 3299 op-

339 3333 821 3421 portunitatem,
858 3332 1297 3419 supersedeo;
1353 3331 1698 3397 videantur
1753 3336 1880 3395 Au-

341 3462 542 3515 ctores
600 3448 799 3526 citati,
881 3460 945 3514 et
1022 3449 1266 3527 Patres,
1340 3459 1401 3512 et
1462 3446 1877 3533 potissimum

347 3564 726 3631 Melchiadcs
779 3568 947 3651 Papa
987 3564 1126 3628 loco
1165 3564 1360 3628 citato
1397 3586 1411 3641 ;
1469 3564 1683 3648 praxis
1743 3563 1875 3648 pri—

349 3681 588 3748 mitivoe
660 3680 988 3757 Ecclesiae,
1052 3693 1115 3747 et
1173 3691 1419 3747 retenta
1470 3680 1536 3745 in
1596 3678 1879 3744 Ecclesia

175 3817 293 3852 0⁸⁸0
348 3797 668 3878 Orientali,
771 3818 919 3884 quae
1013 3795 1584 3862 Confirmationem
1682 3793 1878 3862 simul

149 3880 225 3979 iun?
244 3865 326 3977 xi?-
351 3936 484 3981 cum
543 3913 870 4000 Baptismo
918 3914 1190 3993 confert,
1236 3910 1348 3978 sed
1397 3923 1461 3976 et
1510 3910 1728 3997 praxis
1779 3910 1879 3975 di-

149 4006 317 4043 inum.
357 4048 577 4098 uturna
642 4031 951 4098 Ecclesia}
1008 4029 1461 4109 OccidentaliS,
1553 4050 1699 4115 quoe
1760 4028 1879 4092 ‹lif-

354 4148 462 4214 fert
522 4147 1121 4214 Confirmationem.
1186 4147 1345 4213 Illud
1424 4158 1673 4212 certum
1752 4154 1873 4222 est,

354 4285 466 4329 non
526 4288 672 4334 esse
735 4265 1019 4331 medium
1077 4262 1518 4331 necessarium
1564 4262 1641 4328 ad
1710 4260 1879 4326 salu-

349 4402 508 4454 tem:
552 4406 632 4452 an
686 4385 772 4450 sit
821 4383 885 4448 in
928 4396 1252 4469 praecepto
1302 4402 1381 4447 ex
1439 4392 1616 4467 parte
1672 4378 1878 4445 susci-

353 4504 593 4590 pientiS,
661 4513 729 4567 ut
777 4500 933 4567 illud
996 4498 1359 4585 suscipiat?
1398 4501 1590 4562 Recte
1649 4500 1879 4562 Doctor

351 4623 565 4688 asserit
637 4620 867 4686 saltem
926 4640 1073 4684 esse
1134 4627 1529 4704 praeceptum
1585 4636 1665 4679 ne
1717 4612 1875 4679 illud

351 4751 741 4817 contemnat3
839 4750 1254 4803 contemnere
1314 4755 1472 4800 vero
1549 4744 1671 4809 est,
1748 4751 1875 4796 non

352 4857 664 4943 suscipere
730 4855 1245 4931 Sacramentum,
1299 4850 1560 4937 quando
1667 4859 1877 4935 potest

353 4972 671 5039 commode
702 4991 783 5036 ex
824 4989 951 5055 quo
986 4979 1202 5033 tantus
1234 4966 1483 5031 fructus
1526 4965 1869 5045 redundat,

353 5102 406 5156 et
464 5086 940 5155 consummatio
1010 5083 1346 5168 Baptismi.
1422 5085 1650 5147 Censet
1718 5102 1875 5165 ergo

353 5228 475 5273 esse
541 5215 934 5291 praeceptum
980 5198 1378 5286 suscipiendi
1434 5198 1870 5274 Sacramenti,

355 5326 397 5390 si
426 5321 652 5388 debitae
683 5316 1192 5385 circumstantiae
1221 5325 1647 5393 concurrant3
1683 5312 1877 5379 adde-

170 5452 280 5563 lnf
358 5461 469 5505 rem
521 5436 629 5502 ubi
706 5444 861 5502 sunt
937 5431 1221 5518 pericula
1306 5429 1761 5497 subversionis
1814 5442 1877 5496 et

149 5524 333 5563 1861110-

149 5571 243 5625 tuei
272 5579 334 5624 ost
361 5554 483 5621 fidei
533 5574 676 5619 esse
733 5559 1130 5637 praeceptum
1206 5546 1608 5634 suscipiendi
1654 5550 1876 5614 Sacra-

3427 384 3543 445 703

1991 537 2219 617 menti,
2258 538 2426 624 quod
2475 550 2545 605 ut
2611 539 2896 606 medium
2938 543 3338 610 ordinarium
3380 567 3529 612 con·

1983 653 2107 718 fert
2175 655 2376 719 robur
2433 667 2497 721 et
2536 656 2870 737 virtutem,
2919 658 3228 745 quoniam
3306 671 3369 727 et
3410 661 3532 727 hac

1987 770 2237 835 ratione
2267 770 2527 838 videtur
2572 784 2855 859 potestas
2896 774 3044 842 data
3077 777 3535 845 Sacerdotibus

1987 907 2069 951 ex
2099 887 2567 955 commissione
2600 891 2963 975 fundari‚ut
3005 895 3387 964 ministrent
3419 898 3540 962 hoc

1988 1003 2514 1075 Sacramentum.

2076 1121 2176 1182 An
2236 1138 2390 1183 vero
2449 1118 2512 1184 in
2571 1120 2910 1187 Provincis
2961 1121 3247 1210 singulis
3323 1138 3386 1191 et
3435 1146 3532 1191 re·

1986 1231 2165 1316 gniS,
2222 1233 2330 1298 ubi
2383 1234 2607 1321 nequit
2675 1257 2819 1303 esse
2888 1258 3193 1305 recursus
3242 1240 3319 1307 ad
3379 1242 3543 1307 alios

1992 1348 2135 1415 sine
2167 1348 2601 1430 incommode,
2651 1354 2935 1421 Ecclesia
2994 1368 3294 1423 teneatur
3327 1358 3543 1444 provi-

1990 1463 2143 1531 dere
2182 1465 2261 1530 de
2304 1467 2622 1532 ministris
2656 1468 2913 1535 idoneis
2946 1470 3143 1556 hujus
3168 1475 3551 1537 Sacramen-

1990 1581 2085 1647 ti‘?
2113 1594 2279 1648 etan
2312 1587 2996 1675 teneantur'Episcopi
3033 1588 3095 1652 in
3131 1590 3268 1654 suis
3300 1587 3546 1656 Dioece-

1990 1703 2179 1768 sibus
2232 1704 2389 1788 illud
2424 1727 2502 1771 ex
2555 1720 2880 1794 praecepto
2921 1708 3145 1774 divino
3179 1710 3552 1776 ministrare

1989 1829 2050 1882 et
2093 1840 2467 1904 procurare,
2522 1836 2588 1886 ut
2640 1823 2721 1888 ab
2776 1824 3107 1903 omnibUS,
3157 1824 3345 1911 juxta
3396 1846 3548 1892 con-

1989 1936 2402 2001 suetudinem
2437 1938 2920 2006 Provinciarum
2954 1917 3377 2027 suscipiatur3
3415 1942 3548 2009 sal-

1989 2070 2072 2113 vo
2119 2049 2372 2116 meliori
2422 2053 2672 2139 judicio
2731 2068 3026 2140 putarem
3091 2078 3234 2124 esse
3303 2079 3551 2145 praece-

1993 2175 2176 2249 ptum
2256 2166 2587 2254 utrinque,
2655 2169 2779 2236 nisi
2841 2171 3088 2259 majora
3140 2172 3547 2241 incommoda

1990 2279 2251 2347 obstent
2293 2303 2408 2350 seu
2456 2299 2796 2368 excusent,
2851 2287 2931 2353 de
2970 2288 3207 2376 quibus
3239 2290 3548 2357 Praelato-

1994 2417 2139 2463 rum
2204 2409 2303 2464 est
2334 2400 2629 2486 judicare
2667 2402 2823 2489 quid
2878 2404 2983 2471 hic
3025 2416 3088 2471 et
3126 2423 3300 2473 nunc
3356 2428 3547 2494 expe·

1991 2512 2125 2579 diat
2176 2514 2250 2579 ad
2286 2516 2646 2601 profectum
2680 2520 3208 2607 suscipientium,
3245 2522 3324 2589 ad
3356 2544 3544 2591 reve-

1993 2630 2269 2696 rentiam
2313 2633 2740 2703 Sacramenti.
2790 2640 2924 2704 Nec
2969 2638 3160 2705 video
3194 2641 3540 2728 quomodo,

1990 2757 2099 2811 aut
2132 2747 2539 2815 Christianus
2569 2761 2989 2818 contemnere
3025 2757 3540 2839 Sacramentum,

1996 2862 2061 2926 in
2132 2885 2261 2949 quo
2350 2867 2870 2933 communicatur
2933 2870 3218 2955 Spiritus
3283 2886 3547 2940 sanctus

1998 2979 2071 3044 ad
2153 2983 2783 3049 consummationem
2846 2987 3154 3071 Baptismi
3230 2990 3541 3076 suscepti,

1995 3106 2066 3163 ut
2105 3095 2331 3162 dicunt
2370 3100 2594 3164 Patres
2628 3098 2787 3165 alias
2818 3101 3021 3181 citati,
3076 3113 3186 3167 aut
3222 3106 3546 3192 quomodo

1993 3212 2273 3295 Praelati,
2321 3214 2465 3280 sine
2504 3215 2691 3302 gravi
2724 3215 2910 3303 culpa
2954 3231 3179 3285 contra
3237 3221 3546 3290 sollicitu-

1991 3328 2238 3409 dinem,
2310 3330 2385 3395 ad
2457 3351 2649 3417 quam
2709 3332 2933 3400 divina
3002 3335 3147 3423 lege
3212 3348 3539 3419 tenentur,

1994 3445 2432 3512 ministerium
2526 3448 2682 3514 tanti
2764 3452 3160 3517 Sacramenti
3246 3453 3544 3522 omittere

1994 3561 2245 3644 possint
2288 3560 2351 3624 in
2423 3562 2808 3629 necessitate
2867 3565 3112 3652 populi,
3177 3568 3285 3633 ubi
3356 3568 3531 3635 aliud

1994 3697 2120 3740 non
2156 3689 2446 3757 excusat,
2494 3698 2573 3743 ex
2613 3700 2690 3745 eo
2731 3679 2941 3747 solum
2983 3692 3331 3767 praetextu,
3372 3684 3542 3771 quod

1991 3793 2487 3858 Sacramentum
2538 3814 2667 3859 non
2723 3795 2811 3877 sit
2879 3798 3165 3865 medium
3237 3821 3542 3868 necessa-

1993 3909 2163 3975 rium
2199 3908 2275 3974 ad
2318 3910 2593 3976 salutem
2634 3935 2648 3989 3
2695 3913 2964 3979 omissio
3021 3916 3196 3982 enim
3240 3917 3539 3987 ministe—

1992 4025 2068 4089 rii
2113 4025 2347 4102 libera,
2394 4038 2457 4090 et
2496 4026 2637 4092 sine
2672 4029 3032 4115 urgentiori
3068 4034 3263 4100 causa
3315 4035 3543 4123 nequit

1991 4140 2276 4227 separari
2309 4162 2345 4206 a
2375 4154 2752 4228 contemptu
2814 4144 3084 4212 fundato
3135 4152 3538 4218 sacramenti

1990 4259 2055 4324 in
2118 4259 2381 4344 popule,
2453 4261 2645 4347 cujus
2703 4282 2899 4329 causa
2976 4277 3196 4330 essent
3273 4269 3534 4336 Proelati

1990 4374 2367 4444 oscitantes,
2413 4378 2536 4444 Sed
2580 4380 2722 4446 haec
2761 4381 3061 4467 relinquo
3111 4384 3540 4453 examinanda

1989 4491 2156 4571 aliis,
2228 4493 2306 4557 de
2356 4493 2595 4580 quibus
2648 4497 2959 4583 frequens
3025 4512 3124 4565 est
3191 4504 3538 4568 Doctorum

1990 4620 2351 4688 tractatus;
2434 4624 2496 4677 et
2557 4613 2803 4680 utinam
2865 4616 3108 4683 veritas
3191 4618 3335 4684 sine
3409 4618 3542 4686 zelo

1989 4746 2210 4792 amaro
2241 4739 2303 4792 et
2332 4729 2749 4796 contentione
2782 4751 2955 4798 nunc
3002 4732 3253 4801 dierum
3313 4736 3544 4824 exqui-

1991 4855 2268 4922 reretur,
2308 4864 2425 4910 nec
2476 4845 2881 4932 quaestiones
2948 4860 3281 4917 extraneae
3328 4851 3538 4949 admi·-

1989 4965 2366 5041 scerentur,‘
2424 4982 2572 5047 quae
2649 4962 2872 5049 pietati
2979 4968 3190 5054 magis
3277 4982 3534 5051 nocent,

1989 5094 2182 5160 quam
2257 5076 2587 5163 proposito
2655 5079 3015 5159 accedunt;
3082 5083 3193 5170 qui
3262 5084 3544 5152 voluerit

1990 5190 2318 5278 inquirere
2367 5192 2710 5261 veritatem
2752 5217 2832 5262 ex
2874 5199 3252 5266 Canonibus
3295 5218 3359 5266 et
3416 5204 3539 5268 Pa-

1988 5306 2222 5387 tribus,
2279 5322 2344 5376 et
2407 5314 2884 5381 consuetudine
2941 5317 3274 5400 Ecclesiae,
3350 5321 3542 5388 facile

1989 5419 2249 5487 obviam
2301 5422 2615 5494 inveniet.
3359 5446 3364 5454 '

3569 577 3886 640 praeceptum

3556 636 3889 701 suscipiendas

3559 700 3884 751 confirmati-

3652 761 3765 814 onis
3777 801 3791 815 .

3563 4332 3645 4381 Ad
3663 4331 3864 4384 ministe

3585 4395 3718 4445 rium
3747 4394 3856 4452 eius

3610 4464 3847 4509 tenentur

3608 4521 3836 4572 Praelati.
