4255 6375
511 603 775 655 circumci-

840 378 958 446 346

837 544 1116 616 vulum
1186 567 1422 620 suum
1478 546 1997 640 baptizasset,
2069 552 2152 621 et
2218 567 2379 620 non

593 681 696 716 sus·
839 660 1510 746 circumcidisset,
1555 666 1622 738 si
1649 665 2038 757 parvulus
2089 664 2380 737 fuisset

492 730 775 781 salvaretur
785 766 798 781 .

595 3046 746 3095 aliter

606 3123 659 3158 sc

504 3175 606 3228 hab
607 3184 769 3224 uuuuu

602 3238 783 3347 pgstm

499 3311 701 3368 patwss

567 3310 783 3475 ιιεᾳίίιοω

511 3490 631 3554 [Fen
600 3494 683 3538 net
687 3501 767 3538 co·

591 3555 722 3608 nen,

485 3617 801 3678 quamante.

839 783 1239 862 mortuus,
1328 783 1694 855 salvatus
1779 782 2091 862 fuisset,
2192 779 2380 873 quia

842 896 1140 989 recepit
1229 899 1585 989 gratiam
1658 900 1738 973 in
1823 899 2288 993 Baptismo;
2333 916 2379 969 a

836 1011 1103 1103 prima
1124 1016 1338 1087 enim
1364 1016 1883 1092 institutione
1906 1014 2378 1110 Baptismus

834 1132 1187 1205 contulit
1229 1132 1614 1223 gratiam.

926 1251 1029 1322 Et
1097 1250 1164 1322 si
1214 1250 1536 1334 dicitur,
1603 1252 1807 1344 quod
1871 1272 2156 1324 verum
2224 1259 2375 1337 est,

838 1366 1044 1457 quod
1144 1367 1486 1459 parvulo
1571 1367 2025 1443 suffecisset
2110 1370 2378 1462 Bapti-

838 1500 1087 1564 smus,
1162 1483 1296 1555 sed
1381 1486 1617 1577 pater
1713 1490 2126 1577 peccasset
2220 1507 2380 1560 non

838 1599 1508 1682 circumcidendo,
1576 1605 1890 1682 contra,
1952 1603 2142 1695 quia
2192 1608 2380 1677 ante

841 1720 1218 1789 octavum
1307 1717 1513 1789 diem
1607 1718 1875 1810 potuit
1960 1718 2381 1811 baptizare

836 1833 1295 1927 parvulum,
1357 1838 1438 1908 et
1503 1855 1601 1907 ex
1662 1856 1818 1927 quo
1889 1834 2026 1907 ille
2099 1834 2381 1911 habuit

828 1952 1001 2042 jam
1071 1950 1513 2023 remedium
1598 1955 1890 2025 contra
1952 1951 2375 2043 originale,

839 2069 918 2139 et
952 2064 1104 2140 hoc
1154 2066 1489 2140 credidit
1526 2070 1757 2160 pater
1798 2072 1819 2155 (
1876 2088 2064 2141 nam
2134 2069 2379 2142 credi-

832 2183 947 2257 dit
1005 2183 1516 2276 Baptismum
1578 2185 1990 2258 efficacem
2023 2186 2118 2258 ad
2160 2185 2375 2275 hoc),

839 2305 1027 2374 tunc
1095 2301 1417 2375 videtur
1459 2303 1664 2393 quod
1731 2322 1891 2374 non
1950 2302 2383 2376 tenebatur

835 2417 1303 2491 necessario
1373 2418 1801 2510 providere
1860 2419 2206 2511 parvulo
2289 2420 2382 2492 de

835 2533 997 2607 alio
1034 2533 1412 2607 remedio.

919 2654 1020 2742 (e)
1060 2654 1368 2726 Contra
1409 2654 1870 2735 secundum,
1924 2654 2132 2746 quod
2194 2652 2382 2727 dici-

756 2746 976 2841 nntur
1032 2769 1123 2841 de
1172 2769 1544 2861 tempore
1624 2768 1837 2844 inte1
1916 2771 2379 2862 passionem

741 2872 1174 2967 ⁸¹'Christi‚
1219 2891 1299 2959 et
1333 2886 2082 2980 promulgationem
2126 2891 2381 2962 Evan-

838 3001 1054 3094 gelii,
1099 3002 1481 3095 arguitur
1513 3002 1654 3086 sic,
1701 3004 1888 3096 quia
1934 3005 2207 3078 nullus
2240 3006 2380 3079 ali-

774 3124 967 3220 ter
998 3140 1082 3193 se
1117 3119 1355 3195 habet
1401 3139 1635 3204 nunc,
1710 3141 1949 3214 quam
2013 3122 2242 3215 prius
2286 3124 2380 3197 ad

834 3238 1192 3331 aliquam
1233 3239 1519 3330 legem,
1579 3241 1737 3314 nisi
1782 3241 1969 3332 quia
2032 3246 2157 3314 est
2229 3243 2381 3317 sibi

787 3333 1081 3430 aliter
1113 3358 1658 3448 promulgata,
1698 3357 1830 3430 sed
1891 3362 2079 3451 post
2130 3360 2380 3452 passi-

838 3492 1071 3545 onem
1122 3473 1456 3555 Christi,
1502 3479 1937 3567 antequam
2006 3477 2379 3568 Apostoli

834 3588 1348 3681 Baptismum
1403 3590 1963 3683 plaedicarent,
2017 3609 2176 3663 non
2227 3590 2380 3666 fuit

839 3705 1308 3799 Baptismus
1368 3706 1613 3781 aliter
1669 3709 1963 3801 populo
2024 3709 2380 3801 promul-

764 3907 771 3920 ,
834 3827 1075 3918 gatus
1108 3844 1349 3916 quam
1395 3828 1622 3905 ante;
1676 3845 1875 3917 ergo
1925 3845 2085 3897 non
2137 3826 2382 3901 aliter

631 4452 678 4501 9.

835 3940 1351 4032 obligabatur
1382 3941 1676 4035 aliquis
1701 3948 1886 4035 post
1918 3944 2379 4036 passionem

833 4058 926 4130 ad
970 4057 1479 4150 Baptismum
1514 4079 1757 4151 quam
1795 4062 2010 4142 ante,
2051 4079 2198 4134 nec
2235 4081 2381 4154 per

833 4192 1333 4264 consequens
1435 4174 1530 4246 ad
1653 4174 2379 4250 circumcisionem

834 4291 1084 4364 aliter
1117 4312 1202 4364 se
1233 4290 1539 4367 habuit.

926 4410 1155 4490 Item,
1191 4407 1289 4480 ab
1318 4410 1594 4482 eodem
1644 4408 1938 4483 habent
1974 4417 2381 4506 praecepta

833 4526 1194 4616 (scilicet
1261 4528 1731 4621 Baptismus
1802 4532 1880 4602 et
1944 4529 2381 4604 Circumci-

837 4645 1002 4736 sio)
1035 4645 1200 4717 vim
1245 4644 1649 4736 obligandi
1700 4649 1778 4719 et
1832 4649 2190 4721 medendi
2240 4670 2378 4721 seu

831 4761 1210 4843 curandi;
1257 4765 1482 4854 patet
1565 4782 1708 4855 per
1768 4762 2062 4835 Bedam
2135 4785 2382 4857 super

832 4877 1024 4950 illud
1057 4882 1251 4948 loan.
1298 4879 1363 4949 3.
1408 4881 1489 4950 et
1550 4877 1885 4969 ponitur
1953 4877 2033 4949 in
2068 4877 2374 4959 littera,

829 4995 1088 5069 dist.1.
1126 4997 1278 5063 Nisi
1306 4998 1453 5083 quis
1487 5007 1779 5077 renatuS,
1818 4996 1971 5067 etc.
2004 4999 2137 5074 Qui
2174 5018 2373 5074 nunc,

826 5137 951 5203 per
991 5115 1429 5203 Evanqelium
1468 5135 1659 5180 suum
1689 5114 1934 5180 clamat
1985 5113 2382 5180 terribiliter

834 5245 895 5302 et
968 5233 1354 5312 salubriter,
1401 5231 1551 5297 Nisi
1617 5233 1765 5318 quis
1823 5240 2098 5297 renatus
2135 5285 2150 5310 ,
2223 5232 2376 5301 etc.

831 5348 1370 5442 (terribiliter
1461 5345 1764 5420 dicitur
1833 5349 2176 5438 propter
2255 5366 2380 5417 ar-

834 5474 1051 5544 ctam
1152 5463 1778 5557 obligationem,
1906 5462 2377 5544 salubriter,

840 5591 1183 5683 propter
1252 5580 1666 5656 efficacem
1754 5579 2142 5652 medelam
2177 5596 2199 5668 )
2266 5583 2384 5649 ille

2044 386 2191 450 Lm.
2227 387 2328 450 IV.
2373 386 2968 455 summulam!

2494 550 2750 617 dudum
2814 555 3143 624 clamabat
3185 579 3308 645 per
3349 580 3537 624 suam
3592 558 3795 645 leycm,
3858 584 3958 626 ma-

2492 670 2734 748 acutus,
2788 675 2976 759 cujus
3047 676 3370 761 praeputii
3432 696 3590 740 caro
3645 677 3961 742 circum

2492 806 2629 851 non
2674 788 2907 870 licerit,
2950 791 3196 873 peribit
3225 792 3463 856 anima
3492 795 3629 877 ejus
3657 791 3732 856 de
3773 795 3962 878 populo

2491 923 2634 971 suo.
2707 902 2850 976 Sed
2923 904 3462 979 Circumcisio
3522 904 3788 978 habuit
3840 908 4002 978 vim?

2496 1015 2900 1108 obligandi
2970 1039 3384 1112 usquequo
3457 1026 3962 1097 revocaretur:

2491 1152 2691 1225 ergo
2724 1155 2871 1227 per
2902 1136 3110 1209 idem
3141 1135 3417 1211 habuit
3460 1138 3623 1211 vim
3675 1137 3968 1211 medendi

2493 1269 2746 1342 usque
2806 1250 2903 1324 ad
2950 1251 3175 1325 illam
3220 1252 3838 1327 revocationem.
3867 1255 3969 1328 Sed

2494 1389 2640 1461 per
2665 1369 2925 1442 solam
2982 1368 3287 1444 Christi
3335 1375 3686 1445 mortem
3720 1377 3967 1443 nonest

2493 1485 2740 1559 aliter
2807 1490 3223 1569 revocata,
3294 1507 3535 1580 quam
3604 1487 3864 1581 prius,
3917 1492 3973 1557 ut

2495 1602 2721 1693 patet
2758 1622 2857 1673 ex
2899 1602 3219 1675 ratione
3272 1604 3795 1695 praecedente,
3837 1602 3974 1695 quia

2494 1716 2719 1789 nulla
2776 1717 2908 1790 lex
2966 1723 3091 1793 est
3153 1717 3399 1792 aliter
3465 1718 3974 1812 promulgata:

2494 1852 2719 1925 ergo,
2765 1838 2919 1907 etc.

2588 1952 2816 2031 Item,
2859 1954 3040 2044 post
3073 1956 3421 2025 mortem
3456 1951 3768 2027 Christi
3791 1974 3983 2046 usque

2495 2068 2592 2140 ad
2637 2068 3324 2159 promulgationis
3369 2075 3719 2164 tempus,
3786 2072 3984 2143 Judaei

2493 2183 2980 2258 tenebantur
3024 2185 3605 2260 circumcidere
3660 2188 3988 2279 parvulos

2497 2320 2714 2381 suos,
2781 2299 2967 2393 quia
3035 2302 3258 2373 nullo
3322 2301 3555 2373 modo
3609 2302 3989 2377 constabat

2494 2416 2612 2490 eis
2643 2417 2735 2489 de
2762 2417 3280 2491 revocatione
3322 2417 3984 2495 Circumcisionis:

2494 2554 2655 2606 non
2714 2538 2987 2607 autem
3038 2535 3563 2608 contulerunt
3623 2555 3801 2608 eam
3857 2555 3989 2628 par·

2493 2650 2707 2731 vulo,
2737 2649 2895 2722 nisi
2929 2653 3016 2723 ut
3049 2649 3332 2724 utilem
3373 2655 3454 2725 et
3486 2653 3987 2725 necessariam

2493 2768 2643 2841 sibi
2679 2769 2773 2840 ad
2852 2769 3229 2851 salutem,
3296 2768 3484 2860 quia
3552 2770 3989 2845 tenebantur

2497 2906 2799 2981 ponere
2850 2905 3073 2978 spem
3119 2884 3195 2957 in
3230 2906 3351 2967 ea,
3390 2886 3606 2960 sicut
3665 2892 3748 2961 et
3787 2886 3989 2980 prius

2494 3021 2695 3094 ergo
2734 3001 3215 3075 tenebantur
3254 3002 3347 3075 de
3386 3003 3874 3079 necessitate
3899 3002 3994 3073 ha·

2494 3121 2683 3194 bere
2715 3117 3008 3193 falsam
3045 3121 3506 3213 opinionem
3550 3122 3643 3194 de
3693 3121 3998 3197 Circum·

2495 3238 2844 3321 cisione;
2881 3239 3085 3331 quod
3132 3237 3331 3310 nihil
3381 3242 3504 3311 est
3566 3238 3813 3319 dictu,
3854 3238 3997 3329 quia

2493 3357 2708 3431 Deus
2749 3354 3061 3426 nullum
3120 3353 3441 3446 decipit,
3505 3374 3656 3428 nec
3739 3353 3995 3447 obligat

2494 3471 2960 3546 necessario
2994 3470 3088 3542 ad
3119 3453 3702 3563 decipiendum.

2589 3589 2817 3668 Item,
2877 3607 3288 3680 nunquam
3332 3586 3484 3660 fuit
3546 3587 3796 3660 homo
3854 3586 3995 3658 reli-

2494 3710 2675 3780 ctus
2718 3704 2890 3778 sine
2933 3703 3288 3776 remedio
3322 3707 3578 3786 certo,
3627 3709 3713 3778 et
3752 3704 3839 3777 de
3877 3722 3994 3795 quo

2496 3842 2651 3895 non
2686 3823 2901 3894 esset
2942 3825 3245 3900 certus,
3292 3819 3496 3912 quod
3545 3824 3733 3892 erat
3796 3840 3996 3892 reme·

2492 3939 2710 4013 dium
2750 3941 3110 4016 certum;
3158 3936 3288 4008 sed
3338 3935 3420 4007 in
3473 3935 3617 4009 illo
3677 3940 3996 4028 tempore
4086 3923 4091 4022 i

2496 4060 2681 4149 post
2744 4053 3239 4147 passionem,
3302 4056 3489 4124 ante
3560 4050 3994 4146 publicatio·

2494 4192 2703 4254 nem,
2760 4168 3071 4242 nullum
3116 4167 3269 4241 fuit
3309 4167 3524 4239 aliud
3556 4173 3868 4242 certum
3896 4185 3997 4236 no·

2492 4309 2682 4363 vum
2716 4286 3160 4361 remedium
3188 4286 3464 4358 datum
3497 4285 3646 4367 eis,
3685 4286 3860 4378 quia
3885 4303 3995 4356 nec

2497 4403 3037 4499 publicatum;
3118 4421 3314 4494 ergo
3374 4402 3777 4474 remansit
3832 4400 3995 4472 idem
4090 4455 4091 4476 i

2497 4522 2697 4617 quod
2742 4520 2996 4614 prius,
3048 4521 3125 4592 et
3159 4539 3382 4610 aeque
3422 4521 3741 4593 certum
3789 4536 3995 4590 reme·
4090 4525 4091 4610 i

2497 4640 2754 4719 dium;
2811 4656 3012 4728 ergo
3064 4655 3288 4727 aeque
3335 4632 3869 4709 Circumcisio
3906 4653 3992 4704 re·
4084 4673 4091 4792 Ι

2497 4754 2798 4829 mansit
2848 4753 3059 4828 sicut
3100 4751 3352 4845 prius.

2585 4874 2893 4947 Contra
2942 4869 3308 4952 tertium,
3353 4868 3561 4961 quod
3613 4868 3897 4943 dicitur
3924 4864 3991 4937 de

2496 4994 2865 5081 tempore
2898 4988 3080 5081 post
3121 4984 3755 5080 publicationem
3786 4987 4041 5072 Evan

2497 5106 2712 5200 gelii,
2758 5109 3106 5199 apparet
3153 5109 3297 5173 Act.
3348 5105 3460 5176 21
3509 5127 3664 5193 cap.
3744 5101 3865 5173 ubi
3908 5097 4091 5204 le-m

2494 5224 2722 5316 gitur
2760 5223 2851 5295 de
2894 5222 3171 5302 Paulo,
3222 5220 3357 5312 qui
3408 5218 3771 5293 ascendit
3806 5219 3982 5289 Jeru·
4040 5219 4092 5268 ⁸⁶¹

2497 5341 2776 5421 salem
2812 5344 2893 5413 et
2930 5339 3159 5411 ibide
3206 5335 3547 5411 consilio
3604 5334 3867 5409 Jacobi
3924 5331 3983 5398 et
4020 5275 4092 5454 {Tu}

2495 5458 2850 5531 aliorum
2940 5452 3323 5536 fratrum,
3392 5460 3579 5548 post
3664 5453 3979 5547 quartam
4036 5411 4061 5456 ’

2497 5575 2903 5667 Synodum
2949 5572 3303 5647 habitam
3358 5572 3437 5644 in
3470 5562 3979 5660 Jerosolymis.
