4255 6375
687 397 801 459 172

436 583 632 654 Modus¹
799 562 1150 648 Capreolus
1181 560 1369 630 docet
1396 564 1838 632 causalitatem
1871 566 2253 630 Sacramen-

398 645 656 774 ssssssffi.
711 688 925 744 torum
993 678 1334 767 physicam
1398 681 1620 748 reduci
1669 680 1748 747 ad
1811 681 2089 768 gratiam
2159 701 2257 747 sa-

478 775 582 822 tur.

710 794 1198 877 eramentalem,
1280 817 1475 882 quam
1558 808 1815 878 vocant,
1887 795 2248 876 dumtaxat,

712 932 841 978 non
874 933 1033 979 vero
1072 912 1151 979 ad
1193 914 1751 993 sanctificantem3
1797 913 1909 980 sed
1971 915 2094 980 hoc
2124 935 2254 980 non

711 1030 999 1097 cohaeret
1047 1031 1376 1113 Conciliis,
1419 1044 1532 1099 aut
1598 1032 1921 1111 PatribuS,
1958 1031 2068 1119 qui
2138 1034 2253 1097 Sa-

708 1159 1037 1213 cramenta
1085 1147 1318 1214 docent
1378 1168 1647 1215 causare
1702 1147 2137 1226 sanctitatem,
2193 1157 2258 1213 et

709 1264 1040 1330 remittere
1096 1273 1378 1349 peccata,
1426 1275 1495 1330 ut
1536 1275 1710 1351 patet
1762 1263 1843 1331 de
1898 1263 2250 1350 BaptismO,

365 1397 684 1463 Impugnatio
711 1379 1094 1446 Paenitentia
1135 1393 1198 1447 et
1228 1393 1520 1449 extrema
1570 1381 1913 1462 Unctione,
1960 1402 2079 1447 suo
2121 1402 2255 1447 mo-

391 1461 657 1595 mog-:effim-
708 1496 829 1575 do;
886 1517 1003 1563 nec
1033 1496 1240 1584 placet
1282 1496 1637 1579 modernis,
1686 1497 1797 1585 qui
1841 1497 2068 1564 dicunt
2106 1518 2255 1583 gra-

384 1586 674 1713 tgssqffisffi·
713 1614 866 1679 tiam
909 1614 1467 1694 sacramentalem,
1518 1634 1710 1703 quam
1752 1612 2160 1679 constituunt
2193 1612 2257 1678 in

710 1727 974 1794 auxiliis
1006 1729 1240 1815 gratiae
1288 1728 1584 1808 actualia,
1632 1748 1749 1815 pro
1806 1739 1984 1794 certo
2014 1739 2079 1793 et
2107 1748 2256 1794 con·

704 1864 874 1929 gruo
922 1855 1216 1931 tempore
1274 1843 1506 1911 dandis
1557 1845 1798 1911 virtute
1857 1843 2256 1911 Sacramenti

707 1961 961 2029 causari
1059 1961 1415 2045 moraliter,
1514 1982 1641 2028 non
1721 1961 2018 2050 physice,
2107 1961 2256 2049 quia

703 2075 963 2162 quando
995 2076 1208 2158 datur,
1254 2079 1747 2144 Sacramentum
1799 2098 1927 2144 non
1970 2088 2090 2144 est.
2130 2077 2255 2144 Sed

705 2191 828 2258 hoc
859 2191 1073 2279 ipsum
1107 2191 1390 2261 destruit
1421 2193 1919 2260 fundamentum
1962 2194 2253 2281 ipsorum

704 2328 821 2393 pro
852 2309 1057 2375 altera
1090 2321 1291 2396 parte,
1337 2309 1509 2377 circa
1542 2309 1989 2376 causalitatem
2022 2309 2257 2396 gratiae

704 2424 1175 2495 sanctificantis
1201 2450 1216 2507 ;
1248 2438 1387 2493 tum
1420 2426 1571 2514 quia
1604 2427 1746 2493 haec
1777 2425 2115 2494 desinente
2145 2429 2255 2492 Sa-

703 2555 1039 2611 cramento
1069 2554 1398 2622 causatur,
1436 2554 1573 2609 tum
1607 2542 1758 2631 quia
1789 2542 1958 2610 idem
1998 2554 2097 2608 est
2120 2564 2259 2609 mo-

706 2661 830 2729 dus
869 2659 1179 2728 causandi
1231 2660 1630 2727 Sacramenti
1699 2660 2248 2742 instrumentalis,

705 2790 767 2844 et
829 2800 908 2845 ex
976 2798 1173 2864 opere
1232 2789 1535 2862 operato:
1607 2798 1767 2864 ergo
1825 2777 1879 2843 si
1951 2788 2255 2865 respectu

700 2896 897 2963 unius
964 2895 1197 2982 gratiae
1246 2906 1343 2960 est
1402 2893 1689 2974 moraliS,
1751 2905 1819 2961 et
1857 2894 2053 2961 habet
2103 2894 2256 2960 rati·

702 3033 892 3078 onem
937 3010 1221 3097 propriae
1268 3031 1509 3090 causoe,
1546 3031 1661 3077 cur
1705 3010 2011 3077 similiter
2042 3032 2260 3098 respe-

699 3139 806 3197 ctu
856 3126 1149 3208 alterius,
1187 3125 1282 3194 sic
1339 3126 1534 3194 etiam
1577 3127 1890 3196 declarari
1940 3149 2071 3196 non
2139 3128 2256 3195 de-

709 3248 882 3315 beat.

435 3374 616 3487 Midas
799 3362 1173 3452 Respondet
1203 3383 1361 3450 ergo
1399 3361 1588 3430 aliter
1638 3363 1853 3447 SotuS,
1913 3381 2105 3450 quem
2147 3383 2255 3429 se-

393 3560 405 3571 ·
476 3500 585 3551 Soti
711 3482 824 3570 qui
865 3481 1126 3549 videtur
1165 3479 1578 3559 OxoniensiS,
1642 3482 2058 3546 Sacramenta
2106 3500 2257 3548 cau-

390 3576 653 3678 mex-na-
709 3616 856 3661 sare
891 3594 1196 3682 gratiam,
1253 3614 1380 3660 non
1421 3593 1591 3682 quod
1652 3594 1974 3682 attingant
2019 3593 2258 3680 produ-

704 3712 987 3779 ctionem
1029 3711 1261 3799 gratiae
1291 3731 1440 3798 quae
1505 3724 1787 3789 creatur,
1854 3710 2257 3798 sedgratum

700 3851 877 3908 esse;
929 3829 1096 3894 sicut
1178 3827 1603 3894 reconcilians
1675 3826 2031 3894 amicitiam
2093 3827 2260 3893 inter

704 3946 894 4026 duoS,
941 3944 1180 4010 dicitur
1235 3965 1501 4011 causare
1542 3943 1921 4025 amicitiam,
1975 3956 2040 4010 et
2091 3945 2263 4012 sicut

707 4067 905 4131 homo
944 4081 1220 4129 causans
1287 4061 1597 4128 unionem
1629 4062 1866 4128 animae
1925 4061 2261 4129 rationalis

706 4179 947 4246 dicitur
974 4198 1293 4266 generare
1353 4178 1715 4259 hominem,
1767 4178 1863 4245 sic
1910 4178 2106 4245 etiam
2149 4180 2262 4245 Sa-

396 4329 637 4397 Exempla
713 4305 1070 4374 eramenta,
1128 4293 1283 4382 quia
1347 4293 1642 4361 efficiunt
1707 4293 2041 4359 hominem
2104 4314 2260 4381 gra-

361 4396 678 4462 reficiuntur.
716 4422 880 4491 tum,
926 4421 1050 4478 etc.
1116 4414 1186 4476 ln
1220 4409 1477 4498 primis,
1542 4409 1830 4499 primum
1881 4409 2254 4497 exemplum

717 4548 848 4595 non
873 4527 1027 4596 facit
1056 4527 1134 4594 ad
1188 4528 1619 4615 propositum,
1657 4527 1808 4615 quia
1840 4546 1968 4593 non
2000 4526 2265 4595 denotat

708 4645 834 4713 nisi
866 4644 1315 4712 causalitatem
1357 4644 1696 4725 moralem,
1734 4655 2049 4731 praeterea
2079 4644 2259 4711 aliud

712 4775 809 4832 est
840 4765 1164 4853 attingere
1202 4762 1509 4851 gratiam,
1545 4761 1718 4829 aliud
1759 4782 1917 4828 vero
1949 4762 2262 4828 unionem

707 4884 879 4971 ejus.
933 4880 1221 4948 Concilia
1254 4900 1385 4946 non
1434 4879 1794 4967 loquuntur
1851 4878 1916 4945 in
1960 4892 2264 4946 concreto

706 5003 787 5069 de
827 5002 1057 5081 forma,
1102 4998 1216 5067 sed
1279 4998 1475 5066 etiam
1539 4997 1604 5062 in
1635 4997 1983 5076 abstracto,
2032 5007 2100 5063 ut
2158 5008 2258 5063 est

708 5118 980 5186 effectus
1013 5119 1623 5192 Sacramentorum;
1668 5114 1892 5181 dicunt
1938 5113 2109 5180 enim
2145 5115 2258 5179 Sa-

710 5245 1037 5301 cramenta
1098 5231 1394 5299 conferre
1442 5242 1504 5296 et
1551 5229 1889 5297 continere
1939 5229 2249 5317 gratiam.

440 5362 648 5438 Modus,
716 5350 782 5417 Si
815 5371 973 5437 ergo
1001 5371 1083 5416 ex
1131 5348 1352 5437 rigore
1399 5348 1777 5427 verborum,
1822 5355 1886 5412 et
1944 5344 2135 5411 modo
2176 5345 2264 5410 lo·

407 5428 652 5555 i‘osstssffilf
715 5467 954 5557 quendi
1023 5467 1456 5535 conciliorum
1487 5477 1550 5533 et
1583 5469 1868 5545 Patrum,
1931 5462 2264 5531 inducitur

510 5564 561 5608 ἰ
715 5584 936 5681 opinio
975 5583 1055 5657 de
1084 5583 1461 5661 causalitate
1509 5582 1780 5677 physica
1810 5582 2262 5655 Sacramento-

1877 398 2020 463 LlB.
2070 401 2172 461 tv.
2206 398 2802 464 SENTENTtARUM

2367 581 2538 645 rum,
2582 561 2775 629 debet
2810 563 3007 630 etiam
3031 562 3339 651 explicari
3369 576 3674 651 respectu
3705 563 3928 652 ipsius
3992 586 4158 642 Q

2368 675 2618 757 formae,
2645 699 2840 765 quam
2875 682 3097 747 Patres
3127 680 3350 747 dicunt
3383 681 3669 761 causari,
3701 693 3762 747 et
3790 700 3927 745 non
4099 679 4104 689 '

2368 804 2664 881 respectu
2709 795 2970 862 unionis
3021 807 3299 879 tantum,
3352 797 3505 885 quia
3564 798 3689 863 hoc
3728 796 3932 862 modo

2369 930 2497 977 non
2539 911 2828 978 salvatur
2885 915 3301 979 Sacramenta
3369 913 3696 1000 attingere
3773 932 3928 999 gra-

2367 1027 2523 1094 tiam
2559 1040 2627 1095 ut
2657 1028 3034 1108 terminum,
3080 1031 3250 1096 sicut
3308 1049 3519 1116 neque
3555 1027 3928 1114 disponens

2367 1160 2481 1213 aut
2512 1146 2745 1212 uniens
2773 1145 3059 1211 animam
3126 1145 3507 1211 rationalem
3557 1144 3639 1211 ad
3698 1145 3931 1231 subje-

2369 1275 2544 1332 ctum
2577 1262 2828 1329 dicetur
2859 1260 3217 1348 producere
3256 1262 3567 1328 animam.

2457 1377 2698 1445 Deinde
2734 1398 2881 1444 cum
2951 1378 3106 1444 unio
3137 1378 3368 1464 gratiae
3426 1398 3497 1443 se
3558 1389 3775 1444 teneat
3846 1398 3928 1444 ex
4037 1417 4131 1465 [aa

2371 1507 2549 1583 parte
2591 1494 2843 1574 formae,
2898 1494 2964 1560 in
2996 1514 3123 1581 qua
3153 1505 3251 1560 est
3295 1505 3609 1580 tanquam
3654 1492 3721 1558 in
3769 1495 3930 1559 sub-
4007 1479 4152 1604 ,ἓξὲξ

2361 1612 2559 1699 jecto,
2606 1630 2733 1676 non
2783 1621 3051 1698 apparet
3082 1608 3311 1677 modus
3344 1630 3471 1696 quo
3528 1612 3926 1676 Sacramen-
3970 1593 4181 1720 3²32&

2368 1738 2430 1794 ta
2487 1747 2628 1794 eam
2671 1726 3126 1813 producerent,
3174 1725 3324 1814 quia
3384 1726 3479 1793 sic
3527 1738 3807 1813 agerent
3858 1728 3924 1793 in
4060 1734 4110 1777 ¹0·

2371 1844 2574 1931 ipsam
2607 1843 2909 1931 gratiam,
2956 1855 3263 1931 tanquam
3311 1843 3711 1931 subjectum,
3746 1843 3927 1932 quod

2371 1983 2583 2051 neque
2622 1961 3181 2048 proportionatum
3215 1971 3337 2041 est,
3392 1980 3608 2048 neque
3638 1960 3927 2048 applica-

2365 2092 2503 2147 tum
2543 2081 2762 2168 agenti
2805 2080 3123 2146 materiali
3163 2091 3226 2147 et
3284 2079 3490 2146 totali.
3528 2078 3776 2145 Deinde
3820 2100 3922 2144 re-

2367 2198 2569 2264 deunt
2642 2207 3031 2285 argumenta
3097 2197 3400 2283 superius
3467 2198 3636 2264 facta
3696 2205 3928 2264 contra

2368 2313 2700 2401 antiquos,

2458 2428 2600 2496 Alio
2666 2449 2825 2516 ergo
2876 2427 3091 2509 mod0,
3166 2428 3337 2494 idem
3368 2439 3597 2494 auctor
3654 2426 3922 2493 videtur
4051 2449 4112 2500 52.

2371 2779 2658 2846 efficeret
2706 2780 3037 2845 hominem
3071 2790 3357 2867 gratum,
3401 2780 3663 2867 quando
3714 2778 3925 2866 appli-

2368 2906 2574 2974 catur,
2650 2894 2823 2962 unde
2873 2906 3174 2961 movetur
3242 2898 3411 2960 Deus
3471 2907 3541 2961 ut
3619 2895 3925 2962 infundat

2369 3011 2675 3098 gratiam,
2714 3013 2838 3077 hoc
2874 3021 3139 3098 gyratam
3183 3033 3336 3092 esse,
3400 3013 3920 3090 sacramentale,

2373 3128 2552 3215 prius
2592 3127 2829 3195 accidit
2859 3148 3053 3216 quam
3088 3127 3330 3196 infusio
3359 3129 3617 3215 gratiae.
3654 3131 3919 3213 Contra,

2371 3245 2494 3310 hoc
2522 3244 2785 3311 videtur
2845 3243 3303 3330 improbabile.
3364 3249 3518 3311 Peto
3558 3247 3734 3312 enim
3797 3264 3925 3334 qua

2371 3362 2813 3450 acceptatione
2860 3364 3160 3431 dicantur
3226 3366 3643 3431 Sacramenta
3703 3377 3915 3451 grata,
4043 3434 4158 3479 m

2372 3480 2476 3546 vel
2512 3481 2708 3546 homo
2748 3493 2976 3566 gratus
3019 3484 3146 3546 Deo
3181 3501 3295 3567 per
3326 3481 3745 3546 Sacramenta
3806 3501 3918 3567 ap·
3967 3436 4170 3546 &ozam

2373 3599 2627 3685 plicata,
2675 3610 2745 3664 ut
2783 3598 3149 3665 excluditur
3178 3597 3447 3664 effectus
3497 3597 3821 3683 ipsorum,
3857 3597 3918 3661 id
3964 3566 4169 3683 ,ςαξῖψι

2371 3724 2492 3793 est,
2527 3726 2876 3800 antequam
2922 3713 3301 3779 infundatur
3328 3712 3536 3800 gratia
3563 3711 3596 3778 ⁶?
3641 3733 3768 3779 non
3811 3734 3919 3800 ge·

2374 3830 2601 3909 nerali,
2649 3829 2801 3917 quia
2847 3829 2994 3896 talis
3025 3829 3380 3915 acceptatio
3414 3848 3541 3895 non
3583 3826 3923 3895 sufficien-

2372 3957 2472 4012 ter
2501 3944 2892 4012 determinat
2930 3944 3334 4011 voluntatem
3375 3942 3668 4011 divinam
3702 3945 3780 4011 ad
3822 3945 3917 4010 in·

2374 4059 2778 4128 fundendum
2828 4060 3152 4145 effectum;
3202 4080 3330 4126 non
3362 4060 3656 4147 speciali,
3696 4060 3825 4126 nisi
3859 4070 3926 4126 ut

2373 4179 2671 4246 instituta
2711 4188 2909 4257 sunt;
2945 4177 3069 4245 hoc
3099 4188 3315 4244 autem
3357 4187 3611 4242 tantum
3662 4189 3761 4243 est
3793 4198 3926 4243 mo·

2373 4296 2585 4363 tivum
2644 4293 2908 4376 morale,
2979 4294 3108 4360 nisi
3166 4292 3642 4380 superaddatur
3709 4293 3926 4381 aliqua

2374 4410 2663 4479 efficacia
2702 4409 3003 4496 physica,
3049 4430 3197 4497 quaa
3245 4420 3572 4495 competat
3622 4408 3813 4495 ipsis,
3862 4418 3930 4474 ut

2373 4527 2588 4593 causis
2628 4524 3099 4607 efficientibus,
3161 4535 3225 4590 et
3290 4523 3387 4590 sic
3430 4544 3556 4591 non
3623 4524 3920 4591 conside·

2375 4655 2603 4710 rantur
2672 4663 2789 4729 per
2848 4639 3111 4707 modum
3163 4640 3413 4721 formae,
3504 4652 3576 4706 ut
3649 4639 3923 4707 reddant

2376 4771 2662 4846 gratum,
2727 4756 2837 4823 sed
2902 4768 2972 4822 ut
3059 4756 3495 4822 instrumenta
3542 4755 3780 4835 activa,
3852 4776 3923 4821 ac

2380 4874 2652 4963 proinde
2677 4884 3007 4961 nequeunt
3029 4871 3297 4938 reddere
3313 4884 3602 4959 gratum,
3631 4885 3702 4938 ut
3724 4893 3923 4958 praes·

2377 4993 2650 5060 cindunt
2704 4991 2785 5058 ab
2823 4990 3081 5058 effectu.
3144 4988 3385 5057 Deinde
3450 4987 3777 5076 loquendo
3845 4988 3920 5054 de
3946 5013 4162 5063 &mmm-

2375 5121 2568 5196 9rato
2615 5129 2769 5187 esse,
2826 5106 2903 5173 ad
2956 5125 3223 5191 scopum
3277 5106 3474 5192 hujus
3505 5104 3913 5190 quaestionis,
4037 5080 4106 5183 ῃῖῃ

2378 5225 2537 5293 nihil
2572 5223 2746 5291 aliud
2781 5222 3140 5291 formaliter
3190 5220 3401 5288 reddit
3449 5229 3739 5307 gratum,
3794 5220 3916 5287 nisi
3944 5192 4164 5315 ffiffiff

2376 5343 2610 5431 gratia,
2658 5341 2723 5406 in
2758 5360 2881 5428 qua
2924 5338 3234 5406 fundatur
3266 5340 3378 5427 jus
3416 5337 3815 5425 adoptionis,
3862 5349 3919 5403 et
3981 5330 4136 5393 gramm.

2377 5482 2527 5550 quae
2577 5458 2867 5526 excludit
2942 5467 3304 5543 peccatum,
3402 5455 3571 5543 quod
3660 5474 3919 5541 semper

2378 5581 2574 5661 inest,
2614 5576 2822 5643 donec
2853 5574 3231 5642 infundatur
3269 5572 3501 5663 gratia,
3545 5572 3731 5641 verbi
3770 5593 3920 5661 gra·
