4255 6375
835 428 953 493 518

826 592 918 657 ad
955 593 1240 659 Roman.
1292 596 1363 659 3.
1446 592 1786 658 Rationem
1832 590 1973 676 ejus
2029 586 2374 676 subjungit

830 713 1066 775 Doctor
1123 709 1191 774 in
1232 707 1471 775 littera.

919 821 1280 889 Difficultas
1338 820 1685 888 solutionis
1717 831 1817 887 est
1841 819 1917 886 -in
1974 818 2188 900 mod0‚
2246 840 2374 907 quo

832 948 1058 1025 petens
1126 940 1615 1003 Sacramentum
1681 957 1752 1002 se
1811 937 2051 1002 habere
2139 946 2370 1022 potest,

833 1067 905 1120 ut
952 1052 1123 1119 licite
1181 1053 1332 1134 sibi,
1412 1067 1524 1120 aut
1607 1051 1888 1140 parvulo
2000 1050 2372 1131 subveniat,

835 1169 979 1235 sine
1010 1169 1121 1235 Dei
1152 1170 1426 1235 offensa.
1481 1168 1696 1257 Aliqui
1729 1169 1952 1235 dicunt
2001 1189 2193 1254 posse
2241 1165 2378 1232 dari

838 1285 1179 1372 pecuniam
1242 1285 1306 1351 in
1367 1307 1443 1351 eo
1515 1307 1668 1352 casu
1770 1285 1847 1352 ad
1935 1284 2380 1351 redimendam

489 1450 562 1499 D.
617 1448 805 1498 Bonav.
840 1402 1277 1480 vexationem,
1345 1402 1430 1467 ita
1492 1405 1560 1468 D.
1636 1402 2195 1468 Bonaventurae'n
2259 1402 2382 1465 Ιιαε

515 1507 802 1622 ξξὲῗὲῗέἰι·
841 1518 998 1583 dist.
1043 1539 1237 1603 quam
1301 1517 1794 1604 responsionem
1856 1516 2145 1582 insinuat
2187 1517 2381 1582 etiam

843 1631 1206 1699 Richardus
1274 1634 1381 1698 hic
1443 1643 1573 1698 arc.
1638 1637 1702 1698 3.
1756 1643 1988 1719 quaest.
2052 1636 2117 1696 4.
2171 1632 2262 1697 ad
2314 1636 2377 1697 3.

841 1759 900 1814 ct
957 1749 1112 1814 dist.
1207 1753 1315 1814 25.
1387 1760 1517 1815 art.
1583 1754 1647 1815 3.
1737 1760 1962 1835 quoesl.
2023 1753 2082 1816 1.
2162 1747 2251 1812 ad
2300 1754 2370 1813 8.

844 1864 1343 1931 Panormitanus
1411 1867 1483 1930 in
1537 1887 1683 1950 cop.
1732 1865 1896 1930 Cum
1937 1865 2258 1942 Ecclesia,
2305 1863 2387 1928 dc

841 1982 1153 2045 simonia.
1235 1980 1413 2045 Idem
1491 1992 1667 2046 tenet
1724 1979 1936 2067 quoad
2007 1979 2382 2067 parvulum,

842 2117 972 2162 non
1041 2095 1250 2181 quoad
1317 2095 1633 2176 adultum,
1710 2096 1864 2183 quia
1918 2097 1982 2161 in
2017 2117 2093 2162 eo
2125 2116 2255 2160 non
2288 2106 2386 2160 est

843 2221 1021 2276 tanta
1099 2209 1384 2291 vexati0,
1450 2209 1606 2298 quin
1665 2211 1874 2296 possit
1939 2233 2054 2298 per
2147 2209 2385 2277 contri-

845 2327 1087 2393 tionem
1145 2327 1268 2393 sibi
1302 2328 1680 2407 subvenire,
1736 2341 1798 2394 et
1849 2341 1917 2394 ut
1947 2328 2104 2394 dicit
2156 2332 2387 2396 Doctor

847 2444 909 2509 in
970 2442 1209 2523 littera,
1248 2463 1376 2509 non
1447 2455 1704 2509 tenetur
1755 2466 1830 2510 eo
1895 2464 2051 2511 casu
2100 2444 2178 2509 ad
2222 2467 2386 2532 pra}-

519 2570 789 2621 Adrianus.
841 2571 1100 2646 ceptum
1161 2559 1499 2646 Baptismi.
1575 2563 1751 2626 Hanc
1836 2559 2226 2625 sententiam
2286 2585 2385 2628 sc-

545 2634 772 2745 ngffin.
843 2675 1067 2765 quitur
1135 2675 1460 2741 Adrianus
1545 2675 1933 2754 Quodlibcco
1991 2681 2054 2744 9.
2147 2680 2237 2745 ad
2313 2685 2377 2746 3.

522 2761 783 2872 εἶξῗξὲἒξ,
841 2793 1192 2860 Confirmat
1250 2795 1594 2882 Cajetanus
1644 2799 1707 2862 2.
1766 2799 1827 2860 2.
1927 2808 2152 2884 quoest.
2232 2801 2379 2864 100.

547 2900 755 2948 neganS.

841 2922 970 2978 art.
1030 2915 1094 2977 2.
1160 2914 1356 2978 Sotus
1415 2912 1497 2977 cle
1560 2914 1725 2979 Just.
1800 2925 1860 2979 et
1897 2917 2076 3000 jure,
2137 2913 2250 2979 lib.
2315 2918 2378 2980 9.

825 3039 1064 3121 queem.
1145 3030 1208 3093 6.
1290 3039 1420 3093 are.
1499 3033 1558 3096 1.
1621 3028 1711 3095 ad
1755 3035 1814 3096 1.
1879 3033 2088 3116 Negat
2119 3035 2382 3119 Aragon

837 3147 917 3213 de
945 3146 1110 3212 Just.
1147 3149 1398 3233 ecjure.
1428 3157 1661 3233 qucest.
1710 3151 1858 3215 100.
1902 3159 2032 3214 art.
2072 3152 2136 3215 2.
2185 3149 2276 3216 ad
2320 3154 2378 3217 1.

836 3263 988 3352 quia
1021 3264 1431 3329 vexationem
1465 3285 1612 3351 quae
1646 3263 1873 3330 redimi
1954 3276 2163 3351 potest
2249 3267 2383 3332 exi-

835 3382 1056 3448 stimat
1094 3381 1449 3448 consistere
1490 3382 1553 3448 in
1613 3404 1715 3464 e0,
1772 3384 1943 3471 quod
1994 3384 2144 3471 quis
2203 3386 2383 3472 juste

838 3497 1148 3586 possidet,
1212 3518 1417 3587 eoque
1475 3500 1772 3588 privatur
1854 3500 2122 3589 injuste,
2192 3512 2261 3567 ut
2328 3502 2382 3566 si

839 3614 1259 3683 beneficiatus
1309 3616 1591 3703 patiatur
1658 3616 1901 3705 injuste
1969 3618 2382 3685 vexationem

840 3753 955 3820 per
995 3731 1387 3797 ablatiomen
1466 3732 1790 3814 beneficii,
1845 3734 2014 3821 quod
2092 3736 2385 3822 possidet

837 3849 960 3915 nisi
1050 3849 1325 3915 redimat
1381 3849 1653 3936 pecunia
1712 3871 1856 3917 eam
1909 3853 2377 3933 vexationem3

837 3966 903 4031 in
935 3966 1267 4053 proposito
1296 3986 1451 4033 casu
1501 3977 1600 4031 est
1630 3969 1978 4054 conjuncta
2024 3989 2173 4034 cum
2252 3991 2382 4036 em-

841 4084 1058 4167 ptione
1097 4084 1474 4161 simoniaca,
1537 4107 1686 4173 quae
1734 4098 1832 4151 est
1893 4106 2007 4172 per
2074 4108 2145 4153 se
2191 4086 2379 4153 mala.

617 4237 692 4285 15.
927 4201 1301 4289 Respondet
1358 4205 1591 4267 Doctor
1638 4222 1835 4287 posse
1921 4202 2057 4268 dari
2103 4204 2383 4290 pretium

517 4296 780 4412 Ῑῇζζῗὲξξζο
840 4342 952 4408 pro
1009 4340 1201 4407 aqua,
1242 4319 1345 4385 vel
1377 4340 1493 4404 pro
1551 4319 1793 4397 labore,
1838 4340 1964 4385 non
2019 4334 2233 4387 autem
2272 4344 2387 4408 pro

842 4438 983 4523 ipso
1023 4438 1467 4502 Sacramenta
1543 4438 1620 4501 Et
1652 4456 1733 4501 ex
1800 4436 2138 4522 proposito
2208 4437 2389 4503 vide-

837 4565 946 4619 tur
1009 4552 1345 4619 abstinere
1379 4551 1460 4617 ab
1500 4551 1611 4617 illo
1647 4550 1835 4618 modo
1865 4552 2176 4639 loquendi
2216 4555 2387 4621 anti-

844 4690 1121 4758 quorum
1154 4670 1233 4735 de
1275 4668 1653 4734 redimenda
1710 4669 2074 4748 vexatione,
2135 4692 2282 4757 quae
2325 4671 2387 4736 in

840 4790 962 4854 hoc
1027 4807 1180 4853 casu
1236 4768 1431 4850 babet
1482 4785 1647 4851 sorte
1703 4785 2055 4871 specialem
2117 4786 2387 4854 difficul-

493 4930 607 4982 Emi
663 4942 809 4992 posse
839 4916 1063 4984 tatem,
1128 4902 1279 4991 quia
1345 4900 1402 4967 si
1481 4901 1645 4966 alter
1722 4921 1848 4966 non
1928 4901 2212 4968 laborem
2283 4916 2395 4969 aut

496 5119 597 5170 Cur
629 5118 818 5165 Doctor

543 5302 782 5369 loquendi
850 5254 1185 5320 voluntate
1234 5250 1320 5316 sit
1353 5250 1777 5330 simoniacuS,
1842 5271 1990 5316 cum
2025 5251 2201 5317 nulla
2270 5251 2394 5318 alia

505 5490 804 5543 redimenda
853 5485 1053 5552 menti
1111 5484 1387 5571 ejusque
1417 5482 1714 5561 effectus,
1765 5481 1879 5547 vix
1913 5493 2126 5567 potest
2169 5495 2395 5569 petens

512 4994 796 5105 ἳξὲἶῗὲηἶι
845 5019 1329 5098 materiam,sed
1364 5018 1577 5104 ipsum
1611 5020 2098 5084 Sacramentum
2141 5020 2387 5098 vendit,

514 5179 738 5231 abstinet
776 5193 807 5227 a
845 5150 1039 5223 atque
1096 5135 1175 5201 de
1241 5154 1316 5199 eo
1393 5133 1764 5220 paciscitur,
1810 5133 1895 5199 ita
1959 5145 2028 5200 ut
2084 5156 2393 5221 expressa

585 5242 734 5291 modo

495 5370 818 5478 antiqggrum
853 5370 1111 5437 vexatio
1179 5368 1515 5446 offeratur,
1557 5366 1680 5432 nisi
1766 5366 2123 5433 subtractio
2174 5369 2394 5435 Sacra-

499 5553 812 5606 vexationet
975 5602 987 5614 ,
1432 5598 1444 5611 .
1848 5597 1860 5610 .
1908 5597 1922 5610 .
2006 5597 2019 5610 .
2170 5599 2183 5611 .

853 5603 1175 5670 redimere
1230 5610 1643 5666 vexationem
1681 5653 1695 5680 ,
1799 5618 1925 5665 nisi
2003 5598 2396 5685 implicando

2010 429 2155 494 ΜΒ.
2202 428 2304 493 lV.
2348 424 2948 492 SENTENTIARUM

2489 588 3005 672 Sacramentum,
3041 612 3191 658 cum
3224 593 3479 661 nullum
3509 594 3681 661 aliud
3716 596 3971 665 subsistat

2490 705 2804 771 motivum
2849 721 3087 794 praeter
3151 709 3442 776 laborem
3513 723 3575 776 et
3641 733 3873 800 aquam,
3913 717 3968 782 ad

2487 836 2635 900 quae
2710 837 2781 882 se
2835 820 3139 886 extendet
3206 821 3570 908 redemptio
3636 825 3965 904 vexationis,
3986 813 4128 964 {²⁴13

2490 941 2601 996 aut
2650 929 2791 1016 ipsa
2822 933 3105 1001 vexatio,
3153 935 3246 1000 Ad
3290 937 3434 1002 haec
3462 949 3678 1005 autem
3758 961 3866 1006 non
3890 964 3969 1007 ex·
4000 939 4117 1012 {³³2³

2490 1046 2778 1113 tenditur
2808 1050 3086 1134 vexatio,
3124 1063 3234 1116 aut
3267 1051 3654 1139 redemptiO,
3692 1054 3829 1141 quia
3854 1071 3969 1122 sunt
4002 1011 4128 1114 »ἕξ

2494 1185 2599 1230 res
2666 1164 2874 1250 pretio
2967 1166 3419 1246 aestimabileS,
3493 1181 3557 1235 et
3614 1191 3757 1256 quae
3824 1172 3973 1237 vendi

2497 1292 2769 1364 possunt
2808 1281 2951 1346 sine
3015 1282 3292 1350 simonia
3351 1305 3433 1350 ex
3502 1298 3684 1372 parte
3712 1286 3970 1362 ministri:

2495 1417 2653 1482 ergo
2696 1396 2763 1461 in
2797 1418 2875 1463 eo
2912 1419 3066 1466 casu
3101 1420 3225 1466 non
3257 1402 3561 1468 subsistit
3606 1402 3774 1468 aliud
3834 1404 3978 1468 moti·

2499 1531 2653 1576 vum
2743 1511 3125 1597 specificans
3200 1514 3605 1582 voluntatem
3682 1517 3980 1584 redimendi

2498 1626 2910 1693 vexationem
2955 1639 3015 1694 et
3046 1628 3547 1711 efficacem,nisi
3580 1633 3789 1719 ipsum
3815 1635 3981 1700 Sacra-

2500 1755 2817 1824 mentum,
2890 1746 3080 1831 cujus
3137 1746 3581 1814 subtractione
3646 1749 3720 1814 fit
3782 1753 3982 1815 vexatio

2501 1859 2767 1945 injusta,
2816 1880 2946 1927 non
2988 1882 3142 1928 vero
3190 1863 3635 1930 subtractione
3691 1865 3902 1931 laboris
3942 1887 3984 1931 et

2500 1975 2812 2056 materioe,
2932 1978 3084 2066 quia
3154 1980 3295 2047 haec
3365 2001 3494 2046 non
3545 1993 3718 2048 esset
3771 1983 3982 2069 injusta,

2501 2111 2711 2178 neque
2741 2092 3000 2159 vexatio
3040 2094 3166 2161 dici
3218 2095 3483 2162 deberet
3539 2098 3600 2163 in
3673 2120 3748 2164 eo
3784 2098 3983 2174 saltem,

2501 2207 2610 2295 qui
2673 2229 2754 2273 ex
2805 2209 3061 2297 Justitia
3121 2231 3248 2277 non
3326 2224 3585 2279 tenetur
3671 2214 3981 2279 ministrare

2501 2328 3026 2394 Sacramentum.
3136 2329 3450 2396 Voluntas
3507 2344 3726 2398 autem
3806 2332 3983 2398 efficax

2501 2442 2691 2510 debet
2740 2445 3100 2514 subsistere
3147 2448 3222 2513 ad
3274 2448 3534 2536 aliquod
3603 2449 3793 2516 finale
3848 2453 3985 2516 moti·

2500 2580 2655 2626 vum
2750 2573 2811 2626 et
2869 2562 3062 2641 reale,
3120 2584 3247 2650 quo
3336 2580 3658 2644 cessante,
3754 2582 3979 2632 cessaret

2500 2678 2688 2757 acti0,
2755 2689 2815 2744 et
2891 2697 2928 2743 a
2985 2700 3113 2766 quo
3197 2691 3328 2745 tam
3397 2685 3565 2747 actio
3634 2705 3820 2770 quam
3880 2685 3976 2770 ipsa

2502 2792 2801 2860 voluntas
2843 2794 3287 2882 specificatum
3362 2797 3579 2882 ipsum
3612 2820 3770 2886 ergo
3807 2802 3977 2864 Sacra-

2500 2924 2790 2978 mentum
2842 2914 3242 2979 subtractum
3303 2925 3402 2980 est
3455 2913 3613 2981 illud
3693 2916 3980 2980 motivum.

2588 3015 2795 3106 Dices,
2880 3030 3206 3096 dationem
3282 3031 3576 3118 pecunife
3642 3053 3784 3099 esse
3841 3039 4105 3152 possessj

2500 3145 2815 3212 motivum
2865 3146 3157 3215 excitans
3234 3148 3603 3216 ministrum
3667 3150 3744 3216 ad
3794 3149 3982 3217 collati·
4030 3137 4067 3160 ’Ὗ

2498 3284 2687 3331 onem
2731 3267 3155 3349 Sacramenti,
3201 3280 3264 3333 et
3303 3268 3707 3336 voluntatem
3738 3268 3904 3336 dandi
3929 3269 3983 3331 ad

2498 3381 2703 3467 ipsam
2772 3381 3096 3447 dationem
3146 3382 3268 3448 hoc
3336 3384 3548 3458 modo,
3624 3400 3694 3452 ut
3747 3384 3983 3451 excitans

2496 3508 2616 3578 est,
2692 3498 2918 3565 referri
2959 3511 3265 3587 tanquam
3333 3499 3412 3566 ad
3475 3500 3673 3568 finem
3736 3501 3982 3567 intrinse-

2497 3635 2670 3693 cum,
2705 3629 2769 3681 et
2800 3616 3125 3702 objectum
3173 3616 3577 3702 specificans,
3653 3639 3869 3704 nempe
3920 3618 3981 3703 ip
4007 3648 4093 3707 12,-

2498 3752 2659 3813 sam,
2698 3753 2827 3797 non
2868 3752 3023 3797 vero
3059 3732 3137 3799 ad
3179 3733 3573 3821 emptionem
3608 3734 3975 3803 Sacrameuti.
4060 3714 4107 3751 ’θ’

2498 3849 2910 3933 Contra,haec
2947 3850 3184 3918 solutio
3221 3853 3283 3917 in
3324 3874 3394 3919 re
3434 3855 3657 3919 morali
3707 3875 3827 3921 non
3854 3866 3979 3918 caret

2498 3966 2828 4051 scrupu10,
2865 3968 3018 4055 quia
3052 3970 3365 4036 motivum
3392 3972 3682 4037 excitans
3712 3971 3775 4037 in
3817 3991 3980 4036 mora·

2500 4081 2672 4148 libus
2698 4082 2899 4149 sumit
2929 4085 3211 4169 speciem
3243 4086 3326 4153 ab
3353 4108 3571 4174 opere,
3604 4087 3681 4153 ad
3706 4086 3863 4175 quod
3887 4085 3980 4150 alli-

2499 4202 2611 4279 cit,
2665 4212 2728 4267 et
2766 4223 2915 4289 quae
2974 4204 3284 4289 primario
3338 4205 3698 4272 intenditur
3749 4207 3825 4273 ab
3856 4201 3981 4270 exci-

2500 4326 2699 4396 tante,
2747 4338 2862 4404 per
2922 4319 3135 4405 ipsum
3176 4321 3493 4388 motivum
3547 4323 3825 4390 excitans
3881 4336 3981 4386 tan·

2502 4451 2694 4519 quam
2729 4452 2843 4517 per
2883 4433 3205 4514 medium;
3255 4456 3380 4502 non
3413 4437 3586 4503 enim
3619 4439 3860 4515 excitat,
3893 4431 3980 4499 nisi

2503 4567 2581 4613 ex
2634 4546 2762 4615 sine
2800 4550 3039 4635 operiS,
3118 4571 3327 4639 neque
3394 4554 3536 4640 ipsa
3590 4557 3891 4634 excitatio,
3932 4564 3978 4616 ut
4014 4622 4039 4671 V

2506 4666 2789 4751 procedit
2840 4668 2919 4733 ab
2975 4669 3297 4736 excitante
3354 4683 3568 4758 potest
3606 4673 3977 4761 praescindere
4017 4699 4097 4789 a&

2503 4781 2583 4847 ab
2623 4803 2840 4868 opere,
2903 4784 3071 4851 sicut
3130 4806 3339 4872 neque
3396 4788 3774 4869 remedium,
3823 4806 3976 4875 quan·

2505 4912 2641 4964 tum
2673 4900 2751 4964 ad
2810 4900 3093 4987 speciem
3140 4903 3445 4969 moralem
3503 4925 3539 4970 a
3579 4905 3726 4985 fine,
3759 4916 3857 4970 aut
3885 4902 3974 4967 ele·
4006 4874 4061 4920 *³⁸

2505 5012 2631 5077 ctio
2672 5013 2814 5100 ejus
2862 5034 3033 5094 esse,
3072 5016 3195 5083 nisi
3235 5039 3316 5083 ex
3366 5020 3614 5086 motivo
3671 5022 3826 5100 finis,
3868 5018 3975 5104 quia

2504 5144 2799 5195 cessante
2873 5132 3206 5199 voluntate
3260 5133 3434 5215 finis,
3508 5152 3783 5204 cessaret
3830 5136 3972 5201 etiam

2506 5248 2803 5314 excitatio
2842 5250 2920 5315 ad
2955 5248 3187 5331 finem;
3225 5273 3382 5339 ergo
3412 5255 3587 5321 datio
3621 5254 3899 5342 pecuuiae.
3929 5264 3973 5314 ut

2506 5362 2698 5427 etiam
2738 5379 2838 5429 est
2887 5364 3199 5451 excitanS,
3253 5369 3477 5456 nequit
3538 5370 3970 5457 praescindeoea

2508 5479 2944 5557 Sacrament0‚
2983 5490 3049 5545 ut
3080 5492 3177 5547 est
3225 5483 3512 5550 medium
3569 5498 3635 5552 et
3671 5503 3859 5565 causa,
3891 5499 3972 5567 per

2508 5611 2701 5679 quam
2735 5606 3011 5679 ponatur
3043 5595 3107 5661 in
3156 5617 3324 5679 esse,
3370 5620 3583 5687 neque
3638 5615 3971 5685 consequen·
