4255 6375
1508 387 1712 450 DIST.
1760 391 1807 449 1.
1853 378 2341 464 QUAEST1011.’

337 543 494 613 alis
535 568 668 615 non
699 550 809 631 sit,
863 550 1267 638 Baptismum
1318 571 1463 617 esse
1504 548 1930 629 inefficacem,

333 656 611 732 'contra
642 664 913 753 antiqua
987 677 1055 733 et
1102 666 1415 733 moderna
1452 666 1709 734 decreta
1750 665 1929 732 fidei.

338 779 642 847 Tertius
710 803 894 849 error
949 799 1070 862 est,
1118 782 1327 849 teneri
1392 794 1650 849 utentes
1708 784 1935 850 Sacra-

342 898 644 977 mentiS,
716 899 982 966 credere
1020 898 1259 965 debere
1336 920 1407 966 se
1473 900 1690 987 justos
1759 919 1926 979 esse,

341 1013 579 1098 quod,
617 1016 841 1103 nequit
891 1015 1030 1082 fieri
1081 1015 1225 1082 sine
1263 1015 1486 1083 divina
1527 1016 1932 1083 revelatione

343 1149 574 1195 nemo
626 1133 802 1199 enim
861 1136 985 1199 scie
1051 1154 1145 1201 an
1211 1134 1366 1202 odio
1422 1134 1526 1199 vel
1568 1154 1794 1201 amore
1823 1133 1932 1199 di-

338 1266 547 1330 anus
605 1250 715 1316 sic.

58 1368 254 1493 bssfio
451 1365 773 1454 Objicies,
844 1367 923 1434 ad
983 1371 1312 1437 Romanos
1370 1375 1435 1438 4.
1493 1369 1929 1436 Circumcisi·

58 1493 256 1545 avitur.
341 1503 566 1549 onem
608 1485 750 1550 dici
792 1488 1213 1572 siqnaculum
1266 1488 1554 1575 justiciae
1609 1507 1753 1574 quoe
1792 1486 1928 1573 suit

344 1602 437 1666 in
484 1602 860 1669 Abraham.
895 1605 1371 1691 Respondetur,
1408 1625 1778 1671 sermonem
1821 1623 1928 1669 es-

347 1738 435 1783 se
490 1716 577 1783 de
605 1717 732 1784 fide
769 1719 944 1800 viva,
982 1742 1132 1807 quae
1166 1742 1280 1808 per
1325 1720 1734 1788 dilectionem
1777 1739 1928 1806 ope-

348 1845 534 1914 tur;
582 1836 662 1902 de
691 1856 818 1924 qua
893 1837 1034 1923 ipse
1098 1839 1446 1924 Apostolus
1510 1839 1792 1924 epistola
1838 1836 1929 1903 ad

356 1951 660 2017 Galatas
688 1974 746 2020 c.
783 1958 847 2020 5.
894 1963 958 2020 et
987 1953 1263 2021 lacobus
1292 1956 1367 2021 in
1403 1977 1526 2021 sua
1552 1955 1923 2034 Catholica,

58 2086 322 2137 reumoisio
350 2086 533 2152 cap.
585 2070 650 2131 2.
688 2065 932 2133 Dicitur
961 2080 1174 2134 autem
1201 2067 1623 2134 circumcisio
1662 2067 1925 2154 signum

58 2150 279 2261 ⁹222&
352 2203 489 2250 seu
535 2181 951 2267 signaculum
975 2196 1275 2269 respectu
1299 2184 1652 2262 Abraham,
1690 2183 1802 2270 qui
1844 2183 1927 2249 ob

103 2289 213 2327 ω·
351 2298 569 2365 fidem
611 2313 674 2366 et
713 2299 1151 2366 obedientiam
1183 2301 1614 2388 consignatus
1673 2314 1795 2380 est,
1856 2313 1928 2367 ut

352 2415 559 2483 fieret
625 2429 806 2503 pater
856 2418 1210 2483 multorum
1261 2417 1628 2484 viventium
1677 2431 1790 2496 ;et
1832 2418 1928 2486 sic

348 2530 609 2598 dicitur
638 2531 1078 2619 signaculum,
1126 2534 1191 2599 in
1233 2555 1362 2622 quo
1403 2546 1533 2601 tam
1559 2534 1699 2621 ipse
1728 2554 1923 2620 quam

355 2648 715 2735 posteritas
746 2648 1286 2717 discernebantur
1325 2652 1405 2719 ab
1435 2652 1581 2719 aliis
1604 2651 1671 2717 in
1701 2671 1917 2732 carne,

354 2784 568 2831 omne
597 2765 771 2830 enim
805 2765 1097 2853 sigillum
1132 2766 1397 2853 signum
1430 2779 1549 2834 est.

457 2881 624 2948 Hinc
656 2882 937 2948 Basilius
966 2882 1048 2948 de
1073 2884 1339 2970 Spiritu
1368 2896 1596 2951 sancto
1626 2907 1772 2971 cap.
1810 2886 1917 2955 12.

356 3008 561 3063 vocat
647 2998 1049 3084 Baptismum
1127 3003 1657 3085 reqeneracionis
1738 3003 1922 3067 lava-

355 3134 554 3178 crum
594 3125 654 3178 ec
708 3113 1032 3201 siyillum,
1105 3114 1548 3182 Nazianzenus
1580 3127 1751 3183 orac.
1805 3122 1915 3184 40.

354 3229 524 3296 dicit
563 3229 893 3298 lavacrum
935 3252 1103 3313 esse,
1168 3233 1321 3320 quia
1369 3233 1596 3313 abluit,
1642 3250 1705 3302 et
1744 3235 1923 3322 sigil-

353 3344 526 3426 lum,
564 3346 715 3434 quia
755 3347 1085 3435 significat
1153 3349 1689 3418 dominationem.
1739 3352 1923 3419 Unde

354 3459 623 3546 quando
670 3471 842 3526 orac.
889 3465 994 3526 ll.
1041 3462 1116 3526 in
1149 3461 1413 3527 laudem
1454 3463 1708 3528 sororis
1745 3464 1916 3529 Gor-

67 3586 309 3654 Quqmodo
355 3578 603 3662 qonioe,
638 3576 795 3642 dicit
828 3577 1229 3663 Baptismum
1263 3597 1392 3643 non
1426 3590 1557 3643 tam
1590 3577 1796 3645 fuisse
1827 3578 1919 3645 illi

58 3648 303 3780 nptginus
362 3694 428 3758 in
477 3694 756 3778 gratiam
805 3713 997 3779 quam
1040 3694 1107 3760 in
1146 3694 1602 3781 sigillum.per
1638 3715 1920 3783 exagge-

66 3774 277 3889 Ἓὲἷοᾞ
361 3810 685 3876 rationem
720 3809 962 3877 dictum
989 3826 1246 3899 est,qua
1277 3812 1762 3900 significaretur
1788 3836 1920 3881 ma·

358 3946 491 4012 gna
533 3928 676 4012 ejus
714 3928 1044 4006 sanctitas,
1073 3940 1423 4015 antequam
1457 3930 1912 4017 baptizaretur.

361 4042 802 4130 Hieronymus
859 4065 1059 4131 super
1104 4046 1180 4111 ad
1214 4046 1455 4132 Ephes.
1519 4051 1581 4112 1.
1644 4049 1920 4134 Siqnati

355 4160 551 4245 siquo
595 4162 1063 4245 promissionis
1103 4175 1350 4242 sancta,
1424 4162 1620 4230 dicit:
1683 4165 1814 4240 Qui
1843 4166 1916 4231 in

356 4278 863 4361 reqeneratione
914 4278 1244 4364 Spiritum
1299 4281 1765 4365 promissionis
1806 4302 1914 4346 ac·

358 4392 631 4476 ceperit,
677 4392 757 4456 ab
804 4413 878 4457 eo
916 4394 1248 4478 siqnacur,
1287 4405 1347 4460 et
1383 4396 1644 4481 siqnum
1677 4369 1911 4462 condi-

359 4499 527 4563 toris
571 4501 838 4586 accipit.
895 4504 988 4567 lta
1033 4501 1351 4588 Origenes
1384 4503 1498 4569 lib.
1543 4507 1608 4569 4.
1661 4506 1738 4570 in
1775 4506 1912 4591 epi-

355 4617 599 4681 scolam
665 4615 756 4681 ad
809 4617 1158 4698 Romanoa,
1209 4617 1403 4686 dicit:
1475 4621 1911 4688 Sacramenta

357 4745 491 4790 asse
528 4725 749 4810 siqua,
794 4737 1117 4811 quatenus
1170 4730 1493 4814 mysteria
1551 4729 1856 4798 indicant
1882 4757 1908 4812 ,-

353 4843 707 4928 siqnacula
755 4864 909 4909 vero
957 4855 1278 4931 quatenus
1333 4848 1656 4932 mysteria
1702 4852 1910 4916 conli-

76 4963 329 5029 Augustinus
358 4969 536 5023 nent.
573 4959 981 5045 Augustinus
1005 4961 1117 5027 lib.
1158 4966 1265 5030 19.
1300 4974 1533 5030 contra
1560 4964 1901 5048 Faustum,

354 5094 427 5139 ea
467 5086 659 5141 vocat
689 5075 878 5162 signa
916 5088 982 5144 et
1017 5078 1379 5165 signacula,
1415 5080 1659 5149 addens
1682 5103 1907 5150 eorum

355 5192 662 5256 uirtutem
746 5193 1301 5280 inenarrabiliter
1382 5196 1605 5262 valere
1687 5200 1906 5285 pluri-

350 5327 556 5372 mum.

436 5427 526 5490 Ex
567 5425 805 5513 quibus
856 5438 1057 5515 patet,
1114 5429 1237 5496 etsi
1305 5434 1718 5500 Sacramenta
1773 5435 1906 5505 sint

59 2896 293 2967 Basilius.

65 2974 291 3011 azianzen
301 3001 316 3014 .

3495 386 3602 448 121

2052 548 2267 615 solum
2308 559 2532 616 essent
2561 548 3065 616 rememorativa
3111 547 3389 638 justitiae
3427 567 3605 615 acce-

2050 682 2205 756 ptae,
2248 676 2360 733 aut
2406 666 2779 747 excitantia,
2815 684 2821 690 ·
2854 666 3018 733 nihil
3086 666 3262 733 aliud
3337 665 3607 733 virtutis

2048 781 2471 849 continentia.
2510 782 2867 849 videantur
2917 793 3217 849 auctores
3272 802 3477 869 supra
3517 781 3606 848 ci-

2047 901 2163 967 tati
2215 901 2289 965 in
2333 900 2748 986 expositione
2805 900 3010 978 titali,
3069 899 3178 986 qui
3237 898 3361 964 hoc
3408 918 3603 985 argu-

2044 1030 2340 1082 mentum
2383 1014 2529 1081 suse
2565 1027 2789 1083 contra
2821 1014 3165 1081 haereticos
3206 1026 3509 1082 tractant.

2126 1133 2220 1221 (d)
2250 1135 2354 1201 Ad
2406 1136 2707 1221 primum
2754 1146 3243 1222 arqumencum,
3289 1143 3414 1199 etc.
3487 1134 3605 1198 llic
3751 1135 3838 1249 {96

2046 1250 2400 1336 respondet
2449 1255 2683 1317 Doctor
2710 1251 2789 1317 ad
2821 1263 3211 1338 argumenta
3241 1250 3307 1316 in
3339 1247 3596 1336 opposi-
3628 1263 3953 1372 arfingienta.

2042 1376 2210 1445 tum,
2255 1368 2445 1456 cujus
2487 1365 2810 1453 expositio
2850 1378 2950 1433 est
2987 1365 3185 1447 clara,
3244 1385 3455 1453 neque
3505 1364 3601 1430 in·
3640 1338 3938 1456 Anurssffl'ib

2042 1481 2226 1569 diget
2291 1484 2415 1550 alia
2488 1483 2956 1562 declaratione;
3029 1482 3240 1550 solum
3321 1480 3600 1548 dubitari
3713 1449 3890 1560 {53¹¹ss

2044 1601 2251 1688 possit
2290 1600 2469 1669 circa·
2493 1601 2652 1668 illud
2719 1602 2889 1689 quod
2949 1600 3106 1668 dicit
3161 1600 3227 1667 in
3269 1599 3596 1687 responsi·
3707 1579 3874 1686 ¹³⁰?ssst

2042 1737 2169 1783 one
2214 1717 2291 1783 ad
2326 1718 2637 1803 primum,
2675 1717 2845 1804 quod
2888 1717 3052 1784 sorte
3126 1715 3400 1783 dubium
3483 1715 3592 1796 sit,
3697 1696 3912 1813 ὲζῗξιξξῧ

2040 1851 2120 1897 an
2175 1833 2360 1919 plura
2410 1834 2585 1900 entia
2634 1833 2834 1900 realia
2894 1832 3149 1919 possint
3206 1850 3598 1898 concurrere

2041 1949 2121 2016 ad
2178 1948 2675 2017 fundamentum
2735 1952 2930 2017 unius
2997 1949 3332 2017 relationis
3374 1946 3589 2026 realiS,

2040 2076 2112 2132 ut
2152 2065 2318 2132 sorte
2364 2065 2685 2154 contingit
2729 2066 2794 2132 in
2837 2066 3137 2155 pluribus
3185 2063 3596 2133 trahentibus

2043 2200 2239 2246 unam
2284 2202 2537 2261 navem,
2582 2183 2886 2269 quamvis
2928 2182 3069 2268 ipse
3111 2181 3298 2247 aliter
3328 2200 3599 2268 respon-

2040 2296 2209 2377 deat,
2238 2296 2494 2362 etiamsi
2527 2297 2651 2364 hoc
2682 2309 3032 2383 negaretur
3063 2296 3128 2363 in
3162 2295 3470 2373 realibuS,
3504 2305 3596 2360 ta-

2040 2433 2190 2479 men
2222 2413 2535 2480 sustineri
2567 2414 2633 2480 in
2665 2416 2978 2483 relatione
3027 2416 3321 2484 rationis.

2129 2529 2484 2597 Dicendum
2534 2542 2752 2598 tamen
2827 2532 2893 2597 in
2943 2532 3254 2612 realibus,
3329 2532 3590 2620 quando
3618 2517 3937 2645 R‘ffilss'fflg·

2036 2646 2146 2713 illa
2179 2646 2364 2732 plura
2392 2648 2796 2715 conveniunt
2828 2649 2893 2714 in
2936 2670 3065 2716 una
3091 2648 3368 2731 ratione,
3399 2671 3588 2737 posse
3624 2646 3913 2758 sissfltiitvuacio

2037 2762 2312 2830 fundare
2361 2785 2556 2831 unam
2590 2766 2971 2832 relationem
3026 2766 3293 2846 realem,
3356 2778 3426 2833 ut
3475 2787 3585 2854 pa·
3669 2771 3883 2881 gprma.
3918 2743 3935 2760 ⁰

2032 2891 2126 2946 tet
2165 2879 2244 2945 de
2293 2880 2605 2947 relatione
2635 2880 3014 2967 spirationis
3044 2882 3278 2949 activae
3317 2883 3384 2949 in
3407 2882 3575 2949 divi·
3712 2848 3877 2897 igura.

2040 2994 2177 3073 nis;
2214 2992 2386 3061 idem
2428 2995 2622 3062 etiam
2665 2996 2729 3061 in
2780 2996 3036 3077 creatiS‚
3073 2995 3222 3063 dato
3256 2996 3428 3084 quod
3464 3018 3591 3067 una

2036 3132 2309 3178 numero
2340 3112 2568 3179 albedo
2607 3126 2781 3180 esset
2809 3113 2875 3179 in
2905 3113 3188 3181 diversis
3244 3114 3583 3205 subjectis,

2036 3228 2385 3295 fundarent
2416 3230 2710 3297 eamdem
2771 3231 3152 3299 relationem
3211 3232 3590 3299 similitudi-

2036 3346 2140 3412 nis
2173 3369 2188 3422 ;
2228 3346 2323 3413 sic
2352 3347 2547 3414 etiam
2607 3348 2813 3414 forma
2862 3361 2924 3414 et
2962 3348 3176 3436 figura
3232 3361 3388 3416 sunt
3424 3350 3589 3416 sim-

2036 3463 2186 3550 plex
2228 3463 2455 3529 relatio
2494 3463 2761 3530 fundata
2831 3464 2899 3529 in
2958 3464 3181 3532 multis
3239 3466 3588 3533 materiali-

2038 3579 2184 3645 bus,
2222 3582 2353 3646 Nec
2384 3582 2590 3668 major
2629 3592 2728 3647 est
2767 3579 3117 3648 difficultas
3150 3581 3229 3647 de
3273 3582 3588 3649 relatione

2034 3715 2229 3782 quam
2270 3694 2349 3761 de
2379 3695 2524 3763 aliis
2555 3696 3025 3778 accidentibuS,
3078 3709 3299 3784 utpote
3338 3698 3581 3787 depen-

2033 3810 2339 3878 dentibus
2371 3832 2406 3877 a
2438 3813 2761 3900 subjecto,
2816 3816 3143 3880 Numerus
3182 3826 3397 3880 autem
3422 3815 3581 3902 ju'x-

2034 3937 2096 3993 ta
2163 3926 2553 3994 sententiam
2596 3948 2846 4009 eorum,
2904 3930 3015 4016 qui
3047 3928 3275 3996 dicunt
3304 3952 3449 3997 esse
3483 3952 3580 3997 re-

2030 4042 2225 4123 alem,
2279 4045 2683 4133 subjectatur
2740 4044 2805 4110 in
2866 4045 3190 4131 pluribuS,
3253 4058 3325 4113 ut
3364 4057 3577 4114 terna·

2030 4160 2168 4226 rius
2199 4160 2265 4226 in
2307 4161 2604 4247 pluribus
2662 4162 3045 4229 unitatibus,
3118 4165 3305 4242 Item,
3358 4184 3576 4251 aequa-

2028 4274 2176 4342 litas
2236 4275 2512 4343 duarum
2573 4279 3012 4365 quantitatum
3063 4278 3144 4346 ad
3193 4279 3352 4346 alias
3412 4279 3573 4346 duas
3675 4304 3860 4356 binarii

2029 4392 2423 4479 quantitates
2472 4392 2731 4462 videtur
2762 4416 2890 4462 una
2923 4396 3182 4463 relatio.
3226 4397 3566 4477 Item,ubi·
3619 4366 3891 4481 binass‘iium.

2027 4509 2249 4595 quatio
2280 4508 2565 4594 plurium
2624 4531 2970 4598 corporum
3021 4512 3087 4577 in
3151 4513 3375 4579 eodem
3428 4514 3568 4581 loco
3610 4492 3913 4556 Ubiquatio.

2025 4626 2204 4692 totali
2250 4626 2509 4694 videtur
2556 4627 2887 4717 integrare
2944 4649 3141 4695 unam
3185 4630 3568 4700 relationem

2027 4742 2469 4830 ubiquationis
2565 4743 2872 4832 passivae,
2969 4745 3141 4813 sicut
3209 4747 3570 4816 materialia

2026 4879 2219 4925 unam
2254 4860 2681 4946 quantitatem
2713 4883 2829 4949 per
2852 4861 3115 4929 modum
3155 4862 3344 4929 locati
3373 4865 3567 4931 unius

2021 4989 2084 5041 et
2112 4977 2386 5064 aequalis
2419 4977 2575 5048 loco,

2108 5094 2497 5179 Exemplum
2533 5117 2714 5175 vero,
2760 5097 2932 5185 quod
2975 5098 3234 5168 adducit
3302 5103 3560 5182 Doctor,
3592 5090 3893 5204 ngfgfflgm

2019 5208 2214 5275 habet
2260 5208 2731 5293 difficultatem,
2805 5213 2957 5301 quia
3006 5214 3072 5280 in
3138 5215 3286 5283 aliis
3348 5217 3564 5284 causis
3598 5217 3906 5283 Responsio.

2019 5323 2402 5410 partialibus
2433 5338 2587 5391 sunt
2635 5327 2916 5396 diversae
2985 5332 3383 5414 relationes3
3437 5345 3565 5400 tra-

2017 5437 2250 5503 hentes
2323 5450 2538 5504 autem
2630 5462 2861 5509 navem
2972 5445 3280 5515 videntur
3344 5468 3562 5517 causae

3627 3750 3897 3804 Numerus.

3608 4241 3901 4303 AEqualitas

348 5542 537 5634 signa
579 5556 642 5610 et
681 5545 1043 5633 signacula,
1090 5568 1221 5616 non
1285 5549 1369 5618 ita
1425 5549 1551 5617 dici
1594 5563 1900 5642 tanquam
1991 5553 2351 5639 jpartiales.
2396 5558 2851 5644 Respondetur
2891 5571 3135 5648 tamen,
3173 5562 3431 5652 quando
3463 5565 3561 5633 di-
