4255 6375
782 391 893 453 174

769 555 927 623 tivae
966 556 1031 622 in
1072 578 1266 626 suum
1300 558 1651 646 objectum,
1709 556 2126 643 potissimum
2163 579 2331 624 vero

772 673 1150 762 cognitivae,
1190 674 1359 741 sicut
1388 675 1647 760 sagittae
1680 673 1746 740 in
1770 694 2086 759 scopum;
2124 687 2189 740 et
2222 674 2334 740 hic

776 804 875 856 est
921 801 1127 869 actuS,
1191 812 1319 877 quo
1361 790 1586 857 unitur
1633 791 1912 878 abjecte,
1972 800 2085 857 aut
2148 789 2331 876 prin-

778 906 1022 993 cipium
1063 907 1231 993 ejuS,
1277 917 1340 974 et
1404 906 1836 1003 distinguitur
1914 917 2139 972 contra
2191 926 2328 971 rem

779 1021 1010 1109 ipsam,
1066 1044 1181 1089 seu
1249 1024 1573 1110 objectum
1643 1025 1709 1090 in
1760 1023 1931 1109 quod
2009 1022 2322 1090 tenditur.

778 1139 942 1205 Hinc
965 1138 1072 1206 illa
1095 1140 1374 1227 quaestio
1395 1140 1565 1226 apud
1591 1140 2012 1208 Animalistas
2040 1164 2055 1208 :
2096 1142 2329 1208 Utrum

778 1255 955 1321 idem
999 1258 1210 1343 possit
1251 1278 1384 1322 esse
1422 1279 1527 1322 res
1565 1268 1624 1321 ce
1657 1259 1945 1324 intentio
1983 1260 2208 1338 simul,
2265 1258 2327 1324 id

777 1384 900 1452 est,
945 1371 1196 1458 specics
1237 1371 1571 1438 sensibilis
1630 1384 1692 1438 et
1741 1374 2065 1460 obJectum
2102 1395 2327 1441 sensa-

778 1487 1003 1554 tionis.
1051 1487 1347 1554 Secundo
1382 1486 1720 1574 significat
1752 1511 2178 1576 progressum
2215 1511 2326 1556 vo·

778 1603 1044 1672 luntatis
1104 1605 1169 1670 in
1240 1605 1459 1683 finem,
1500 1618 1569 1670 ut
1634 1605 2061 1690 distinguitur
2100 1616 2327 1672 contra

776 1731 1023 1787 motum
1092 1722 1236 1809 ejus
1277 1721 1342 1786 in
1384 1720 1618 1799 media,
1683 1737 1745 1787 et
1785 1721 1909 1787 alia
1968 1742 2118 1809 quae
2170 1734 2326 1788 sunt

772 1837 851 1905 ad
886 1837 1121 1916 finem;
1160 1849 1219 1903 et
1288 1837 1382 1903 sic
1440 1836 1871 1924 distinguitur
1901 1850 2126 1904 contra
2167 1859 2327 1904 con-

773 1955 1218 2033 sultationem,
1263 1954 1673 2035 electionem,
1713 1955 2199 2033 executionem,
2265 1966 2327 2020 et

770 2070 1173 2157 hujusmodi.
1222 2075 1291 2138 In
1370 2072 1581 2157 prima
1623 2085 1690 2137 et
1727 2071 2011 2139 secunda
2068 2069 2324 2157 signifi-

455 2179 749 2291 A‘ifflfflffff
774 2191 1028 2258 catione
1099 2212 1223 2256 non
1295 2192 1448 2257 facit
1513 2191 1592 2257 ad
1639 2192 2101 2279 propositum;
2167 2212 2326 2277 ergo

560 2305 624 2354 ad
657 2364 696 2414 i·
775 2318 1026 2373 tantuin
1070 2308 1256 2374 tertia
1323 2309 1614 2394 acceptio
1663 2307 2138 2374 accommodari
2209 2329 2324 2394 po-

470 2382 654 2483 plffinof
779 2437 927 2502 test,
974 2435 1293 2511 quatenus
1344 2424 1590 2490 scilicet
1659 2428 1829 2490 Deus
1870 2425 2148 2490 assumit
2209 2425 2324 2490 Sa-

778 2555 1131 2618 cramenta,
1194 2553 1264 2607 ut
1313 2541 1747 2608 instrumenta
1808 2542 1885 2608 ad
1928 2539 2324 2609 causandam

778 2659 1085 2747 gratiam,
1158 2672 1221 2724 et
1270 2658 1364 2724 sic
1412 2658 1630 2724 omnia
1701 2658 2137 2725 instrumenta
2182 2678 2325 2724 mo-

772 2789 1011 2843 ventur
1034 2787 1096 2841 et
1122 2775 1531 2862 applicantur
1565 2775 2080 2842 intentionaliter
2113 2776 2193 2842 ab
2223 2795 2324 2842 ar·

769 2891 968 2970 tifice,
1007 2913 1166 2978 ergo
1209 2893 1330 2957 hoc
1370 2911 1498 2956 non
1554 2904 1647 2957 est
1711 2891 2041 2979 peculiare
2100 2892 2166 2957 in
2217 2912 2323 2957 sa-

768 3005 1162 3084 cramentis;
1218 3005 1437 3071 omnia
1503 3006 1679 3072 enim
1747 3016 2182 3072 assumuntur
2238 3026 2322 3072 ex

771 3122 1133 3189 intentione
1167 3122 1341 3200 finis,
1382 3143 1540 3209 ergo
1570 3121 2038 3209 distinguendo
2070 3123 2136 3189 in
2163 3123 2325 3210 ipsis

769 3250 1018 3307 motum
1101 3238 1592 3305 intentionalem
1672 3252 1895 3306 contra
1976 3240 2321 3326 physicum

763 3354 1155 3443 principium
1191 3365 1256 3421 et
1287 3354 1632 3434 actionem,
1683 3354 1843 3421 nihil
1877 3356 2172 3421 inveniet
2210 3358 2323 3421 Ca-

756 3471 1048 3559 jetanus,
1119 3472 1244 3537 nisi
1278 3484 1524 3538 motum
1562 3472 1832 3538 moralis
1859 3493 2111 3553 causae,
2157 3492 2322 3560 qua-

760 3600 952 3656 tenus
1003 3609 1085 3654 ex
1121 3586 1257 3654 sola
1306 3589 1413 3655 Dei
1457 3587 1798 3655 voluntate
1855 3602 1918 3655 et
1958 3587 2324 3655 intentione

762 3716 1215 3786 assumuntur,
1289 3718 1352 3773 et
1419 3707 1495 3772 ad
1564 3705 2065 3793 applicationem
2145 3707 2323 3793 ipso-

764 3842 910 3888 rum
970 3823 1230 3888 seclusa
1279 3820 1534 3888 actione
1593 3822 1895 3908 physica,
1943 3821 2084 3909 ipse
2142 3822 2324 3890 solus

764 3939 1064 4026 producit
1089 3938 1363 4025 gratiam
1409 3939 1710 4026 physice,
1774 3960 1923 4027 quae
1967 3939 2033 4004 in
2067 3949 2321 4007 tantum

765 4054 846 4120 ab
934 4053 1093 4140 ipsis
1173 4052 1521 4138 dependet,
1611 4052 2002 4139 inquantum
2082 4053 2325 4120 habent

767 4191 1090 4239 annexam
1141 4170 1644 4259 promissionem
1699 4183 1762 4237 et
1840 4170 2320 4237 institutionem

771 4285 908 4353 Dei.
2012 4278 2015 4281 ’

532 4434 616 4485 56.
857 4405 1171 4478 Quartum
1227 4423 1385 4469 vero
1449 4400 1607 4468 illud
1661 4402 2179 4469 additamentum
2244 4401 2323 4468 de

453 4496 702 4610 3:¹12?ssss
771 4518 1178 4586 intimatione
1228 4519 1486 4605 imperii
1555 4519 1617 4584 in
1679 4519 1874 4586 rebus
1915 4518 2320 4586 insensibili-

433 4620 717 4736 intiffigtio-
769 4635 893 4702 bus
931 4634 1139 4723 exigit
1180 4635 1391 4722 magis
1462 4634 1884 4721 interpretem
1927 4657 2122 4722 quam
2195 4635 2321 4701 im-

416 4746 1230 4879 prossrffiidsittpugnatorem’
1296 4771 1442 4817 nam
1503 4751 1556 4817 si
1631 4752 1895 4838 proprie
1943 4751 2317 4838 loquamur,

770 4888 897 4935 non
930 4867 1002 4934 fit
1051 4867 1398 4945 intimatiO,
1446 4866 1568 4933 nisi
1621 4877 1948 4934 creaturae
1985 4868 2316 4950 rationali,

760 4983 1151 5053 declarando
1184 5003 1320 5051 rem
1356 4982 1479 5068 ipsi
1511 4982 1670 5050 alias
1716 4982 2032 5070 ignotam.
2072 4983 2323 5051 Dicitur

764 5100 1143 5189 specialiter
1182 5099 1570 5166 solemnitas
1612 5099 1911 5187 quaedam
1943 5101 2094 5187 jure
2129 5100 2320 5167 insti-

764 5229 927 5302 tuta,
963 5238 1088 5305 qua
1125 5217 1466 5283 intimatur
1496 5215 1603 5296 lis,
1659 5226 1769 5281 aut
1811 5230 2215 5303 praeceptum
2255 5217 2317 5283 in

764 5334 994 5401 ordine
1035 5333 1115 5400 ad
1173 5334 1514 5401 scientiam
1563 5343 1628 5398 et
1689 5353 2070 5420 processum
2108 5334 2322 5421 publi-

765 5471 940 5532 cum,
978 5451 1122 5518 sive
1179 5451 1339 5517 alias
1390 5472 1528 5517 rem
1571 5450 1830 5516 noverit
1899 5449 1978 5530 is,
2027 5451 2131 5517 cui
2168 5451 2321 5517 inti-

735 5579 978 5637 „matur
1005 5568 1275 5636 scientia
1326 5568 1609 5656 privata,
1662 5567 1806 5635 sive
1848 5588 2003 5650 non,
2050 5579 2112 5636 et
2162 5569 2317 5638 hinc

472 1516 707 1567 Secunda

465 1581 687 1644 acceptio
698 1616 711 1631 .

1912 391 2056 457 LlB.
2095 396 2193 457 lV.
2234 391 2836 462 SENTEN'FIARUM

2437 559 2722 627 sumitur
2762 560 3024 628 initium
3057 582 3431 648 processus.
3482 566 3565 630 Ut
3613 584 3774 651 ergo
3829 583 3964 650 apc-
3992 591 4133 646 Am,

2439 677 2685 742 riamus
2717 677 3051 764 mysteria,
3103 678 3169 744 in
3211 679 3544 766 proposito
3588 678 3967 767 nequitaese
4047 656 4133 766 ‘³23³

2438 790 2561 857 alia
2633 792 2978 874 intimatio,
3051 815 3243 883 quam
3297 794 3769 866 ,subordinatio
3848 794 3964 873 illa,
4026 794 4132 893 Ἢ

2438 926 2633 992 quam
2675 907 2868 974 habet
2907 910 3403 977 Sacramentum
3455 909 3522 978 in
3581 932 3828 998 genere
3884 911 3968 976 in·

2438 1025 2783 1090 strumenti
2838 1026 3035 1093 activi
3077 1027 3154 1094 ad
3222 1027 3629 1094 voluntatem
3662 1026 3968 1106 divinam,

2438 1139 2800 1207 secundum
2841 1141 3320 1210 institutionem
3385 1145 3531 1231 ejus
3579 1154 3644 1210 et
3687 1165 3974 1233 assump-

2439 1256 2679 1321 tionem
2720 1256 2800 1322 ad
2848 1257 3151 1327 effectum
3184 1262 3438 1348 gratiae.
3497 1266 3633 1328 lam
3668 1261 3970 1350 quaeritur

2441 1392 2555 1457 per
2585 1372 2708 1439 hoc
2739 1373 2893 1460 quid
2935 1376 3204 1463 recipiat
3243 1379 3740 1445 Sacramentum
3773 1378 3806 1443 ⁴?
3838 1382 3970 1445 Res·

2443 1486 2677 1572 pondet
2708 1492 3053 1579 Cajetanus
3083 1492 3375 1580 recipere
3438 1493 3875 1561 elevationem
3913 1511 3970 1561 ut

2440 1616 2589 1691 agat
2620 1607 2915 1693 physice.
2961 1611 3222 1688 Contra,
3259 1630 3390 1677 non
3450 1612 3685 1699 recipit
3743 1613 3970 1699 princi·

2440 1719 2619 1805 pium
2654 1723 2916 1810 agendi,
2951 1738 3062 1791 aut
3132 1737 3379 1792 motum
3449 1728 3802 1806 actualem,
3881 1741 3975 1795 aut

2442 1837 2715 1903 formam
2803 1839 2999 1907 ullam
3089 1841 3456 1929 physicam,
3503 1843 3664 1911 alias
3728 1845 3974 1931 physice

2441 1966 2818 2022 moveretur
2860 1969 2924 2023 et
2964 1971 3284 2043 moveret,
3332 1970 3396 2026 et
3452 1961 3665 2048 posito
3718 1961 3971 2048 imperio

2441 2083 2708 2138 manent
2763 2072 3082 2141 invariata
3125 2076 3191 2141 in
3253 2097 3366 2142 sua
3426 2076 3699 2143 entitate
3772 2080 3971 2143 Sacra·

2440 2197 2680 2272 menta,
2736 2209 2884 2274 quae
2914 2190 3106 2256 etiam
3151 2211 3232 2258 ex
3263 2213 3335 2259 se
3376 2212 3505 2258 non
3537 2192 3787 2259 habent
3819 2193 3970 2280 prin·

2437 2304 2681 2390 cipium
2714 2306 2862 2372 talis
2893 2308 3209 2387 actionis;
3265 2330 3423 2395 ergo
3474 2322 3605 2377 tam
3670 2322 3973 2398 repugnat

2437 2421 2715 2488 assertio
2747 2443 2941 2510 quam
2983 2424 3157 2511 quod
3195 2425 3439 2512 aliquid
3483 2428 3569 2493 sit
3603 2426 3971 2513 productum

2438 2536 2581 2603 sine
2621 2557 2816 2604 causa
2837 2537 3259 2625 producente.
3290 2545 3470 2608 Patet
3490 2541 3964 2628 consequentia,

2437 2652 2588 2740 quia
2626 2675 2822 2722 causa
2854 2655 3151 2723 efficiens
3192 2657 3257 2723 in
3299 2671 3442 2725 actu
3494 2657 3712 2744 primo
3752 2656 3969 2723 consti-

2437 2769 2647 2836 tuitur
2694 2791 2810 2858 per
2868 2771 3181 2850 yirtutem
3215 2771 3477 2859 agendi,
3535 2793 3664 2860 qua
3726 2773 3958 2838 destru-

2436 2899 2538 2955 cta
2577 2887 2826 2955 tollitur
2873 2890 3090 2958 omnis
3147 2890 3306 2957 ordo
3371 2911 3588 2957 causae
3637 2886 3968 2957 efficientis

2437 3018 2502 3072 et
2531 3006 2831 3073 effectus».

2526 3124 2710 3190 Hunc
2748 3120 3011 3187 modum
3071 3124 3360 3212 Cajetani
3410 3125 3773 3211 assumpsit
3827 3128 3964 3193 Sua·
4065 3145 4110 3195 εἳ.

2437 3256 2564 3315 reZ,
2610 3237 2723 3304 sed
2767 3237 2832 3303 in
2866 3249 3046 3324 parte
3074 3239 3471 3321 emendavit,
3533 3239 3883 3308 admittens
3909 3241 3962 3306 in
4022 3212 4132 3326 ξὲζ

2437 3353 2725 3440 qualibet
2764 3367 3057 3422 creatura
3089 3355 3481 3443 principium
3522 3357 3802 3424 actionis
3843 3379 3963 3445 per·

2436 3489 2732 3551 manenS,
2780 3491 2974 3557 quam
3018 3482 3205 3537 vocat
3275 3471 3629 3557 potentiam
3679 3472 3966 3539 obedien·

2436 3585 2680 3665 tialem,
2718 3606 2844 3672 qua
2875 3598 3086 3675 potest
3127 3590 3295 3653 Deus
3338 3587 3429 3653 uti
3489 3588 3567 3653 ad
3611 3608 3965 3675 quemcum-

2435 3724 2564 3790 que
2593 3703 2896 3771 effectum
2934 3725 3050 3792 pro
3091 3704 3275 3771 libito
3334 3727 3485 3772 cum
3545 3706 3689 3792 ipsa
3759 3725 3958 3794 agens

2437 3802 2852 3907 Impugnatio
2931 3822 3130 3908 hujus
3227 3822 3440 3910 magis
3505 3834 3832 3909 spectaret
3897 3820 3962 3887 ad

2434 3934 2635 4002 alium
2739 3937 3217 4023 quantumlibet
3287 3938 3393 4005 hic
3446 3940 3712 4005 tractari
3780 3948 3964 4026 potest

2435 4051 2546 4118 sed
2590 4052 2741 4138 quia
2774 4053 3051 4140 quaestio
3081 4066 3182 4120 est
3212 4054 3486 4141 prolixa,
3526 4056 3816 4122 breviter
3841 4073 3960 4120 eam

2434 4190 2513 4235 ex
2564 4168 2861 4235 instituto
2894 4170 3203 4255 praesenti
3237 4170 3662 4258 attingemus.

2523 4284 2850 4372 Quidquid
2883 4305 3041 4372 ergo
3079 4286 3164 4352 sit
3196 4306 3276 4352 an
3316 4286 3504 4353 detur
3552 4287 3618 4352 in
3658 4288 3849 4353 rebus
3879 4296 3958 4350 ta·
4012 4299 4132 4369 aaut,

2433 4399 2514 4467 lis
2547 4401 2837 4487 potentia
2869 4402 3104 4484 activa,
3159 4402 3235 4468 ad
3306 4404 3716 4490 propositum
3770 4402 3959 4470 effica-
3995 4364 4133 4480 ἔζςὲῗ

2434 4516 2554 4582 ciae
2604 4518 3174 4585 Sacramentorum
3226 4517 3389 4584 nihil
3427 4520 3639 4606 juvat,
3705 4532 3778 4587 ut
3813 4527 3958 4605 patet
4016 4494 4133 4601 αυξῃ,

2434 4655 2514 4700 ex
2573 4636 2981 4722 argumentis
3042 4657 3239 4723 supra
3307 4636 3516 4702 factis,
3592 4638 3811 4704 Primo
3868 4612 4133 4723 ὃε-Ψεζῖἳῧ

2433 4763 2765 4817 eramenta
2824 4766 3097 4818 causant
3145 4754 3404 4840 quando
3447 4773 3574 4819 non
3625 4766 3804 4821 sunt.
3866 4735 4133 4847 Se-fflssffss‘

2434 4868 2670 4945 cund0,
2718 4869 2959 4934 habent
3001 4869 3308 4935 virtutem
3343 4869 3680 4949 causandi,
3711 4871 3955 4958 inquan·
4017 4858 4133 4912 ¹⁰⁵¹&

2434 4993 2570 5050 tum
2614 4997 2769 5051 sunt
2817 4985 3007 5072 signa
3061 5007 3141 5051 ex
3175 4986 3516 5067 instituto;
3570 5008 3731 5074 ergo
3779 4986 3957 5051 virtus

2434 5101 2744 5168 causandi
2805 5102 3113 5169 fundatur
3163 5103 3228 5168 in
3267 5103 3453 5189 ipsis,
3508 5116 3579 5170 ut
3625 5103 3859 5170 habent
3883 5101 3957 5165 in·

2434 5219 2842 5289 stitutionem
2895 5219 2971 5285 ad
3013 5241 3210 5307 quam
3261 5221 3588 5307 sequitur,
3651 5240 3782 5287 non
3829 5234 3957 5284 vcro

2434 5340 2511 5405 ad
2555 5337 2919 5414 entitatem,
2971 5357 3121 5423 quae
3162 5336 3607 5424 independens
3641 5350 3744 5405 est
3772 5337 3844 5402 ab
3871 5334 3956 5399 in—

2435 5455 2827 5532 stitutione;
2883 5452 2997 5519 sed
3049 5454 3336 5539 potentia
3393 5452 3866 5533 obedientialiS,
3910 5445 3953 5510 si

2434 5570 2649 5651 datur,
2683 5570 2983 5659 sequitur
3030 5569 3391 5650 entitatem,
3427 5582 3552 5637 etc.
3598 5573 3753 5638 Haec
3793 5584 3952 5654 argu-
