4255 6375
1470 393 1668 499 nisr.
1702 436 1745 499 ι.
1800 423 2171 513 ouAEsrio
2243 429 2321 499 v.

352 615 612 692 gnum
644 602 861 673 esset
894 599 1287 674 medicina
1314 600 1714 681 virtuosa,
1758 624 1920 676 non

351 725 639 794 tamen
701 737 844 809 per
892 718 1250 812 aliquam
1293 717 1644 791 formam
1694 719 1921 792 abso-

356 837 651 919 lutam,
717 858 893 929 quae
952 841 1169 913 esset
1237 836 1731 930 principium
1805 858 1923 911 sa-

353 955 631 1036 nandi,
715 954 848 1026 sed
925 957 1245 1028 tantum
1335 974 1482 1046 per
1560 951 1922 1026 ordinem

355 1069 781 1142 efficacem
822 1068 916 1141 ad
958 1067 1422 1143 sanitatem.

450 1187 568 1258 Ad
652 1186 992 1258 tertium
1091 1187 1359 1279 potest
1437 1184 1631 1270 dici,
1718 1186 1922 1277 quod

359 1302 688 1394 quoties
732 1306 1351 1377 Sacramentum
1420 1306 1545 1376 est
1593 1323 1917 1385 novum,

357 1421 614 1495 toties
657 1420 1262 1495 fundamentum
1305 1423 1430 1494 est
1476 1440 1802 1502 novum,
1841 1426 1923 1496 et

355 1543 559 1613 tunc
606 1560 768 1611 non
816 1540 940 1611 est
990 1538 1097 1610 ibi
1140 1559 1351 1611 nova
1402 1538 1696 1612 relatio
1750 1538 1921 1611 sine

359 1657 824 1730 mutatione
917 1654 1463 1736 fundamenti;
1559 1656 1692 1727 sed
1778 1655 1922 1728 illa

356 1773 714 1845 mutatio
758 1794 918 1846 non
971 1777 1097 1846 est
1154 1773 1248 1845 ad
1310 1772 1632 1866 aliquod
1693 1773 1918 1844 abso-

350 1889 631 1962 lutum
682 1890 763 1962 in
804 1888 1348 1972 fundament0‚
1406 1890 1538 1963 sed
1597 1890 1693 1962 ad
1742 1910 1920 1962 esse

361 2005 899 2080 fundamenti.

455 2123 600 2195 Vel
653 2122 899 2196 aliter
947 2121 1100 2194 dici
1145 2123 1435 2214 potest,
1474 2121 1681 2213 quod
1717 2122 1919 2194 rela-

355 2238 488 2311 tio
560 2238 906 2311 rationis
986 2240 1251 2329 potest
1330 2258 1509 2310 esse
1568 2256 1781 2309 nova
1840 2238 1920 2309 in

358 2357 672 2450 aliquo,
709 2356 1005 2447 absque
1040 2356 1259 2428 omni
1297 2355 1665 2431 novitate
1697 2356 1922 2429 abso-

356 2473 524 2547 luti
604 2474 682 2545 in
762 2472 963 2565 ipso,
1046 2471 1347 2546 sufficit
1422 2473 1633 2544 enim
1712 2492 1923 2546 nova

357 2589 883 2682 comparatio
971 2588 1321 2662 absoluti
1404 2590 1498 2661 ad
1568 2590 1923 2664 alterum

363 2724 523 2797 per
580 2706 853 2777 actum
915 2702 1423 2784 intellectus:
1484 2705 1635 2778 hoc
1688 2707 1922 2778 modo

362 2825 644 2914 potest
684 2822 898 2892 Deus
939 2820 1092 2894 dici
1126 2822 1521 2895 Dominus
1561 2824 1652 2896 de
1681 2843 1918 2904 novo,

362 2937 545 3009 sine
620 2957 831 3008 novo
908 2935 1281 3010 absoluto
1352 2938 1433 3009 in
1503 2939 1707 3032 ipso.
1777 2938 1922 3011 Vel

364 3052 635 3143 magis
670 3054 763 3126 ad
808 3054 1320 3145 propositum
1377 3060 1647 3147 potest
1696 3075 1923 3127 num-

360 3187 549 3241 mus
615 3169 770 3243 dici
847 3171 1197 3264 pretium
1263 3171 1354 3244 de
1422 3193 1672 3255 novo;
1745 3195 1924 3248 esse

357 3286 583 3358 enim
625 3285 983 3380 pretium
1062 3309 1221 3361 non
1262 3289 1456 3364 dicit
1500 3288 1659 3362 nisi
1712 3292 1921 3363 rela-

357 3402 675 3476 tionem
774 3404 1140 3490 rationis,
1230 3405 1443 3479 sicut
1523 3426 1667 3478 nec
1744 3428 1923 3479 esse

358 3522 963 3596 commutatum
1021 3543 1170 3615 pro
1223 3523 1438 3604 alio;
1489 3544 1668 3597 esse
1707 3523 1923 3596 enim

360 3640 962 3712 commutatum
1011 3659 1172 3712 non
1227 3640 1487 3731 magis
1550 3640 1744 3713 dicit
1795 3662 1920 3713 re-

363 3753 763 3828 lationem
829 3755 1159 3837 realem,
1234 3775 1472 3848 quam
1551 3777 1731 3829 esse
1795 3757 1923 3829 da-

362 3872 587 3954 tum;
626 3872 901 3944 datum
941 3876 1214 3946 autem
1245 3875 1362 3961 (ut
1399 3874 1920 3949 manifestum

364 3992 518 4069 est,
557 4008 740 4061 cum
769 3988 981 4062 dicat
1026 3987 1574 4065 habitudinem
1629 3991 1921 4085 objecti

363 4104 462 4175 ad
516 4104 1049 4194 voluntatem)
1093 4127 1252 4177 non
1313 4106 1507 4180 dicit
1566 4107 1726 4180 nisi
1797 4128 1923 4180 ra-

362 4219 617 4292 tionis
710 4221 1191 4296 relationem
1281 4223 1360 4296 in
1451 4224 1627 4316 ipso
1705 4225 1918 4307 dato,

361 4336 577 4411 sicut
610 4358 754 4411 nec
790 4339 1293 4415 intellectum
1335 4362 1513 4415 esse
1569 4340 1649 4412 in
1705 4341 1918 4434 obje-

364 4457 502 4527 cto
565 4454 1014 4529 intellecto.

57 1205 149 1254 Ad
180 1205 241 1255 3.

57 2580 276 2643 Qualiter

99 2645 236 2692 Deus

57 2706 252 2769 inquirit

57 2768 309 2819 velationes

57 2833 115 2878 de
144 2845 296 2885 novo,

815 4675 1478 4742 COMMENTARIUS.

89 4886 319 4984 Resoljniq
465 4896 588 4983 (m)
626 4894 732 4962 Ad
762 4899 1184 4983 quoestioncm
1212 4901 1569 4969 secandam
1600 4915 1784 4989 patet
1802 4925 1925 4992 per

73 4977 333 5143 ΊέῗῑῗῖἒὛ
374 5012 576 5089 idem,
628 5023 753 5078 etc.
809 5016 923 5079 Hic
963 5015 1314 5101 respondet
1367 5016 1447 5082 ad
1487 5020 1923 5106 quaestionem

93 5097 324 5221 ηἷζξὲῗζο
376 5127 759 5206 secundam,
813 5130 1000 5216 cujus
1057 5130 1389 5198 conclusio
1448 5145 1598 5200 est:
1652 5136 1926 5204 Nullam

380 5245 695 5312 virtutem
719 5247 1071 5333 physicam
1114 5249 1486 5334 superaddi
1531 5252 1926 5320 Sacramen-

379 5372 464 5440 ιο,
501 5381 619 5426 nec
658 5363 1041 5447 possibilem
1088 5384 1222 5429 csse
1252 5365 1471 5444 talem,
1521 5365 1583 5431 id
1625 5379 1748 5450 est,
1793 5388 1923 5436 non

372 5476 628 5543 ostendi
688 5498 800 5565 per
847 5478 1158 5560 rationes,
1212 5491 1323 5546 aut
1360 5482 1813 5549 auctoritatem
1850 5483 1928 5552 il-

373 5593 506 5663 lam
573 5593 810 5678 inesse,
850 5606 916 5662 et
964 5595 1139 5663 nulla
1178 5598 1566 5667 necessitate
1632 5602 1910 5680 adstrui,

3458 433 3569 501 189

2035 600 2323 668 efficacia
2355 600 2527 667 enim
2579 601 2980 669 Sacramenti
3019 612 3233 668 estex
3280 602 3581 688 pactione

2035 718 2257 785 divina
2287 741 2436 786 cum
2475 718 2788 787 Ecclesia.
2834 722 2912 786 Et
2943 718 2999 787 si
3038 719 3470 786 contendatur
3500 717 3581 784 de

2041 835 2283 902 virtute
2321 849 2583 924 propter
2629 836 3046 904 auctoritates
3078 838 3465 904 Sanctorum
3514 848 3579 900 et

2037 953 2368 1034 Ecclesiae,
2421 974 2570 1041 quae
2602 953 2754 1019 dicit
2786 956 3200 1020 Sacramenta
3247 953 3581 1019 includere

2036 1070 2280 1137 virtute
2335 1090 2528 1137 suum
2590 1069 2921 1154 effectum,
2982 1082 3197 1158 potest
3234 1067 3360 1135 dici
3427 1070 3582 1158 (su-

2039 1186 2272 1254 mendo
2338 1189 2649 1254 virtutem
2713 1209 2863 1255 cum
2914 1187 3313 1274 Philosopho
3366 1192 3432 1254 1,
3503 1187 3586 1253 de

2038 1310 2215 1376 Coelo
2250 1321 2310 1375 et
2349 1310 2617 1390 manda,
2660 1331 2774 1398 pro
2805 1332 2882 1377 eo
2921 1309 3092 1397 quod
3127 1322 3228 1376 est
3281 1309 3581 1376 ultimum

2035 1426 2388 1513 potentiae)
2430 1427 2602 1515 quod
2646 1427 2744 1494 sic
2776 1426 2987 1493 virtus
3034 1425 3431 1493 Sacramenti
3484 1437 3584 1491 est

2032 1560 2179 1607 esse
2217 1543 2483 1628 signum
2525 1542 2754 1610 efficax
2797 1544 3052 1631 gratiae,
3109 1555 3172 1610 et
3212 1543 3405 1611 aliam
3450 1543 3582 1610 vir-

2028 1667 2235 1722 tutem
2270 1676 2399 1722 non
2440 1678 2631 1743 posse
2661 1657 2871 1724 eidem
2912 1669 3302 1745 competere.

2119 1771 2286 1837 Dicit
2333 1793 2494 1859 ergo
2543 1775 3106 1841 Sacramentorum
3160 1772 3575 1839 conformita-
3628 1780 3850 1894 Svirtus

2030 1898 2162 1954 tem
2193 1909 2341 1956 cum
2375 1910 2494 1957 suo
2529 1890 2789 1977 signato
2828 1912 2973 1959 esse
3014 1892 3184 1958 hanc
3230 1891 3572 1972 virtutem,
3666 1860 3926 1961 igi-'liga

2031 2015 2356 2091 quatenus
2410 2019 2479 2074 ut
2519 2007 2702 2094 prius
2752 2008 3130 2075 naturaliter
3171 2007 3353 2074 illum
3396 2017 3575 2075 certo

2033 2121 2362 2208 significat
2409 2136 2472 2189 et
2502 2123 2718 2191 infert.
2755 2127 2906 2191 Haec
2936 2125 3154 2191 omnia
3200 2125 3374 2192 clara
3422 2134 3575 2191 sunt
3632 2131 3880 2188 Dubium.

2031 2259 2110 2304 ex
2162 2237 2373 2305 dictis
2438 2240 2698 2307 Dubitat
2769 2246 3023 2320 Doctor‚
3089 2251 3306 2308 utrum
3346 2240 3578 2309 relatio

2033 2356 2505 2424 conformitatis
2552 2359 2950 2427 Sacramenti
2993 2359 3071 2425 ad
3113 2380 3306 2427 suum
3358 2360 3577 2448 signa-

2034 2483 2198 2551 tum,
2261 2471 2346 2538 sit
2400 2471 2481 2538 de
2538 2474 2815 2540 essentia
2876 2473 3066 2563 eJ’us?
3122 2475 3578 2563 Respondetur
3640 2495 3890 2549 Solvitur.

2034 2608 2176 2654 esse
2222 2587 2655 2655 differentiam
2708 2591 3111 2657 Sacramenti
3148 2611 3228 2657 ex
3273 2591 3376 2670 iis,
3430 2611 3579 2680 quae

2031 2726 2237 2792 supra
2267 2704 2558 2772 diximus
2600 2706 2680 2772 de
2718 2706 3098 2774 definitione
3148 2707 3575 2786 Sacramenti,

2034 2841 2115 2887 ex
2147 2821 2289 2910 ipso
2329 2826 2623 2902 Doctore‚
2669 2824 2777 2912 qui
2813 2836 3008 2911 negat
3046 2835 3433 2911 potestatem
3478 2824 3582 2890 in-

2040 2937 2349 3005 stituendi
2381 2940 2778 3006 Sacramenti
2823 2961 3016 3027 posse
3059 2942 3412 3008 convenire
3442 2961 3583 3007 cre-

2040 3062 2270 3135 aturae,
2315 3065 2379 3120 et
2416 3053 2724 3122 fundatur
2781 3056 2847 3122 in
2894 3055 3282 3124 certitudine
3325 3055 3584 3143 signifi-

2034 3171 2310 3239 cationis
2355 3172 2877 3254 sacramentalis,
2949 3197 3096 3264 quae
3156 3173 3467 3243 fundatur
3517 3172 3581 3239 in
3639 3189 3936 3255 Explicatur

2036 3289 2407 3356 assistentia
2440 3289 2685 3357 divina.
2723 3290 2906 3357 Unde
2944 3291 3203 3379 quando
3242 3292 3350 3359 hic
3387 3312 3580 3378 sepa-
3661 3254 3875 3305 Doctor‚

2037 3415 2135 3470 rat
2174 3425 2209 3471 a
2241 3404 2557 3473 relatione
2613 3407 2787 3495 signi
2838 3408 3034 3475 etiam
3095 3408 3357 3496 practici
3401 3407 3576 3474 illam

2035 3521 2584 3601 conformitatem,
2650 3543 2778 3589 non
2845 3523 3135 3611 loquitur
3207 3524 3288 3590 de
3353 3526 3582 3590 Sacra-

2037 3645 2257 3699 mento
2288 3635 2610 3721 complete
2639 3637 2760 3703 sub
2791 3637 2968 3703 omni
3011 3637 3263 3704 ratione
3295 3636 3421 3715 sui,
3467 3635 3580 3703 sed

2037 3753 2285 3808 tantum
2354 3743 2477 3809 sub
2532 3744 2786 3810 ratione
2843 3745 3148 3831 generica
3197 3757 3261 3813 et
3331 3745 3584 3813 incom-

2039 3856 2234 3942 pleta.

2126 3975 2238 4039 His
2287 3996 2446 4062 ergo
2496 3976 2854 4063 suppositis
2895 3977 3065 4044 circa
3111 3979 3579 4046 resolutionem
3728 3990 3813 4044 85.

2039 4092 2384 4179 utriusque
2414 4094 2798 4180 quaestionis
2830 4115 2946 4181 per
2976 4098 3339 4171 Doctorem,
3378 4116 3583 4182 quan-

2035 4218 2174 4273 tum
2215 4208 2292 4274 ad
2334 4210 2688 4277 efficaciam
2738 4223 2801 4277 et
2840 4211 3152 4278 virtutem
3210 4225 3272 4280 et
3318 4214 3582 4280 modum

2034 4323 2344 4391 causandi
2384 4326 2660 4411 gratiam
2713 4347 2826 4413 per
2866 4329 3302 4406 Sacramenta,
3340 4329 3584 4414 adjicio

2037 4441 2206 4507 hanc
2243 4440 2802 4510 confirmationem
2843 4464 2926 4509 ex
2968 4445 3209 4512 sanctis
3250 4447 3576 4529 Pati-ihm,
3614 4478 3939 4535 Conflnnatio

2039 4578 2119 4624 ex
2169 4579 2446 4645 quorum
2499 4560 2689 4627 modo
2728 4559 3033 4648 loquendi
3086 4563 3294 4630 facilis
3341 4576 3464 4645 est,
3518 4577 3583 4633 et
3643 4546 3898 4655 ‘¹¹⁰¹22'um

2039 4695 2239 4741 verax
2274 4673 2584 4742 resolutio
2614 4677 2938 4744 DoctoriS.
3641 4668 3903 4787 Ρξῗιξῑὶῗὲζ.

2125 4791 2512 4879 CyprianuS,
2548 4814 2761 4860 sermo
2792 4793 2872 4861 de
2903 4795 3235 4882 Baptismo
3270 4818 3285 4861 ε
3330 4797 3581 4864 Remis-

2034 4907 2136 4971 sio
2161 4919 2603 4994 peccatorum,
2647 4912 2786 4975 sive
2827 4931 2950 4997 per
2996 4912 3412 4997 Baptismum
3444 4913 3584 4979 sive

2033 5042 2157 5107 per
2221 5023 2361 5089 alia
2427 5026 2861 5093 Sacramenta
2928 5026 3229 5107 donetur,
3297 5030 3583 5115 proprie

2035 5138 2334 5223 Spiritus
2370 5142 2588 5205 sancti
2616 5151 2729 5221 est,
2775 5153 2835 5208 et
2864 5143 2996 5228 ipsi
3035 5144 3232 5229 liujus
3270 5145 3582 5229 efficien-
3673 5220 3678 5223 ,

2037 5256 2148 5321 tice
2172 5257 2606 5343 privilcqium
2654 5269 2896 5325 manet.
2956 5260 3313 5328 Verborum
3349 5263 3583 5328 solem·

2035 5373 2238 5452 nitas,
2282 5382 2343 5438 ct
2382 5376 2562 5440 sacri
2610 5377 2941 5442 invocatio
2997 5380 3315 5456 nominis,
3370 5391 3434 5445 ct
3491 5381 3582 5445 si·

2033 5508 2165 5573 qna
2204 5487 2732 5556 institutionibus
2789 5490 3187 5576 Apostolicis
3245 5495 3583 5561 Sacerdo-

2037 5614 2159 5669 tem
2183 5605 2578 5672 ministeriis
2598 5608 2943 5692 attributa,
2973 5611 3234 5678 visibile
3252 5612 3586 5684 celebrant
