4255 6375
1489 363 1685 423 DIST.
1734 362 1862 423 Vll.
1895 360 2259 436 QUAEsTlo
2309 363 2351 422 1.

384 525 582 603 Item,
628 523 991 611 Cyprianus
1050 523 1114 589 id
1178 523 1517 589 manifeste
1567 521 1753 587 docet
1786 521 1851 585 in

264 657 611 706 sermone
655 640 733 705 de
775 640 1081 706 unctione
1144 640 1570 706 Chrismatis:
1648 637 1856 702 Hodie

260 755 355 819 in,
408 756 715 822 Ecclesia
775 779 924 823 cum
990 760 1247 824 caeteris
1302 757 1727 823 unctionibus
1766 754 1857 819 ad

256 875 643 960 populum
670 876 1133 960 acquisitionis
1170 873 1728 958 sanctificandum
1783 874 1856 935 in

259 991 890 1076 participationem
977 990 1355 1077 diqnitatiS,
1440 1001 1500 1055 et
1566 990 1857 1054 nominis

265 1125 568 1172 sacrum
604 1089 916 1173 Chrisma
956 1109 1330 1189 conficitur,
1386 1108 1459 1172 in
1517 1127 1642 1192 quo
1682 1107 1855 1170 mia:-

273 1232 445 1287 tum
466 1224 606 1288 oleo
637 1224 1000 1289 balsamum
1036 1226 1273 1310 Beyice,
1312 1234 1369 1288 et
1402 1221 1856 1306 Sacerdotalis

271 1338 566 1423 gylorioe,
613 1340 936 1425 cuz-primi!
992 1342 1314 1405 unitatem
1346 1340 1577 1425 quibus
1624 1338 1855 1422 (ἰὶῃηὶ-

281 1455 557 1520 tatibus
596 1456 957 1521 initiandis
996 1456 1326 1521 diuinitus
1365 1465 1455 1519 est
1491 1455 1715 1519 unctio
1756 1453 1854 1516 in-

282 1571 568 1650 stituta,
632 1583 755 1638 etc.
820 1575 977 1648 Quae
1015 1572 1213 1637 verba
1273 1569 1582 1636 denotant
1632 1567 1859 1633 divina

285 1686 723 1753 institutione
754 1688 833 1753 ad
869 1688 1204 1755 materiam
1250 1688 1577 1754 unctionis
1614 1684 1858 1773 requiri

287 1802 700 1869 balsamum.
758 1807 835 1869 Et
886 1804 1095 1871 infra:
1154 1805 1383 1882 Hodie,
1420 1819 1489 1869 ut
1528 1804 1852 1878 diximus,

290 1933 719 2007 unquentum
767 1923 858 1988 ad
898 1925 1499 2005 sanctificationem
1542 1933 1853 2008 paratur,

294 2041 503 2124 cujus
533 2039 922 2125 frayrantia
946 2039 1473 2117 adolescentuloe,
1502 2050 1561 2104 et
1584 2041 1860 2105 nocellce

295 2155 562 2220 animse
591 2156 971 2222 accedentes
1000 2157 1090 2222 ad
1150 2158 1349 2241 (idem
1403 2160 1640 2223 illectae
1684 2158 1857 2223 dele-

80 2328 247 2362 mem
303 2283 608 2352 etantur,
645 2286 768 2341 etc.
814 2286 875 2339 et
912 2286 1277 2361 sequuntur
1307 2288 1682 2341 aromatum
1716 2277 1858 2340 lar-

80 2375 256 2488 ffigffs
304 2391 622 2473 nitorem.
664 2394 737 2456 Et
769 2389 935 2456 infra
965 2413 976 2456 :
1018 2393 1146 2457 Hoc
1175 2393 1316 2458 oleo
1347 2395 1718 2479 antiquitus
1742 2395 1858 2458 Sa·

79 2501 241 2614 {³335
302 2502 609 2568 cerdotes
644 2504 1102 2584 sacrabantur,
1151 2518 1211 2570 et
1243 2527 1447 2593 reyes,
1486 2517 1610 2572 etc.
1658 2510 1734 2572 Et
1767 2506 1860 2571 in-

82 2606 113 2630 ῦ
156 2603 187 2628 ‘³
243 2603 256 2616 ⁶
300 2618 409 2685 l'ra
432 2619 617 2685 dicit:
659 2621 1043 2706 Antiquatis
1076 2622 1378 2688 Mosaicoe
1409 2624 1571 2709 leqis
1605 2625 1861 2689 eceteris

298 2733 550 2799 ritibus
578 2737 777 2821 hujus
828 2739 1167 2803 unctionis
1218 2740 1609 2823 mysteri-um
1648 2741 1860 2823 fuisse

296 2862 659 2917 retentum.
703 2853 999 2935 Coeteris,
1041 2855 1280 2942 inquit,
1336 2857 1642 2942 qenerali
1684 2859 1857 2922 San-

294 2978 559 3033 ctorum
587 2991 906 3036 consensu
936 2970 1280 3037 damnatis
1337 2994 1475 3038 non
1532 2974 1746 3038 solum
1786 2975 1859 3039 in

296 3085 567 3170 reqibus
630 3098 689 3152 et
728 3087 1192 3154 Sacerdotibus
1249 3091 1585 3155 unctionis
1648 3091 1861 3155 honor

296 3204 699 3285 permansit,
736 3204 949 3269 sedin
981 3225 1235 3271 omnem
1261 3208 1583 3292 populum
1618 3207 1856 3273 Catho-

304 3320 515 3385 licum
584 3323 801 3405 effusa
867 3333 959 3386 est
1002 3325 1203 3409 liujus
1256 3326 1498 3410 qratiae
1557 3326 1855 3410 plenitu-

304 3435 420 3513 do,
466 3449 589 3501 etc.

401 3552 576 3618 Idem
624 3554 1133 3638 expressissime
1185 3556 1372 3622 docet
1420 3557 1743 3624 Fabianus
1786 3560 1859 3623 in

303 3670 497 3755 epist.
538 3673 600 3737 2.
636 3671 980 3750 decretali,
1018 3694 1163 3758 cap.
1197 3678 1255 3738 1.
1300 3674 1652 3739 causabant
1683 3675 1855 3741 enim

303 3786 608 3874 Episcopi
644 3809 772 3854 non
797 3809 990 3874 posse
1021 3789 1303 3876 singulis
1336 3792 1525 3857 annis
1557 3791 1857 3859 Chrisma

303 3906 607 3971 renovari
649 3907 731 3972 ob
780 3907 1107 3974 defectum
1154 3909 1421 3975 balsami
1474 3910 1539 3974 in
1585 3911 1725 3976 suis
1758 3932 1855 3977 ren

300 4022 637 4109 gionibuS,
710 4043 789 4089 ex
840 4044 970 4110 quo
1030 4025 1465 4091 conficeretur
1522 4026 1846 4105 Chrisma,

304 4138 416 4203 ubi
477 4139 882 4215 respondens
939 4161 1227 4208 errorem
1282 4143 1607 4228 reprobat,
1666 4164 1849 4211 asse-

80 4294 223 4345 asma
311 4274 461 4319 rens
502 4255 566 4319 in
619 4254 845 4321 ultima
894 4259 1092 4322 Coena
1159 4258 1489 4323 Christum
1550 4256 1855 4323 docuisse

79 4357 253 4468 ffiffin·
309 4370 653 4456 Apostolos
692 4371 977 4438 chrisma
1027 4371 1349 4439 conficere
1388 4373 1596 4461 (sicut
1634 4394 1670 4440 a
1712 4395 1853 4440 san·

80 4482 238 4594 ᾒξὲιῑιξε
304 4486 430 4551 ctis
479 4488 834 4572 Apostolis‚
879 4488 1118 4576 inquit,
1187 4488 1706 4573 praedecessores
1740 4511 1854 4556 no-

79 4608 251 4719 sslggma
307 4603 425 4669 stri
502 4615 911 4690 acceperunt,
1003 4607 1323 4693 nobisque
1367 4606 1849 4698 reliquerunt),

80 4709 207 4793 guni
306 4717 624 4806 docetque
656 4740 770 4806 per
800 4719 1102 4806 singulos
1133 4741 1339 4789 annos
1372 4722 1850 4802 renovandum,

79 4810 276 4910 511¹}sssssp
304 4843 363 4897 et
410 4844 598 4899 vetus
636 4835 1150 4926 comburendum
1184 4858 1265 4901 ex
1306 4835 1652 4902 traditione
1682 4841 1854 4924 Apo-

304 4947 557 5027 stolica‚
632 4968 825 5035 quam
893 4954 1203 5029 Romana,
1278 4951 1709 5033 Antiochena,
1754 4956 1849 5018 Je-

302 5064 774 5150 rosolymitana
832 5078 895 5132 et
937 5067 1288 5152 Ephesina,
1341 5067 1407 5138 in
1458 5069 1702 5157 quibus
1752 5090 1852 5135 se·

303 5178 543 5247 derunt
584 5183 878 5269 Apostoli
920 5204 1203 5270 semper,
1238 5196 1302 5250 et
1339 5186 1419 5250 ab
1479 5185 1668 5251 initio
1697 5206 1854 5252 con-

302 5310 672 5378 servarunt,
773 5310 897 5367 etc.
992 5300 1290 5367 Pontifex
1370 5303 1849 5369 confectionem

302 5414 682 5481 chrismatis
734 5428 797 5482 et
854 5417 1128 5483 balsami
1178 5438 1324 5483 esse
1364 5418 1549 5485 docet
1607 5419 1852 5489 divinae

305 5534 768 5615 institutionis,
825 5556 974 5622 quae
1023 5555 1284 5623 semper
1323 5537 1667 5606 observata
1710 5552 1838 5607 est.

3420 360 3544 422 659

2064 524 2223 586 Item
2267 523 2623 609 Gregorius
2682 527 2956 611 Magnus
3011 526 3080 588 in
3127 524 3388 588 Cantic.
3448 526 3514 586 1.

1965 639 2204 703 Botrus
2257 639 2487 725 Cypri,
2555 651 2677 706 etc.
2724 643 2798 706 in
2859 640 3201 732 Enyaddi,
3286 638 3525 726 inquit,

1960 753 2324 821 balsamum
2362 759 2687 842 qiqnitur,
2728 757 2899 843 quad
2961 778 3110 822 cum
3155 757 3296 821 oleo
3334 757 3511 820 Pon·

1961 872 2204 952 tilicali
2306 873 2760 940 benedictione
2872 875 3188 939 Clu-istna
3306 873 3531 957 effici-

1962 997 2089 1064 tur,
2129 998 2250 1054 etc.
2288 990 2651 1056 Concilium
2688 992 3135 1056 Bracharense
3158 988 3522 1056 secundum

1964 1127 2105 1192 cap.
2168 1112 2232 1172 4.
2281 1107 2670 1173 Balsamum
2718 1107 3160 1184 benedictum,
3199 1105 3375 1192 quod
3405 1126 3530 1190 pro

1962 1225 2173 1288 salute
2223 1225 2612 1289 animarum
2657 1245 2778 1310 per
2818 1226 3117 1318 Spiritus
3155 1225 3374 1288 sancti
3426 1224 3529 1287 in-

1968 1340 2373 1404 vocationem
2452 1352 2932 1420 consecratum,
3008 1350 3131 1405 etc.
3223 1339 3528 1406 Consulta

1970 1456 2398 1542 Bulgarorum
2475 1457 2553 1522 ad
2621 1458 2958 1524 Nicolaum
3034 1460 3082 1522 Ι.
3149 1467 3522 1542 supponunt

1967 1573 2263 1639 eamdem
2308 1572 2748 1640 traditionem.
2824 1578 3142 1649 Quaerunt
3198 1573 3397 1651 enim,
3443 1593 3524 1637 an

1970 1711 2201 1757 verum
2246 1691 2329 1756 sit
2388 1691 2558 1778 quod
2595 1692 2896 1757 dicebant
2967 1692 3171 1757 Graeci
3242 1689 3414 1780 apud
3456 1712 3526 1756 sc

1969 1806 2252 1872 chrisma
2294 1806 2510 1872 oriri?
2555 1808 2815 1873 Groecos
2856 1807 3075 1873 dicere
3126 1807 3521 1894 perhibetis,

1971 1921 2185 2008 inquit
2253 1921 2570 2000 Pontifex,
2618 1922 2792 2008 quod
2831 1923 3103 1987 illorum
3170 1924 3239 1987 in
3300 1923 3529 2008 patria

1970 2038 2286 2115 chrisma,
2332 2048 2393 2102 ct
2424 2039 2708 2116 oriatur,
2776 2050 2836 2103 et
2876 2038 2957 2102 ab
2990 2037 3133 2103 illis
3160 2059 3282 2123 per
3323 2047 3530 2104 totum

1971 2153 2290 2218 mundum
2335 2154 2692 2234 tribuatur,
2747 2165 2806 2219 et
2848 2154 2998 2219 ideo
3047 2176 3237 2220 nosse
3269 2154 3529 2220 deside·

1967 2270 2138 2335 ratis
2162 2272 2223 2335 si
2254 2292 2477 2338 verum
2508 2273 2594 2336 sit
2621 2269 2653 2335 f>
2680 2271 2796 2335 sed
2815 2275 2964 2357 jam
2992 2271 3327 2336 credimus
3351 2270 3526 2357 quod

1971 2397 2189 2451 vestra
2216 2387 2513 2465 solertia,
2561 2387 2735 2472 quod
2803 2408 2938 2452 non
2978 2408 3205 2452 verum
3249 2387 3338 2452 sit
3368 2389 3526 2480 ani-

1970 2503 2363 2582 madvertat,
2402 2516 2526 2570 etc.
2572 2503 2659 2569 ita
2694 2504 3014 2571 Pontifex.
3073 2503 3529 2590 Intelligebant

1968 2621 2175 2687 Graeci
2248 2621 2328 2687 de
2378 2621 2664 2687 balsamo
2704 2633 2765 2688 et
2806 2622 3184 2704 chrismate,
3238 2622 3409 2710 quod
3443 2645 3522 2689 ex

1969 2739 2262 2805 balsamo
2332 2738 2403 2804 fit
2476 2738 2973 2825 compositione,
3040 2761 3167 2806 non
3237 2762 3394 2807 vero
3443 2741 3523 2807 de

1966 2857 2107 2922 oleo
2149 2855 2432 2942 simplici
2477 2855 2829 2935 olivarum,
2875 2857 3049 2943 quod
3112 2857 3175 2922 in
3225 2857 3521 2944 pluribus

1967 2972 2265 3038 habetur.
2323 2976 2527 3037 Causa
2567 2984 2782 3038 autem
2835 2972 3300 3039 controversiae
3370 2974 3517 3053 fuit,

1967 3089 2136 3176 quod
2178 3089 2382 3155 Graeci
2418 3090 2542 3154 sibi
2600 3089 3029 3155 vendicabant
3061 3090 3413 3175 primatum
3456 3092 3519 3157 in

1968 3207 2304 3293 Bulgaros,
2384 3226 2550 3294 quos
2616 3206 2810 3272 etiam
2880 3207 3327 3274 chrismarunt
3397 3231 3514 3296 pcr

1965 3323 2346 3390 Sacerdotes
2390 3323 2454 3388 in
2516 3322 2872 3389 schismate
2920 3324 3042 3389 sub
3104 3324 3354 3405 Photio‚
3417 3346 3517 3392 se-

1966 3453 2222 3527 paratos
2283 3440 2362 3505 ab
2404 3439 2716 3519 Ecclesia,
2785 3460 2903 3505 nec
2964 3439 3236 3527 proinde
3275 3441 3355 3507 ad
3395 3443 3518 3509 hoc

1963 3557 2414 3622 auctoritatem
2511 3557 2849 3621 habentes.
2937 3555 3121 3622 Unde
3211 3557 3515 3624 Nicolaus

1968 3673 2226 3741 curavit
2257 3693 2368 3738 eos
2391 3671 2605 3738 denuo
2635 3671 2981 3738 chrismari
3019 3694 3132 3760 per
3162 3674 3518 3762 Episcopos

1968 3790 2252 3868 Latinos,
2319 3792 2593 3874 Legatos
2633 3808 2814 3855 suos,
2880 3788 3043 3854 Hinc
3102 3791 3517 3875 opponebant

1967 3905 2172 3972 Groeci
2209 3903 2365 3969 illud
2415 3903 2805 3990 figmentum
2859 3903 2940 3970 de
2989 3905 3258 3971 materia
3313 3906 3516 3973 chris-

1968 4022 2183 4100 matis
2220 4022 2403 4109 quasi
2447 4021 2616 4107 apud
2649 4041 2719 4087 se
2757 4033 2964 4101 esset;
3013 4022 3184 4108 quod
3237 4022 3516 4110 intelligi

1965 4139 2158 4204 debet
2212 4136 2557 4204 alludendo
2603 4137 2680 4203 ad
2723 4137 3141 4204 traditionem
3195 4140 3516 4225 Apostoli-

1966 4277 2132 4335 cam,
2185 4265 2249 4320 et
2306 4255 2582 4341 primam
2640 4254 3118 4322 institutionem
3165 4254 3362 4342 hujus
3403 4258 3517 4322 Sa·

1967 4372 2312 4440 eramenti.

2055 4486 2467 4554 Amalarinus
2508 4486 2702 4552 etiam
2746 4489 3164 4564 Fortunatus,
3223 4487 3334 4574 qui
3401 4486 3514 4552 flo-

1971 4604 2101 4669 ruit
2157 4605 2279 4669 sub
2322 4601 2671 4683 Ludovic0,
2743 4603 2847 4668 cui
2900 4603 3309 4689 nuncupavit
3344 4624 3510 4690 opus

1967 4724 2047 4790 de
2111 4720 2358 4789 Officiis
2415 4719 2893 4787 Ecclesiasticis
2935 4719 3048 4784 lib.
3111 4723 3169 4783 1.
3215 4740 3367 4806 cap.
3405 4726 3510 4787 12.

1967 4858 2172 4926 agens
2212 4836 2292 4903 de
2335 4833 2823 4902 consecratione
2889 4833 3266 4901 chrismatis
3304 4858 3317 4900 :
3367 4838 3510 4918 Hic,

1969 4953 2204 5043 inquit,
2249 4974 2382 5019 non
2415 4952 2651 5031 oleum,
2700 4951 2814 5018 sed
2854 4964 2913 5018 et
2962 4952 3327 5019 balsamum
3367 4974 3521 5021 con-

1964 5081 2284 5149 secratur,
2348 5080 2473 5134 etc.
2534 5067 2715 5135 Odor
2753 5067 3037 5134 balsami
3082 5071 3155 5135 in
3195 5072 3338 5136 oleo
3377 5071 3518 5157 opi-

1967 5190 2235 5254 nionem
2257 5187 2578 5253 bonarum
2609 5187 2929 5251 virtutum
2959 5188 3089 5252 late
3120 5188 3513 5274 dispersam,

1965 5316 2284 5391 operante
2328 5306 2554 5391 qratia
2604 5305 2904 5390 Spiritus
2939 5306 3175 5384 sancti,
3253 5304 3518 5370 demon·

1961 5434 2175 5488 strat:
2224 5423 2379 5488 Oleo
2419 5422 2703 5487 additur
2736 5421 3124 5501 balsamum,
3158 5423 3315 5507 quia
3352 5423 3520 5488 nitet

1966 5550 2040 5614 in
2098 5542 2285 5606 vultu
2350 5540 2605 5605 Christi
2664 5540 2939 5605 coelestis
2992 5538 3331 5625 splendor,
3389 5552 3511 5607 etc.

3681 545 3763 594 2⁴.
