4255 6375
682 380 764 445 92
1813 390 1959 452 ΜΒ.
1996 390 2095 452 lV.
2142 388 2737 453 SENTRN'HARUM

656 542 887 610 denter
932 564 968 611 a
1041 548 1334 615 materia.
1400 552 1669 626 Quando
1730 562 1946 618 autem
2015 572 2205 637 repu-

655 660 936 763 gnantia
999 661 1170 730 inest
1231 686 1345 752 per
1395 667 1616 753 plures
1672 688 1927 749 causas,
1962 666 2206 733 amotio

656 776 851 843 unius
901 797 1031 843 non
1099 794 1393 848 removet
1477 783 2003 870 repugnantiam,
2079 781 2206 849 nisi

656 890 1017 959 secundum
1068 896 1248 982 quid,
1286 898 1535 966 scilicet
1563 899 1952 987 inquantum
1995 901 2059 963 in
2093 897 2207 963 tali

623 1013 852 1074 causa
891 1008 1234 1092 fundatum
1271 1015 1368 1080 sic
1408 1016 1615 1104 posita
1666 1020 1993 1090 creatione
2032 1023 2207 1090 tolli·

659 1136 765 1189 tur
804 1123 1264 1212 dependentia,
1317 1154 1466 1219 quae
1495 1146 1594 1201 est
1624 1156 1706 1201 ex
1747 1137 1939 1203 modo
1971 1138 2207 1226 agendi

660 1261 899 1321 causae,
939 1263 1068 1310 non
1099 1258 1313 1314 autem
1368 1251 1498 1328 illa,
1545 1274 1694 1339 quae
1742 1265 1840 1319 est
1878 1275 1956 1321 ex
2000 1266 2204 1322 mate·

661 1357 823 1422 teria
871 1358 1123 1439 formae,

338 1493 617 1563 Responsio
755 1472 850 1538 Ad
884 1477 1243 1544 secundum
1289 1483 1720 1568 respondetur
1764 1506 1844 1551 ex
1876 1487 2208 1554 communi

342 1559 618 1694 „005ssde
666 1588 1141 1677 Theologorum
1197 1610 1260 1660 et
1319 1597 1891 1684 Peripateticorum
1951 1615 2208 1669 senten-

365 1684 598 1799 ⁰¹33}sp
665 1706 775 1787 tia,
818 1721 1115 1776 constare
1145 1715 1572 1797 contrarium,
1608 1736 1755 1783 nam
1797 1717 1852 1783 si
1893 1718 2039 1784 ideo
2069 1732 2207 1785 tan·

660 1832 796 1886 tum
828 1820 1039 1889 forma
1071 1825 1424 1894 materialis
1456 1829 1905 1899 substantialis
1970 1831 2210 1900 dicitur

659 1937 1028 2025 dependere
1087 1962 1122 2008 a
1164 1946 1457 2027 materia,
1529 1949 1681 2036 quia
1745 1969 1826 2015 ex
1874 1950 2208 2017 voluntate

658 2056 916 2142 agentis
966 2059 1257 2144 supremi
1307 2077 1735 2131 conservatur
1783 2077 1846 2130 et
1913 2065 2206 2153 produci-

656 2172 860 2238 turin
905 2174 1196 2256 materia,
1240 2198 1367 2244 non
1408 2179 1560 2267 quia
1602 2180 1663 2246 id
1703 2182 1923 2269 exigat
1956 2205 2070 2271 per
2107 2206 2202 2262 se,

656 2300 1042 2375 sequeretur
1100 2293 1271 2378 quod
1336 2295 1511 2361 nulla
1579 2310 1754 2364 esset
1809 2298 2202 2382 differentia,

657 2416 972 2491 quantum
1015 2419 1112 2472 est
1159 2429 1236 2474 ex
1291 2421 1518 2478 natura
1571 2413 1799 2480 formae
1849 2415 2020 2482 inter
2069 2417 2207 2481 ani-

658 2540 829 2587 mam
882 2524 1265 2591 rationalem
1305 2539 1370 2592 et
1415 2528 1699 2596 animam
1741 2533 1938 2613 bruti,
1993 2553 2207 2622 quan-

656 2648 795 2703 tum
837 2639 916 2704 ad
971 2640 1547 2727 immortalitatem,
1595 2648 1766 2735 quod
1814 2661 1915 2716 est
1971 2651 2205 2718 absur-

656 2752 836 2820 dum.
876 2756 1059 2823 Unde
1097 2759 1263 2845 quod
1311 2760 1520 2829 forma
1553 2763 1638 2829 sit
1667 2765 1984 2847 absoluta,
2031 2766 2203 2855 quod

656 2894 771 2959 per
818 2894 889 2940 se
927 2873 1242 2958 existens,
1295 2899 1424 2945 non
1485 2881 1765 2948 absolvit
1812 2903 1954 2951 eam
2005 2905 2040 2951 a
2095 2885 2201 2951 de-

657 2989 1003 3075 pendentia
1032 3009 1069 3055 a
1104 2992 1367 3059 materia
1430 2998 1909 3081 quantumlibet
1985 3000 2203 3068 minus

657 3105 980 3194 dependet
1027 3128 1221 3195 quam
1263 3110 1705 3195 accidentaliS,
1751 3137 1899 3204 quae
1930 3130 2025 3184 est
2076 3118 2202 3184 for-

659 3243 762 3288 ma
792 3225 1147 3292 secundum
1183 3226 1363 3313 quid,
1399 3239 1471 3295 ut
1498 3246 1913 3319 comparatur
1941 3234 2018 3301 ad
2051 3235 2204 3301 sub-

656 3340 1048 3422 stantialem,
1093 3362 1241 3429 quae
1281 3343 1388 3410 dat
1440 3358 1653 3413 actum
1711 3349 2094 3437 simpliciter
2142 3363 2206 3416 et

660 3477 775 3542 per
807 3477 901 3526 se.

324 3671 372 3721 R
402 3607 516 3660 106.
559 3670 569 3680 υ
745 3572 840 3638 Ad
875 3575 1136 3640 tertium
1197 3579 1629 3663 respondetur
1667 3588 2201 3672 consequentiam

373 3684 605 3735 esponsio

432 3734 500 3784 ad
658 3711 799 3757 esse
839 3691 1097 3774 bonam,
1144 3696 1295 3782 quia
1352 3697 1506 3764 dare
1545 3721 1679 3766 esse
1726 3701 2096 3769 absolutum
2140 3718 2202 3772 et

309 3794 629 3924 tfglffgsse‘t'nb·
659 3819 1028 3892 separatum
1070 3831 1105 3876 a
1158 3812 1446 3894 materia,
1492 3827 1589 3880 est
1641 3818 1945 3904 supplere
1998 3832 2201 3886 mate-

660 3922 822 3988 riam
864 3923 929 3988 in
971 3933 1285 4010 quantum
1319 3927 1399 3993 ab
1430 3949 1506 3995 ea
1544 3929 1865 4017 dependet
1896 3934 2098 4000 forma
2136 3936 2199 4004 in

659 4058 792 4102 esse
854 4058 936 4104 ex
991 4039 1252 4126 propria
1300 4054 1573 4123 natura;
1620 4046 1933 4134 quidquid
1983 4061 2199 4117 autem

658 4153 754 4220 sic
810 4165 1020 4240 potest
1075 4156 1417 4224 absolvere
1477 4160 1749 4228 sormam
1810 4185 1846 4230 a
1904 4167 2197 4251 materia,

656 4279 869 4355 potest
915 4268 1110 4337 etiam
1150 4292 1564 4356 conservare,
1626 4287 1972 4368 utrumque
2003 4303 2202 4369 repu-

653 4397 812 4471 gnat
878 4406 1098 4454 causae
1165 4400 1426 4468 creatae,
1508 4393 1816 4459 convenit
1862 4397 1981 4462 soli
2039 4402 2194 4481 De0,

653 4504 807 4594 quia
854 4526 1051 4573 causa
1092 4519 1306 4574 creata
1359 4529 1485 4574 non
1536 4525 1881 4580 conservat
1920 4515 2198 4583 formam

652 4639 688 4684 a
737 4642 808 4687 se
855 4623 1239 4710 productam
1279 4623 1347 4690 in
1397 4626 1668 4693 materia
1707 4638 2001 4711 externa,
2047 4653 2198 4699 con-

655 4738 1029 4808 servatione
1070 4761 1184 4826 per
1215 4739 1478 4808 modum
1513 4742 1828 4825 influxuS,
1873 4746 2200 4834 loquendo

653 4857 733 4923 de
772 4856 1096 4936 absoluta,
1142 4856 1293 4943 quia
1321 4870 1531 4924 cessat
1563 4861 1705 4947 ejus
1736 4862 1903 4927 actio
1933 4864 2012 4930 ad
2046 4887 2196 4951 pro·

654 4973 921 5040 ductum
982 4969 1049 5037 in
1096 4969 1415 5057 completa
1464 4974 1835 5056 existentia,
1911 4991 1978 5045 ut
2028 4993 2223 5067 patet,

1186 5103 1447 5157 cessant
1522 5093 1716 5161 etiam
1791 5097 2199 5169 conditiones

654 5217 915 5304 agendi,
961 5226 1034 5282 ut
1098 5216 1444 5305 applicatio
1476 5231 1536 5286 et
1585 5220 1987 5309 hujusmodi,
2059 5226 2202 5294 sine

652 5342 893 5431 quibus
945 5342 1156 5429 primo
1190 5364 1319 5410 non
1362 5344 1770 5431 produceret,
1815 5371 1971 5438 ergo
2001 5356 2196 5424 etiam

652 5490 865 5557 neque
922 5483 1364 5538 conservaret.
1402 5471 1647 5540 Deinde
1675 5487 1772 5543 est
1811 5496 2005 5546 causa
2043 5501 2195 5548 con-

648 5598 914 5688 tingens
947 5608 1247 5684 respectu
1286 5599 1557 5670 effectus
1604 5601 1908 5687 absoluti,
1949 5616 2016 5674 ut
2045 5604 2195 5695 plu-

656 5090 1058 5179 experientia
1078 5115 1092 5172 ;

2316 549 2582 630 rimum,
2627 562 2691 617 et
2728 571 2855 617 non
2907 572 3021 639 per
3068 573 3139 619 se
3196 552 3508 640 requisita
3547 548 3865 618 essentia·
3954 561 4149 676 ἓξὲξ

2316 662 2487 746 liter,
2544 687 2703 754 ergo
2761 667 2931 733 sicut
2990 669 3199 755 potuit
3249 667 3515 755 produci
3577 666 3863 753 primum
4014 702 4106 735 nm

2317 784 2586 850 effectus
2629 786 2877 873 absque
2916 788 3059 874 eJus
3115 806 3466 865 concursu,
3528 783 3626 850 sic
3665 783 3861 848 etiam
3921 758 4161 861 οῗζῖζέ

2318 902 2695 967 conservari
2738 902 3149 969 manentibus
3189 901 3406 968 causis
3459 922 3572 986 per
3633 920 3705 965 se
3754 919 3866 964 es-
3900 875 4181 928 ⁸¹³³⁰¹⁰¹³ffi·

2321 1016 2685 1084 sentialiter
2751 1019 3087 1107 requisitis
3162 1018 3239 1085 ad
3296 1017 3863 1084 conservationem

2319 1154 2453 1198 esse
2511 1135 2645 1221 jam
2690 1136 3009 1221 producti,
3054 1134 3133 1201 ad
3208 1135 3397 1221 cujus
3456 1131 3869 1199 conservati-

2322 1269 2511 1316 onem
2584 1271 2710 1315 non
2749 1251 3169 1338 requiruntur
3234 1263 3350 1327 tot,
3405 1260 3565 1338 quot
3601 1249 3682 1314 ad
3716 1268 3866 1334 pro-

2322 1366 2718 1446 ductionem,
2758 1388 2967 1455 neque
2997 1367 3356 1435 secundum
3393 1378 3604 1454 potest
3653 1386 3799 1431 esse
3828 1386 3870 1430 a

2318 1503 2515 1549 causa
2547 1484 2854 1563 secunda,
2902 1484 3053 1572 quia
3085 1484 3293 1551 solius
3335 1484 3440 1549 Dei
3475 1495 3576 1550 est
3606 1481 3871 1567 supple·
3918 1527 4048 1594 Ejus
4068 1525 4175 1575 Mb

2322 1620 2393 1663 re
2430 1619 2691 1666 causam
2756 1622 2869 1687 per
2926 1622 2997 1667 se
3053 1599 3460 1687 requisitam,
3504 1599 3719 1686 qualis
3768 1609 3871 1662 est
3898 1595 4184 1717 mnus-Q&

2322 1717 2611 1795 materia,
2649 1716 2813 1781 sicut
2857 1737 2996 1782 eam
3030 1717 3393 1782 eminenter
3421 1714 3781 1781 continere.

2407 1832 2500 1897 Ad
2570 1845 2872 1918 quartum
2943 1843 3239 1917 negatur,
3310 1829 3694 1916 simpliciter
3767 1829 3868 1894 lo-
3922 1838 4171 1951 Raeffinsio

2320 1947 2602 2033 quend0‚
2648 1948 2799 2035 quia
2829 1948 2998 2015 sicut
3042 1950 3243 2015 forma
3279 1947 3598 2025 educitur,
3636 1945 3732 2011 sic
3763 1946 3863 2011 in·
3922 1972 4161 2031 quartum.

2321 2061 2578 2142 format,
2631 2085 2779 2129 cum
2829 2063 3067 2131 existat
3123 2085 3383 2151 semper
3420 2061 3869 2148 dependenter

2319 2200 2354 2245 a
2405 2181 2672 2247 materia
2723 2192 2794 2248 ut
2837 2203 3035 2249 causa
3077 2181 3313 2269 priore.
3359 2183 3476 2247 Hic
3503 2192 3720 2246 autem
3754 2199 3869 2245 su-

2320 2294 2522 2361 mitur
2552 2296 2967 2379 informatiO,
3017 2316 3144 2361 non
3202 2306 3394 2382 prout
3452 2306 3551 2360 est
3591 2292 3877 2380 praecise

2318 2411 2590 2479 effectus
2623 2413 2874 2493 formae,
2912 2411 3232 2501 quomodo
3265 2411 3475 2478 anima
3510 2410 3705 2477 etiam
3761 2430 3873 2475 ra-

2318 2528 2580 2593 tionalis
2612 2528 2943 2608 informat,
2981 2528 3286 2615 quamvis
3319 2548 3448 2594 non
3499 2525 3870 2613 dependeat

2317 2666 2353 2711 a
2396 2645 2687 2724 materia,
2733 2646 2846 2712 sed
2898 2656 2967 2711 ut
3006 2644 3286 2711 involvit
3323 2643 3734 2710 eductionem
3800 2652 3870 2707 et

2315 2761 2760 2828 causalitatem
2831 2761 3124 2828 materiae
3156 2768 3455 2846 respectu
3492 2759 3745 2838 sormae,
3781 2778 3865 2825 ex

2314 2898 2443 2965 quo
2475 2889 2648 2964 patet
2686 2878 2765 2945 ad
2799 2879 3068 2965 reliqua.

2402 2993 2485 3081 (z)
2526 2995 2739 3061 Tertia
2779 2994 3110 3062 conclusio
3155 3017 3168 3060 :
3208 2994 3411 3060 Nulla
3450 2995 3675 3077 forma
3712 3013 3867 3057 ma-
3968 3001 4105 3114 Tugi-

2315 3113 2575 3178 terialis
2592 3123 2800 3199 potest
2831 3134 2964 3178 esse
2989 3112 3403 3199 principium
3425 3108 3703 3175 creandi
3731 3109 3868 3173 ali·
3916 3080 4154 3177 congruis.

2315 3230 2498 3316 quid,
2539 3242 2659 3296 etc.
2707 3229 2859 3317 quia
2904 3230 2968 3294 in
3009 3227 3285 3296 essendo
3316 3227 3626 3313 supponit
3656 3239 3864 3291 mate-
3919 3193 4161 3304 ωξᾷᾞξῃ,

2315 3343 2521 3422 riam;
2559 3365 2713 3431 ergo
2764 3346 2827 3410 in
2869 3345 3219 3425 causandO,
3272 3355 3341 3411 ut
3374 3365 3579 3429 supra
3621 3342 3864 3428 proba-
3892 3331 4168 3446 pergine&

2314 3473 2452 3527 tum
2493 3475 2591 3527 est
2629 3461 2707 3528 de
2765 3462 3119 3541 accidente,
3175 3471 3237 3527 et
3295 3459 3603 3545 deinceps
3643 3458 3861 3546 appli-
3895 3441 4162 3507 principium

3904 3505 4164 3553 creationis.

2314 3577 2519 3642 cando
2567 3576 2759 3656 dicta,
2799 3589 2869 3642 ut
2901 3586 3094 3664 patet,
3138 3597 3219 3642 ex
3252 3575 3422 3642 clara
3480 3573 3864 3641 inductione
3924 3566 4146 3678 ‘Sffiffi

2314 3692 2642 3760 concludit
2681 3693 3027 3759 intentum.
3101 3692 3449 3780 subjungit
3508 3690 3860 3777 specialem
3909 3693 4154 3804 ‘abgam

2317 3809 2656 3891 rationem,
2684 3809 2855 3876 unde
2886 3809 3114 3896 probat
3144 3807 3527 3875 substantiae
3556 3808 3863 3873 materia·
3919 3815 4150 3867 maiestati.

2313 3926 2358 3992 li
2398 3946 2769 4013 repugnare
2797 3925 3188 3992 creationem
3219 3924 3498 3990 activam
3535 3923 3861 3990 materiae.

2312 4047 2499 4111 Ratio
2538 4057 2639 4111 est
2684 4044 2832 4112 talis
2870 4067 2883 4110 :
2927 4043 3207 4120 Quando
3237 4044 3469 4129 aliqua
3497 4041 3865 4108 secundum

2316 4171 2519 4226 totum
2555 4181 2760 4248 yemis
2788 4181 2978 4225 suum
3018 4158 3255 4224 habent
3322 4157 3614 4242 aliquem
3664 4155 3863 4220 ordi-

2314 4298 2461 4342 nem
2492 4276 2582 4341 ad
2614 4277 2920 4353 invicem,
2959 4273 3293 4361 quodlibet
3326 4273 3524 4337 unius
3554 4271 3860 4337 habetsi·

2314 4396 2538 4460 milam
2566 4394 2874 4459 ordinem
2904 4393 2994 4459 ad
3033 4391 3363 4479 quodlibet
3394 4390 3694 4467 alteria-9,
3724 4398 3860 4452 etc.

2311 4510 2520 4577 forma
2551 4509 2903 4576 materialis
2970 4506 3330 4574 secundum
3389 4516 3597 4571 totum
3640 4524 3863 4592 genus

2313 4649 2504 4696 suum
2554 4639 2654 4695 est
2696 4625 3016 4713 posterior
3057 4623 3325 4690 materia
3355 4643 3474 4690 sua
3523 4623 3861 4708 receptiva

2313 4765 2472 4831 ergo
2516 4744 2823 4832 quaelibet
2861 4742 3063 4808 forma
3104 4740 3392 4828 qualibet
3435 4739 3702 4806 materia
3757 4753 3863 4808 est

2313 4859 2676 4947 posterior;
2729 4859 2842 4925 sed
2886 4856 3210 4945 posterius
3287 4855 3545 4942 origine
3583 4869 3698 4922 aut
3732 4877 3858 4943 ge-

2315 4977 2648 5046 neratione
2716 4976 2940 5063 nequit
2977 4994 3124 5041 esse
3157 4972 3547 5061 principium
3587 4972 3857 5040 creandi

2312 5095 2513 5177 aliud,
2559 5115 2715 5182 ergo
2747 5093 2948 5160 forma
2985 5091 3341 5159 materialis
3373 5090 3601 5179 nequit
3629 5111 3857 5162 creare

2312 5222 2675 5288 materiam.
2740 5223 2890 5286 Haec
2950 5218 3113 5284 ratio
3171 5229 3270 5284 est
3343 5216 3636 5296 evidenS,
3699 5236 3853 5282 nam
4050 5289 4054 5294 ,

2310 5351 2510 5417 altera
2588 5368 2735 5434 pars
2777 5344 3065 5432 majoris,
3123 5364 3358 5430 nempe
3398 5340 3702 5420 secunda,
3749 5341 3856 5407 in·
3970 5295 4098 5339 ηπ

2308 5476 2598 5546 cluditur
2627 5493 2742 5559 per
2772 5492 2842 5539 se
2872 5472 2938 5536 in
2977 5470 3210 5557 prima,
3249 5490 3395 5534 nam
3429 5468 3598 5535 sicut
3655 5466 3858 5553 parti-

2307 5604 2526 5676 culare
2565 5599 3023 5693 quodcumque
3063 5595 3335 5665 includit
3365 5595 3432 5662 in
3461 5615 3579 5665 suo
3616 5614 3869 5663 conce-⁷
