<?xml version="1.0" encoding="UTF-8"?>
<!DOCTYPE html PUBLIC "-//W3C//DTD XHTML 1.0 Transitional//EN"
    "http://www.w3.org/TR/xhtml1/DTD/xhtml1-transitional.dtd">
<html xmlns="http://www.w3.org/1999/xhtml" xml:lang="en" lang="en">
 <head>
  <title>
</title>
<meta http-equiv="Content-Type" content="text/html;charset=utf-8" />
  <meta name='ocr-system' content='tesseract 3.04.00' />
  <meta name='ocr-capabilities' content='ocr_page ocr_carea ocr_par ocr_line ocrx_word'/>
</head>
<body>
  <div class='ocr_page' id='page_1' title='image "./joannisdunsscot02waddgoog_0608.png"; bbox 0 0 4255 6375; ppageno 0'>
   <div class='ocr_carea' id='block_1_1' title="bbox 475 1701 749 1828">
    <p class='ocr_par' dir='ltr' id='par_1_1' title="bbox 475 1701 749 1828">
     <span class='ocr_line' id='line_1_1' title="bbox 475 1701 749 1755; baseline -0.004 -2"><span class='ocrx_word' id='word_1_1' title='bbox 475 1701 749 1755; x_wconf 67' lang='lat' dir='ltr'>Chai-aeter</span> 
     </span>
     <span class='ocr_line' id='line_1_2' title="bbox 499 1766 747 1828; baseline 0.008 -15"><span class='ocrx_word' id='word_1_2' title='bbox 499 1766 747 1828; x_wconf 88' lang='lat' dir='ltr'>quomodo</span> 
     </span>
    </p>
   </div>
   <div class='ocr_carea' id='block_1_2' title="bbox 457 1824 763 1880">
    <p class='ocr_par' dir='ltr' id='par_1_2' title="bbox 457 1824 763 1880">
     <span class='ocr_line' id='line_1_3' title="bbox 457 1824 763 1880; baseline 0.02 -6"><span class='ocrx_word' id='word_1_3' title='bbox 457 1824 741 1880; x_wconf 81' lang='lat' dir='ltr'>indelebilis</span> <span class='ocrx_word' id='word_1_4' title='bbox 751 1868 763 1880; x_wconf 90' lang='lat'>.</span> 
     </span>
    </p>
   </div>
   <div class='ocr_carea' id='block_1_3' title="bbox 509 4353 663 4405">
    <p class='ocr_par' dir='ltr' id='par_1_3' title="bbox 509 4353 663 4405">
     <span class='ocr_line' id='line_1_4' title="bbox 509 4353 663 4405; baseline 0.019 -3"><span class='ocrx_word' id='word_1_5' title='bbox 509 4353 636 4404; x_wconf 78' lang='lat' dir='ltr'>Nota</span> <span class='ocrx_word' id='word_1_6' title='bbox 651 4393 663 4405; x_wconf 93' lang='lat'>.</span> 
     </span>
    </p>
   </div>
   <div class='ocr_carea' id='block_1_4' title="bbox 545 5109 625 5161">
    <p class='ocr_par' dir='ltr' id='par_1_4' title="bbox 545 5109 625 5161">
     <span class='ocr_line' id='line_1_5' title="bbox 545 5109 625 5161; baseline 0 -1"><span class='ocrx_word' id='word_1_7' title='bbox 545 5109 625 5161; x_wconf 82' lang='lat'>21.</span> 
     </span>
    </p>
   </div>
   <div class='ocr_carea' id='block_1_5' title="bbox 809 364 927 428">
    <p class='ocr_par' dir='ltr' id='par_1_5' title="bbox 809 364 927 428">
     <span class='ocr_line' id='line_1_6' title="bbox 809 364 927 428; baseline 0 0"><span class='ocrx_word' id='word_1_8' title='bbox 809 364 927 428; x_wconf 82' lang='lat'>608</span> 
     </span>
    </p>
   </div>
   <div class='ocr_carea' id='block_1_6' title="bbox 757 525 2344 5636">
    <p class='ocr_par' dir='ltr' id='par_1_6' title="bbox 757 525 2344 5636">
     <span class='ocr_line' id='line_1_7' title="bbox 798 525 2335 622; baseline 0.014 -29"><span class='ocrx_word' id='word_1_9' title='bbox 798 525 961 597; x_wconf 90' lang='lat' dir='ltr'>tale</span> <span class='ocrx_word' id='word_1_10' title='bbox 1003 546 1161 598; x_wconf 88' lang='lat' dir='ltr'>non</span> <span class='ocrx_word' id='word_1_11' title='bbox 1214 536 1480 622; x_wconf 89' lang='lat' dir='ltr'>potest</span> <span class='ocrx_word' id='word_1_12' title='bbox 1521 538 1880 610; x_wconf 87' lang='lat' dir='ltr'>conferri</span> <span class='ocrx_word' id='word_1_13' title='bbox 1928 540 2099 612; x_wconf 83' lang='lat' dir='ltr'>sine</span> <span class='ocrx_word' id='word_1_14' title='bbox 2151 542 2335 615; x_wconf 86' lang='lat' dir='ltr'>aliis</span> 
     </span>
     <span class='ocr_line' id='line_1_8' title="bbox 794 641 2342 749; baseline 0.014 -38"><span class='ocrx_word' id='word_1_15' title='bbox 794 641 1022 714; x_wconf 88' lang='lat' dir='ltr'>donis</span> <span class='ocrx_word' id='word_1_16' title='bbox 1091 648 1687 738; x_wconf 89' lang='lat' dir='ltr'>perficientibus</span> <span class='ocrx_word' id='word_1_17' title='bbox 1749 655 1995 728; x_wconf 87' lang='lat' dir='ltr'>talem</span> <span class='ocrx_word' id='word_1_18' title='bbox 2070 678 2342 749; x_wconf 86' lang='lat' dir='ltr'>perso-</span> 
     </span>
     <span class='ocr_line' id='line_1_9' title="bbox 791 767 2338 854; baseline 0.014 -28"><span class='ocrx_word' id='word_1_19' title='bbox 791 775 1007 841; x_wconf 85' lang='lat' dir='ltr'>nam,</span> <span class='ocrx_word' id='word_1_20' title='bbox 1083 767 1349 854; x_wconf 89' lang='lat' dir='ltr'>potest</span> <span class='ocrx_word' id='word_1_21' title='bbox 1413 770 1739 842; x_wconf 91' lang='lat' dir='ltr'>concedi</span> <span class='ocrx_word' id='word_1_22' title='bbox 1846 771 1928 844; x_wconf 91' lang='lat' dir='ltr'>in</span> <span class='ocrx_word' id='word_1_23' title='bbox 1995 775 2338 848; x_wconf 86' lang='lat' dir='ltr'>actioni-</span> 
     </span>
     <span class='ocr_line' id='line_1_10' title="bbox 788 870 2340 981; baseline 0.015 -40"><span class='ocrx_word' id='word_1_24' title='bbox 788 870 933 944; x_wconf 85' lang='lat' dir='ltr'>bus</span> <span class='ocrx_word' id='word_1_25' title='bbox 1027 880 1514 969; x_wconf 80' lang='lat' dir='ltr'>specialibus</span> <span class='ocrx_word' id='word_1_26' title='bbox 1612 886 1836 960; x_wconf 88' lang='lat' dir='ltr'>circa</span> <span class='ocrx_word' id='word_1_27' title='bbox 1945 909 2340 981; x_wconf 72' lang='lat' dir='ltr'>personas</span> 
     </span>
     <span class='ocr_line' id='line_1_11' title="bbox 793 991 2343 1097; baseline 0.014 -38"><span class='ocrx_word' id='word_1_28' title='bbox 793 991 1214 1080; x_wconf 79' lang='lat' dir='ltr'>speciales,</span> <span class='ocrx_word' id='word_1_29' title='bbox 1305 1002 1385 1070; x_wconf 90' lang='lat' dir='ltr'>et</span> <span class='ocrx_word' id='word_1_30' title='bbox 1466 1002 1698 1074; x_wconf 91' lang='lat' dir='ltr'>modo</span> <span class='ocrx_word' id='word_1_31' title='bbox 1788 1006 2146 1097; x_wconf 89' lang='lat' dir='ltr'>speciali,</span> <span class='ocrx_word' id='word_1_32' title='bbox 2211 1010 2343 1081; x_wconf 87' lang='lat' dir='ltr'>sed</span> 
     </span>
     <span class='ocr_line' id='line_1_12' title="bbox 789 1109 2341 1208; baseline 0.012 -32"><span class='ocrx_word' id='word_1_33' title='bbox 789 1126 951 1178; x_wconf 90' lang='lat' dir='ltr'>non</span> <span class='ocrx_word' id='word_1_34' title='bbox 989 1109 1081 1181; x_wconf 88' lang='lat' dir='ltr'>de</span> <span class='ocrx_word' id='word_1_35' title='bbox 1123 1112 1576 1187; x_wconf 82' lang='lat' dir='ltr'>actionibus</span> <span class='ocrx_word' id='word_1_36' title='bbox 1611 1121 2129 1208; x_wconf 81' lang='lat' dir='ltr'>generalibus</span> <span class='ocrx_word' id='word_1_37' title='bbox 2162 1144 2341 1195; x_wconf 90' lang='lat' dir='ltr'>con-</span> 
     </span>
     <span class='ocr_line' id='line_1_13' title="bbox 787 1225 2344 1330; baseline 0.012 -36"><span class='ocrx_word' id='word_1_38' title='bbox 787 1225 1372 1302; x_wconf 82' lang='lat' dir='ltr'>comitantibus</span> <span class='ocrx_word' id='word_1_39' title='bbox 1485 1236 1837 1309; x_wconf 88' lang='lat' dir='ltr'>remedia</span> <span class='ocrx_word' id='word_1_40' title='bbox 1926 1241 2344 1330; x_wconf 87' lang='lat' dir='ltr'>generalia</span> 
     </span>
     <span class='ocr_line' id='line_1_14' title="bbox 790 1342 2344 1443; baseline 0.012 -32"><span class='ocrx_word' id='word_1_41' title='bbox 790 1342 1241 1418; x_wconf 88' lang='lat' dir='ltr'>constituta</span> <span class='ocrx_word' id='word_1_42' title='bbox 1284 1367 1433 1437; x_wconf 90' lang='lat' dir='ltr'>pro</span> <span class='ocrx_word' id='word_1_43' title='bbox 1478 1353 1651 1422; x_wconf 89' lang='lat' dir='ltr'>toto</span> <span class='ocrx_word' id='word_1_44' title='bbox 1714 1371 2006 1443; x_wconf 88' lang='lat' dir='ltr'>genere</span> <span class='ocrx_word' id='word_1_45' title='bbox 2068 1355 2344 1429; x_wconf 86' lang='lat' dir='ltr'>huma·</span> 
     </span>
     <span class='ocr_line' id='line_1_15' title="bbox 789 1458 2341 1557; baseline 0.012 -30"><span class='ocrx_word' id='word_1_46' title='bbox 789 1476 939 1539; x_wconf 92' lang='lat' dir='ltr'>no;</span> <span class='ocrx_word' id='word_1_47' title='bbox 988 1458 1170 1532; x_wconf 91' lang='lat' dir='ltr'>illas</span> <span class='ocrx_word' id='word_1_48' title='bbox 1212 1463 1424 1534; x_wconf 91' lang='lat' dir='ltr'>enim</span> <span class='ocrx_word' id='word_1_49' title='bbox 1490 1467 1989 1557; x_wconf 88' lang='lat' dir='ltr'>regulariter</span> <span class='ocrx_word' id='word_1_50' title='bbox 2053 1476 2341 1545; x_wconf 89' lang='lat' dir='ltr'>causat</span> 
     </span>
     <span class='ocr_line' id='line_1_16' title="bbox 795 1574 2336 1667; baseline 0.006 -24"><span class='ocrx_word' id='word_1_51' title='bbox 795 1592 977 1644; x_wconf 93' lang='lat' dir='ltr'>cum</span> <span class='ocrx_word' id='word_1_52' title='bbox 1040 1574 1236 1667; x_wconf 90' lang='lat' dir='ltr'>ipsis</span> <span class='ocrx_word' id='word_1_53' title='bbox 1293 1580 1666 1653; x_wconf 80' lang='lat' dir='ltr'>remediis</span> <span class='ocrx_word' id='word_1_54' title='bbox 1732 1603 1829 1655; x_wconf 91' lang='lat' dir='ltr'>ne</span> <span class='ocrx_word' id='word_1_55' title='bbox 1890 1584 2053 1657; x_wconf 89' lang='lat' dir='ltr'>sint</span> <span class='ocrx_word' id='word_1_56' title='bbox 2102 1605 2336 1657; x_wconf 80' lang='lat' dir='ltr'>vana.</span> 
     </span>
     <span class='ocr_line' id='line_1_17' title="bbox 886 1690 2342 1796; baseline 0.008 -34"><span class='ocrx_word' id='word_1_57' title='bbox 886 1690 1000 1763; x_wconf 90' lang='lat' dir='ltr'>Ad</span> <span class='ocrx_word' id='word_1_58' title='bbox 1055 1693 1449 1783; x_wconf 90' lang='lat' dir='ltr'>quintum,</span> <span class='ocrx_word' id='word_1_59' title='bbox 1522 1698 1712 1773; x_wconf 82' lang='lat' dir='ltr'>licet</span> <span class='ocrx_word' id='word_1_60' title='bbox 1774 1701 2342 1796; x_wconf 89' lang='lat' dir='ltr'>multipliciter</span> 
     </span>
     <span class='ocr_line' id='line_1_18' title="bbox 797 1807 2342 1896; baseline 0.009 -17"><span class='ocrx_word' id='word_1_61' title='bbox 797 1807 1117 1883; x_wconf 90' lang='lat' dir='ltr'>dicatur</span> <span class='ocrx_word' id='word_1_62' title='bbox 1164 1813 1253 1884; x_wconf 90' lang='lat' dir='ltr'>de</span> <span class='ocrx_word' id='word_1_63' title='bbox 1310 1814 1884 1892; x_wconf 89' lang='lat' dir='ltr'>indelebilitate</span> <span class='ocrx_word' id='word_1_64' title='bbox 1934 1821 2342 1896; x_wconf 83' lang='lat' dir='ltr'>characte-</span> 
     </span>
     <span class='ocr_line' id='line_1_19' title="bbox 798 1925 2335 2022; baseline 0.012 -27"><span class='ocrx_word' id='word_1_65' title='bbox 798 1925 937 2011; x_wconf 91' lang='lat' dir='ltr'>ris,</span> <span class='ocrx_word' id='word_1_66' title='bbox 988 1947 1131 1999; x_wconf 91' lang='lat' dir='ltr'>nec</span> <span class='ocrx_word' id='word_1_67' title='bbox 1175 1929 1282 2003; x_wconf 90' lang='lat' dir='ltr'>sit</span> <span class='ocrx_word' id='word_1_68' title='bbox 1329 1932 1670 2004; x_wconf 90' lang='lat' dir='ltr'>multum</span> <span class='ocrx_word' id='word_1_69' title='bbox 1716 1936 1913 2009; x_wconf 91' lang='lat' dir='ltr'>utile</span> <span class='ocrx_word' id='word_1_70' title='bbox 1957 1939 2335 2022; x_wconf 90' lang='lat' dir='ltr'>recitare,</span> 
     </span>
     <span class='ocr_line' id='line_1_20' title="bbox 790 2041 2339 2140; baseline 0.011 -28"><span class='ocrx_word' id='word_1_71' title='bbox 790 2041 1151 2115; x_wconf 85' lang='lat' dir='ltr'>breviter</span> <span class='ocrx_word' id='word_1_72' title='bbox 1228 2046 1427 2129; x_wconf 89' lang='lat' dir='ltr'>dico,</span> <span class='ocrx_word' id='word_1_73' title='bbox 1496 2052 1700 2140; x_wconf 91' lang='lat' dir='ltr'>quod</span> <span class='ocrx_word' id='word_1_74' title='bbox 1770 2052 1992 2126; x_wconf 90' lang='lat' dir='ltr'>nulla</span> <span class='ocrx_word' id='word_1_75' title='bbox 2070 2054 2339 2129; x_wconf 84' lang='lat' dir='ltr'>forma</span> 
     </span>
     <span class='ocr_line' id='line_1_21' title="bbox 795 2163 2337 2250; baseline 0.012 -22"><span class='ocrx_word' id='word_1_76' title='bbox 795 2164 1058 2250; x_wconf 89' lang='lat' dir='ltr'>potest</span> <span class='ocrx_word' id='word_1_77' title='bbox 1110 2182 1287 2235; x_wconf 85' lang='lat' dir='ltr'>esse</span> <span class='ocrx_word' id='word_1_78' title='bbox 1341 2163 1418 2234; x_wconf 90' lang='lat' dir='ltr'>in</span> <span class='ocrx_word' id='word_1_79' title='bbox 1470 2166 1743 2238; x_wconf 90' lang='lat' dir='ltr'>anima</span> <span class='ocrx_word' id='word_1_80' title='bbox 1795 2171 1959 2241; x_wconf 89' lang='lat' dir='ltr'>alia</span> <span class='ocrx_word' id='word_1_81' title='bbox 2023 2173 2121 2244; x_wconf 85' lang='lat' dir='ltr'>ab</span> <span class='ocrx_word' id='word_1_82' title='bbox 2173 2175 2337 2247; x_wconf 89' lang='lat' dir='ltr'>ani-</span> 
     </span>
     <span class='ocr_line' id='line_1_22' title="bbox 792 2286 2338 2375; baseline 0.012 -30"><span class='ocrx_word' id='word_1_83' title='bbox 792 2295 945 2357; x_wconf 90' lang='lat' dir='ltr'>ma,</span> <span class='ocrx_word' id='word_1_84' title='bbox 1017 2298 1259 2369; x_wconf 92' lang='lat' dir='ltr'>quam</span> <span class='ocrx_word' id='word_1_85' title='bbox 1349 2301 1506 2352; x_wconf 91' lang='lat' dir='ltr'>non</span> <span class='ocrx_word' id='word_1_86' title='bbox 1598 2286 1858 2375; x_wconf 88' lang='lat' dir='ltr'>possit</span> <span class='ocrx_word' id='word_1_87' title='bbox 1946 2289 2160 2361; x_wconf 91' lang='lat' dir='ltr'>Deus</span> <span class='ocrx_word' id='word_1_88' title='bbox 2247 2292 2338 2363; x_wconf 91' lang='lat' dir='ltr'>de</span> 
     </span>
     <span class='ocr_line' id='line_1_23' title="bbox 786 2393 2336 2484; baseline 0.01 -22"><span class='ocrx_word' id='word_1_89' title='bbox 786 2393 1149 2484; x_wconf 90' lang='lat' dir='ltr'>potentia</span> <span class='ocrx_word' id='word_1_90' title='bbox 1241 2395 1617 2471; x_wconf 90' lang='lat' dir='ltr'>absoluta</span> <span class='ocrx_word' id='word_1_91' title='bbox 1720 2400 2009 2484; x_wconf 92' lang='lat' dir='ltr'>delere,</span> <span class='ocrx_word' id='word_1_92' title='bbox 2123 2405 2336 2479; x_wconf 88' lang='lat' dir='ltr'>sicut</span> 
     </span>
     <span class='ocr_line' id='line_1_24' title="bbox 781 2511 2337 2605; baseline 0.009 -27"><span class='ocrx_word' id='word_1_93' title='bbox 781 2511 1192 2599; x_wconf 72' lang='lat' dir='ltr'>posterius</span> <span class='ocrx_word' id='word_1_94' title='bbox 1222 2532 1268 2581; x_wconf 91' lang='lat' dir='ltr'>a</span> <span class='ocrx_word' id='word_1_95' title='bbox 1305 2512 1791 2605; x_wconf 90' lang='lat' dir='ltr'>priori,quia</span> <span class='ocrx_word' id='word_1_96' title='bbox 1819 2516 1897 2588; x_wconf 92' lang='lat' dir='ltr'>in</span> <span class='ocrx_word' id='word_1_97' title='bbox 1932 2516 2081 2591; x_wconf 89' lang='lat' dir='ltr'>hoc</span> <span class='ocrx_word' id='word_1_98' title='bbox 2105 2521 2337 2592; x_wconf 86' lang='lat' dir='ltr'>nulla</span> 
     </span>
     <span class='ocr_line' id='line_1_25' title="bbox 779 2628 2333 2715; baseline 0.01 -21"><span class='ocrx_word' id='word_1_99' title='bbox 779 2628 1048 2715; x_wconf 89' lang='lat' dir='ltr'>potest</span> <span class='ocrx_word' id='word_1_100' title='bbox 1125 2628 1474 2701; x_wconf 88' lang='lat' dir='ltr'>inveniri</span> <span class='ocrx_word' id='word_1_101' title='bbox 1523 2633 2097 2707; x_wconf 64' lang='lat' dir='ltr'>contradictio.</span> <span class='ocrx_word' id='word_1_102' title='bbox 2192 2638 2333 2710; x_wconf 88' lang='lat' dir='ltr'>Sed</span> 
     </span>
     <span class='ocr_line' id='line_1_26' title="bbox 774 2739 2322 2837; baseline 0.009 -26"><span class='ocrx_word' id='word_1_103' title='bbox 774 2739 1230 2826; x_wconf 87' lang='lat' dir='ltr'>character,</span> <span class='ocrx_word' id='word_1_104' title='bbox 1307 2745 1375 2817; x_wconf 90' lang='lat' dir='ltr'>si</span> <span class='ocrx_word' id='word_1_105' title='bbox 1440 2752 1819 2837; x_wconf 91' lang='lat' dir='ltr'>ponatur,</span> <span class='ocrx_word' id='word_1_106' title='bbox 1874 2749 2025 2823; x_wconf 90' lang='lat' dir='ltr'>hoc</span> <span class='ocrx_word' id='word_1_107' title='bbox 2086 2754 2322 2825; x_wconf 88' lang='lat' dir='ltr'>modo</span> 
     </span>
     <span class='ocr_line' id='line_1_27' title="bbox 769 2856 2330 2957; baseline 0.008 -29"><span class='ocrx_word' id='word_1_108' title='bbox 769 2862 892 2930; x_wconf 93' lang='lat' dir='ltr'>est</span> <span class='ocrx_word' id='word_1_109' title='bbox 962 2856 1436 2942; x_wconf 88' lang='lat' dir='ltr'>indelebilis,</span> <span class='ocrx_word' id='word_1_110' title='bbox 1523 2883 1665 2935; x_wconf 91' lang='lat' dir='ltr'>nec</span> <span class='ocrx_word' id='word_1_111' title='bbox 1740 2869 2010 2957; x_wconf 90' lang='lat' dir='ltr'>potest</span> <span class='ocrx_word' id='word_1_112' title='bbox 2079 2868 2330 2941; x_wconf 91' lang='lat' dir='ltr'>deleri</span> 
     </span>
     <span class='ocr_line' id='line_1_28' title="bbox 770 2974 2333 3072; baseline 0.008 -26"><span class='ocrx_word' id='word_1_113' title='bbox 770 2974 917 3049; x_wconf 91' lang='lat' dir='ltr'>hoc</span> <span class='ocrx_word' id='word_1_114' title='bbox 993 2981 1249 3061; x_wconf 89' lang='lat' dir='ltr'>modo,</span> <span class='ocrx_word' id='word_1_115' title='bbox 1308 2981 1497 3072; x_wconf 92' lang='lat' dir='ltr'>quia</span> <span class='ocrx_word' id='word_1_116' title='bbox 1531 3003 1675 3057; x_wconf 89' lang='lat' dir='ltr'>nec</span> <span class='ocrx_word' id='word_1_117' title='bbox 1711 2984 2019 3058; x_wconf 87' lang='lat' dir='ltr'>virtute</span> <span class='ocrx_word' id='word_1_118' title='bbox 2088 2987 2333 3059; x_wconf 84' lang='lat' dir='ltr'>alicu-</span> 
     </span>
     <span class='ocr_line' id='line_1_29' title="bbox 761 3091 2330 3193; baseline 0.008 -31"><span class='ocrx_word' id='word_1_119' title='bbox 761 3091 896 3185; x_wconf 90' lang='lat' dir='ltr'>jus</span> <span class='ocrx_word' id='word_1_120' title='bbox 930 3101 1630 3192; x_wconf 62' lang='lat' dir='ltr'>creaturaepatet,</span> <span class='ocrx_word' id='word_1_121' title='bbox 1686 3098 1872 3193; x_wconf 85' lang='lat' dir='ltr'>quia</span> <span class='ocrx_word' id='word_1_122' title='bbox 1905 3106 2029 3177; x_wconf 88' lang='lat' dir='ltr'>est</span> <span class='ocrx_word' id='word_1_123' title='bbox 2061 3103 2330 3176; x_wconf 86' lang='lat' dir='ltr'>forma</span> 
     </span>
     <span class='ocr_line' id='line_1_30' title="bbox 773 3213 2330 3308; baseline 0.008 -30"><span class='ocrx_word' id='word_1_124' title='bbox 773 3213 1453 3300; x_wconf 87' lang='lat' dir='ltr'>supernaturalis.</span> <span class='ocrx_word' id='word_1_125' title='bbox 1502 3216 1665 3285; x_wconf 90' lang='lat' dir='ltr'>Nec</span> <span class='ocrx_word' id='word_1_126' title='bbox 1702 3219 1968 3308; x_wconf 91' lang='lat' dir='ltr'>potest</span> <span class='ocrx_word' id='word_1_127' title='bbox 2018 3217 2330 3291; x_wconf 84' lang='lat' dir='ltr'>virtute</span> 
     </span>
     <span class='ocr_line' id='line_1_31' title="bbox 771 3324 2328 3425; baseline 0.006 -30"><span class='ocrx_word' id='word_1_128' title='bbox 771 3324 1043 3399; x_wconf 85' lang='lat' dir='ltr'>divina</span> <span class='ocrx_word' id='word_1_129' title='bbox 1083 3328 1332 3401; x_wconf 90' lang='lat' dir='ltr'>deleri</span> <span class='ocrx_word' id='word_1_130' title='bbox 1364 3331 1456 3403; x_wconf 87' lang='lat' dir='ltr'>de</span> <span class='ocrx_word' id='word_1_131' title='bbox 1500 3331 1866 3424; x_wconf 89' lang='lat' dir='ltr'>potentia</span> <span class='ocrx_word' id='word_1_132' title='bbox 1902 3333 2076 3425; x_wconf 90' lang='lat' dir='ltr'>ejus</span> <span class='ocrx_word' id='word_1_133' title='bbox 2124 3334 2328 3405; x_wconf 89' lang='lat' dir='ltr'>ordi·</span> 
     </span>
     <span class='ocr_line' id='line_1_32' title="bbox 773 3444 2328 3536; baseline 0.007 -24"><span class='ocrx_word' id='word_1_134' title='bbox 773 3444 989 3524; x_wconf 88' lang='lat' dir='ltr'>nata,</span> <span class='ocrx_word' id='word_1_135' title='bbox 1043 3445 1230 3536; x_wconf 89' lang='lat' dir='ltr'>quia</span> <span class='ocrx_word' id='word_1_136' title='bbox 1302 3448 1709 3521; x_wconf 88' lang='lat' dir='ltr'>ordinavit</span> <span class='ocrx_word' id='word_1_137' title='bbox 1776 3450 2085 3523; x_wconf 90' lang='lat' dir='ltr'>nullam</span> <span class='ocrx_word' id='word_1_138' title='bbox 2158 3451 2328 3523; x_wconf 86' lang='lat' dir='ltr'>for-</span> 
     </span>
     <span class='ocr_line' id='line_1_33' title="bbox 776 3564 2324 3654; baseline 0.007 -26"><span class='ocrx_word' id='word_1_139' title='bbox 776 3577 990 3630; x_wconf 90' lang='lat' dir='ltr'>mam</span> <span class='ocrx_word' id='word_1_140' title='bbox 1053 3564 1771 3654; x_wconf 86' lang='lat' dir='ltr'>supernaturalem</span> <span class='ocrx_word' id='word_1_141' title='bbox 1832 3565 2121 3647; x_wconf 89' lang='lat' dir='ltr'>delere,</span> <span class='ocrx_word' id='word_1_142' title='bbox 2168 3568 2324 3639; x_wconf 91' lang='lat' dir='ltr'>nisi</span> 
     </span>
     <span class='ocr_line' id='line_1_34' title="bbox 773 3679 2325 3770; baseline 0.008 -26"><span class='ocrx_word' id='word_1_143' title='bbox 773 3681 1112 3766; x_wconf 91' lang='lat' dir='ltr'>propter</span> <span class='ocrx_word' id='word_1_144' title='bbox 1160 3679 1482 3770; x_wconf 88' lang='lat' dir='ltr'>aliquod</span> <span class='ocrx_word' id='word_1_145' title='bbox 1542 3680 2031 3755; x_wconf 83' lang='lat' dir='ltr'>demeritum</span> <span class='ocrx_word' id='word_1_146' title='bbox 2078 3682 2325 3756; x_wconf 85' lang='lat' dir='ltr'>inhae—</span> 
     </span>
     <span class='ocr_line' id='line_1_35' title="bbox 771 3795 2329 3890; baseline 0.007 -27"><span class='ocrx_word' id='word_1_147' title='bbox 771 3813 956 3864; x_wconf 90' lang='lat' dir='ltr'>rens</span> <span class='ocrx_word' id='word_1_148' title='bbox 1023 3795 1340 3876; x_wconf 86' lang='lat' dir='ltr'>animae;</span> <span class='ocrx_word' id='word_1_149' title='bbox 1382 3803 1752 3890; x_wconf 90' lang='lat' dir='ltr'>respectu</span> <span class='ocrx_word' id='word_1_150' title='bbox 1827 3804 2100 3873; x_wconf 88' lang='lat' dir='ltr'>autem</span> <span class='ocrx_word' id='word_1_151' title='bbox 2144 3800 2329 3874; x_wconf 86' lang='lat' dir='ltr'>cha—</span> 
     </span>
     <span class='ocr_line' id='line_1_36' title="bbox 770 3913 2318 4009; baseline 0.008 -30"><span class='ocrx_word' id='word_1_152' title='bbox 770 3914 1109 3983; x_wconf 88' lang='lat' dir='ltr'>racteris</span> <span class='ocrx_word' id='word_1_153' title='bbox 1177 3913 1483 3985; x_wconf 88' lang='lat' dir='ltr'>delendi</span> <span class='ocrx_word' id='word_1_154' title='bbox 1557 3915 1779 3986; x_wconf 91' lang='lat' dir='ltr'>nulla</span> <span class='ocrx_word' id='word_1_155' title='bbox 1854 3922 2121 4009; x_wconf 90' lang='lat' dir='ltr'>potest</span> <span class='ocrx_word' id='word_1_156' title='bbox 2207 3939 2318 3991; x_wconf 89' lang='lat' dir='ltr'>es-</span> 
     </span>
     <span class='ocr_line' id='line_1_37' title="bbox 768 4028 2321 4113; baseline 0.008 -18"><span class='ocrx_word' id='word_1_157' title='bbox 768 4046 851 4096; x_wconf 88' lang='lat' dir='ltr'>se</span> <span class='ocrx_word' id='word_1_158' title='bbox 891 4045 1139 4098; x_wconf 89' lang='lat' dir='ltr'>causa</span> <span class='ocrx_word' id='word_1_159' title='bbox 1197 4028 1752 4113; x_wconf 86' lang='lat' dir='ltr'>demeritoria;</span> <span class='ocrx_word' id='word_1_160' title='bbox 1825 4053 2010 4103; x_wconf 90' lang='lat' dir='ltr'>cum</span> <span class='ocrx_word' id='word_1_161' title='bbox 2105 4034 2321 4108; x_wconf 90' lang='lat' dir='ltr'>enim</span> 
     </span>
     <span class='ocr_line' id='line_1_38' title="bbox 767 4140 2319 4239; baseline 0.007 -26"><span class='ocrx_word' id='word_1_162' title='bbox 767 4140 1280 4235; x_wconf 87' lang='lat' dir='ltr'>imprimitur</span> <span class='ocrx_word' id='word_1_163' title='bbox 1321 4145 1401 4216; x_wconf 90' lang='lat' dir='ltr'>in</span> <span class='ocrx_word' id='word_1_164' title='bbox 1437 4149 1620 4219; x_wconf 92' lang='lat' dir='ltr'>actu</span> <span class='ocrx_word' id='word_1_165' title='bbox 1659 4148 2035 4239; x_wconf 89' lang='lat' dir='ltr'>peccandi</span> <span class='ocrx_word' id='word_1_166' title='bbox 2110 4171 2319 4223; x_wconf 92' lang='lat' dir='ltr'>mor-</span> 
     </span>
     <span class='ocr_line' id='line_1_39' title="bbox 766 4258 2320 4358; baseline 0.005 -26"><span class='ocrx_word' id='word_1_167' title='bbox 766 4258 1053 4333; x_wconf 85' lang='lat' dir='ltr'>taliter</span> <span class='ocrx_word' id='word_1_168' title='bbox 1083 4260 1283 4332; x_wconf 91' lang='lat' dir='ltr'>nihil</span> <span class='ocrx_word' id='word_1_169' title='bbox 1317 4268 1586 4354; x_wconf 90' lang='lat' dir='ltr'>potest</span> <span class='ocrx_word' id='word_1_170' title='bbox 1629 4265 2028 4337; x_wconf 89' lang='lat' dir='ltr'>demereri</span> <span class='ocrx_word' id='word_1_171' title='bbox 2057 4266 2320 4358; x_wconf 89' lang='lat' dir='ltr'>ipsum</span> 
     </span>
     <span class='ocr_line' id='line_1_40' title="bbox 772 4375 2323 4455; baseline 0.006 -8"><span class='ocrx_word' id='word_1_172' title='bbox 772 4375 976 4448; x_wconf 90' lang='lat' dir='ltr'>tolli.</span> <span class='ocrx_word' id='word_1_173' title='bbox 1052 4378 1205 4450; x_wconf 87' lang='lat' dir='ltr'>Hic</span> <span class='ocrx_word' id='word_1_174' title='bbox 1272 4382 1469 4451; x_wconf 89' lang='lat' dir='ltr'>nota</span> <span class='ocrx_word' id='word_1_175' title='bbox 1557 4385 1852 4454; x_wconf 90' lang='lat' dir='ltr'>contra</span> <span class='ocrx_word' id='word_1_176' title='bbox 1921 4384 2012 4455; x_wconf 89' lang='lat' dir='ltr'>D.</span> <span class='ocrx_word' id='word_1_177' title='bbox 2121 4384 2323 4455; x_wconf 57' lang='lat' dir='ltr'>Thoe</span> 
     </span>
     <span class='ocr_line' id='line_1_41' title="bbox 768 4495 2318 4590; baseline 0.006 -27"><span class='ocrx_word' id='word_1_178' title='bbox 768 4512 1008 4573; x_wconf 90' lang='lat' dir='ltr'>mam,</span> <span class='ocrx_word' id='word_1_179' title='bbox 1110 4495 1315 4585; x_wconf 90' lang='lat' dir='ltr'>quod</span> <span class='ocrx_word' id='word_1_180' title='bbox 1375 4517 1534 4567; x_wconf 91' lang='lat' dir='ltr'>non</span> <span class='ocrx_word' id='word_1_181' title='bbox 1603 4496 1707 4568; x_wconf 88' lang='lat' dir='ltr'>sit</span> <span class='ocrx_word' id='word_1_182' title='bbox 1781 4518 2083 4590; x_wconf 84' lang='lat' dir='ltr'>ponere</span> <span class='ocrx_word' id='word_1_183' title='bbox 2152 4501 2318 4573; x_wconf 83' lang='lat' dir='ltr'>vir-</span> 
     </span>
     <span class='ocr_line' id='line_1_42' title="bbox 761 4611 2315 4706; baseline 0.006 -25"><span class='ocrx_word' id='word_1_184' title='bbox 761 4612 1020 4682; x_wconf 88' lang='lat' dir='ltr'>tutem</span> <span class='ocrx_word' id='word_1_185' title='bbox 1133 4611 1494 4702; x_wconf 88' lang='lat' dir='ltr'>aliquam</span> <span class='ocrx_word' id='word_1_186' title='bbox 1595 4617 2315 4706; x_wconf 88' lang='lat' dir='ltr'>supernaturalem</span> 
     </span>
     <span class='ocr_line' id='line_1_43' title="bbox 760 4723 2314 4824; baseline 0.006 -28"><span class='ocrx_word' id='word_1_187' title='bbox 760 4723 840 4796; x_wconf 91' lang='lat' dir='ltr'>in</span> <span class='ocrx_word' id='word_1_188' title='bbox 896 4729 1451 4810; x_wconf 76' lang='lat' dir='ltr'>sacramento,</span> <span class='ocrx_word' id='word_1_189' title='bbox 1492 4730 1680 4821; x_wconf 92' lang='lat' dir='ltr'>quia</span> <span class='ocrx_word' id='word_1_190' title='bbox 1718 4729 1855 4802; x_wconf 91' lang='lat' dir='ltr'>illa</span> <span class='ocrx_word' id='word_1_191' title='bbox 1904 4751 2314 4824; x_wconf 91' lang='lat' dir='ltr'>nunquam</span> 
     </span>
     <span class='ocr_line' id='line_1_44' title="bbox 761 4844 2313 4941; baseline 0.006 -28"><span class='ocrx_word' id='word_1_192' title='bbox 761 4846 1034 4934; x_wconf 89' lang='lat' dir='ltr'>posset</span> <span class='ocrx_word' id='word_1_193' title='bbox 1071 4844 1493 4937; x_wconf 90' lang='lat' dir='ltr'>corrumpi</span> <span class='ocrx_word' id='word_1_194' title='bbox 1530 4846 1807 4918; x_wconf 90' lang='lat' dir='ltr'>eodem</span> <span class='ocrx_word' id='word_1_195' title='bbox 1853 4849 2111 4925; x_wconf 83' lang='lat' dir='ltr'>modo,</span> <span class='ocrx_word' id='word_1_196' title='bbox 2159 4870 2313 4941; x_wconf 90' lang='lat' dir='ltr'>quo</span> 
     </span>
     <span class='ocr_line' id='line_1_45' title="bbox 761 4958 2195 5056; baseline 0.001 -25"><span class='ocrx_word' id='word_1_197' title='bbox 761 4958 1328 5032; x_wconf 87' lang='lat' dir='ltr'>characterem</span> <span class='ocrx_word' id='word_1_198' title='bbox 1386 4960 1891 5033; x_wconf 91' lang='lat' dir='ltr'>indelebilem</span> <span class='ocrx_word' id='word_1_199' title='bbox 1943 4964 2195 5056; x_wconf 93' lang='lat' dir='ltr'>ponit.</span> 
     </span>
     <span class='ocr_line' id='line_1_46' title="bbox 859 5076 2301 5173; baseline 0.003 -25"><span class='ocrx_word' id='word_1_200' title='bbox 859 5077 971 5149; x_wconf 88' lang='lat' dir='ltr'>Ad</span> <span class='ocrx_word' id='word_1_201' title='bbox 1005 5076 1368 5150; x_wconf 91' lang='lat' dir='ltr'>rationes</span> <span class='ocrx_word' id='word_1_202' title='bbox 1439 5077 1962 5171; x_wconf 86' lang='lat' dir='ltr'>principales.</span> <span class='ocrx_word' id='word_1_203' title='bbox 1998 5082 2103 5153; x_wconf 87' lang='lat' dir='ltr'>Ad</span> <span class='ocrx_word' id='word_1_204' title='bbox 2141 5083 2301 5173; x_wconf 91' lang='lat' dir='ltr'>pri-</span> 
     </span>
     <span class='ocr_line' id='line_1_47' title="bbox 765 5195 2313 5290; baseline 0.005 -27"><span class='ocrx_word' id='word_1_205' title='bbox 765 5213 980 5265; x_wconf 88' lang='lat' dir='ltr'>mam</span> <span class='ocrx_word' id='word_1_206' title='bbox 1043 5195 1410 5269; x_wconf 90' lang='lat' dir='ltr'>concedit</span> <span class='ocrx_word' id='word_1_207' title='bbox 1453 5195 1655 5268; x_wconf 91' lang='lat' dir='ltr'>idem</span> <span class='ocrx_word' id='word_1_208' title='bbox 1706 5196 2057 5269; x_wconf 88' lang='lat' dir='ltr'>Thomas</span> <span class='ocrx_word' id='word_1_209' title='bbox 2107 5199 2313 5290; x_wconf 92' lang='lat' dir='ltr'>quod</span> 
     </span>
     <span class='ocr_line' id='line_1_48' title="bbox 763 5310 2313 5406; baseline 0.001 -20"><span class='ocrx_word' id='word_1_210' title='bbox 763 5310 1302 5386; x_wconf 89' lang='lat' dir='ltr'>Circumcisio</span> <span class='ocrx_word' id='word_1_211' title='bbox 1366 5332 1527 5384; x_wconf 94' lang='lat' dir='ltr'>non</span> <span class='ocrx_word' id='word_1_212' title='bbox 1570 5313 1990 5406; x_wconf 87' lang='lat' dir='ltr'>impressit</span> <span class='ocrx_word' id='word_1_213' title='bbox 2031 5313 2313 5387; x_wconf 84' lang='lat' dir='ltr'>chara-</span> 
     </span>
     <span class='ocr_line' id='line_1_49' title="bbox 757 5431 2309 5510; baseline 0.002 -11"><span class='ocrx_word' id='word_1_214' title='bbox 757 5431 1185 5510; x_wconf 90' lang='lat' dir='ltr'>cterem,et</span> <span class='ocrx_word' id='word_1_215' title='bbox 1227 5432 1416 5502; x_wconf 93' lang='lat' dir='ltr'>tunc</span> <span class='ocrx_word' id='word_1_216' title='bbox 1451 5434 1739 5503; x_wconf 90' lang='lat' dir='ltr'>contra</span> <span class='ocrx_word' id='word_1_217' title='bbox 1777 5452 1962 5503; x_wconf 89' lang='lat' dir='ltr'>eum</span> <span class='ocrx_word' id='word_1_218' title='bbox 2005 5435 2129 5504; x_wconf 89' lang='lat' dir='ltr'>est</span> <span class='ocrx_word' id='word_1_219' title='bbox 2181 5451 2309 5502; x_wconf 89' lang='lat' dir='ltr'>ar-</span> 
     </span>
     <span class='ocr_line' id='line_1_50' title="bbox 760 5545 2310 5636; baseline 0.003 -22"><span class='ocrx_word' id='word_1_220' title='bbox 760 5549 1235 5635; x_wconf 91' lang='lat' dir='ltr'>gumentum</span> <span class='ocrx_word' id='word_1_221' title='bbox 1273 5545 1353 5617; x_wconf 92' lang='lat' dir='ltr'>in</span> <span class='ocrx_word' id='word_1_222' title='bbox 1394 5561 1618 5636; x_wconf 78' lang='lat' dir='ltr'>quoest.</span> <span class='ocrx_word' id='word_1_223' title='bbox 1666 5551 1728 5619; x_wconf 91' lang='lat'>1.</span> <span class='ocrx_word' id='word_1_224' title='bbox 1809 5547 1901 5619; x_wconf 88' lang='lat' dir='ltr'>de</span> <span class='ocrx_word' id='word_1_225' title='bbox 1949 5545 2310 5620; x_wconf 85' lang='lat' dir='ltr'>efficacia</span> 
     </span>
    </p>
   </div>
   <div class='ocr_carea' id='block_1_7' title="bbox 1961 381 2870 454">
    <p class='ocr_par' dir='ltr' id='par_1_7' title="bbox 1961 381 2870 454">
     <span class='ocr_line' id='line_1_51' title="bbox 1961 381 2870 454; baseline 0.014 -13"><span class='ocrx_word' id='word_1_226' title='bbox 1961 381 2105 444; x_wconf 73' lang='grc' dir='ltr'>ΜΒ.</span> <span class='ocrx_word' id='word_1_227' title='bbox 2142 384 2240 444; x_wconf 81' lang='lat' dir='ltr'>lv.</span> <span class='ocrx_word' id='word_1_228' title='bbox 2272 385 2870 454; x_wconf 71' lang='lat' dir='ltr'>SENTENTl-ARUM</span> 
     </span>
    </p>
   </div>
   <div class='ocr_carea' id='block_1_8' title="bbox 2424 550 4102 5318">
    <p class='ocr_par' dir='ltr' id='par_1_8' title="bbox 2429 550 4102 4882">
     <span class='ocr_line' id='line_1_52' title="bbox 2455 550 3926 654; baseline 0.014 -34"><span class='ocrx_word' id='word_1_229' title='bbox 2455 550 2965 626; x_wconf 88' lang='lat' dir='ltr'>Sacramenti</span> <span class='ocrx_word' id='word_1_230' title='bbox 3004 563 3374 650; x_wconf 88' lang='lat' dir='ltr'>respectu</span> <span class='ocrx_word' id='word_1_231' title='bbox 3422 563 3731 651; x_wconf 86' lang='lat' dir='ltr'>gratiae;</span> <span class='ocrx_word' id='word_1_232' title='bbox 3763 568 3926 654; x_wconf 85' lang='lat' dir='ltr'>ponit</span> 
     </span>
     <span class='ocr_line' id='line_1_53' title="bbox 2452 663 3925 760; baseline 0.015 -28"><span class='ocrx_word' id='word_1_233' title='bbox 2452 663 2667 736; x_wconf 90' lang='lat' dir='ltr'>enim</span> <span class='ocrx_word' id='word_1_234' title='bbox 2747 671 2948 760; x_wconf 89' lang='lat' dir='ltr'>quod</span> <span class='ocrx_word' id='word_1_235' title='bbox 3024 693 3185 744; x_wconf 91' lang='lat' dir='ltr'>non</span> <span class='ocrx_word' id='word_1_236' title='bbox 3250 674 3491 749; x_wconf 86' lang='lat' dir='ltr'>habet</span> <span class='ocrx_word' id='word_1_237' title='bbox 3558 677 3925 754; x_wconf 82' lang='lat' dir='ltr'>efficaciam</span> 
     </span>
     <span class='ocr_line' id='line_1_54' title="bbox 2457 788 3923 885; baseline 0.015 -36"><span class='ocrx_word' id='word_1_238' title='bbox 2457 788 2827 873; x_wconf 89' lang='lat' dir='ltr'>respectu</span> <span class='ocrx_word' id='word_1_239' title='bbox 2934 790 3270 879; x_wconf 76' lang='lat' dir='ltr'>gratiae,</span> <span class='ocrx_word' id='word_1_240' title='bbox 3364 792 3524 865; x_wconf 88' lang='lat' dir='ltr'>nisi</span> <span class='ocrx_word' id='word_1_241' title='bbox 3618 795 3778 885; x_wconf 89' lang='lat' dir='ltr'>quia</span> <span class='ocrx_word' id='word_1_242' title='bbox 3839 805 3923 871; x_wconf 81' lang='lat' dir='ltr'>cst</span> 
     </span>
     <span class='ocr_line' id='line_1_55' title="bbox 2458 895 3927 1004; baseline 0.012 -37"><span class='ocrx_word' id='word_1_243' title='bbox 2458 895 3094 975; x_wconf 89' lang='lat' dir='ltr'>instrumentum</span> <span class='ocrx_word' id='word_1_244' title='bbox 3179 913 3554 1001; x_wconf 89' lang='lat' dir='ltr'>respectu</span> <span class='ocrx_word' id='word_1_245' title='bbox 3589 912 3927 1004; x_wconf 83' lang='lat' dir='ltr'>cujusdam</span> 
     </span>
     <span class='ocr_line' id='line_1_56' title="bbox 2454 1003 3927 1107; baseline 0.014 -32"><span class='ocrx_word' id='word_1_246' title='bbox 2454 1003 3012 1098; x_wconf 87' lang='lat' dir='ltr'>dispositionis</span> <span class='ocrx_word' id='word_1_247' title='bbox 3118 1015 3213 1086; x_wconf 91' lang='lat' dir='ltr'>ad</span> <span class='ocrx_word' id='word_1_248' title='bbox 3299 1017 3679 1107; x_wconf 84' lang='lat' dir='ltr'>gratiam.</span> <span class='ocrx_word' id='word_1_249' title='bbox 3780 1022 3927 1094; x_wconf 81' lang='lat' dir='ltr'>Dico</span> 
     </span>
     <span class='ocr_line' id='line_1_57' title="bbox 2454 1119 4096 1225; baseline 0.012 -43"><span class='ocrx_word' id='word_1_250' title='bbox 2454 1131 2679 1203; x_wconf 89' lang='lat' dir='ltr'>ergo,</span> <span class='ocrx_word' id='word_1_251' title='bbox 2745 1119 2948 1207; x_wconf 93' lang='lat' dir='ltr'>quod</span> <span class='ocrx_word' id='word_1_252' title='bbox 3023 1123 3354 1195; x_wconf 90' lang='lat' dir='ltr'>concedi</span> <span class='ocrx_word' id='word_1_253' title='bbox 3415 1131 3680 1217; x_wconf 87' lang='lat' dir='ltr'>potest</span> <span class='ocrx_word' id='word_1_254' title='bbox 3706 1129 3786 1199; x_wconf 86' lang='lat' dir='ltr'>de</span> <span class='ocrx_word' id='word_1_255' title='bbox 3810 1128 4096 1225; x_wconf 46' lang='grc' dir='ltr'>ΟἰΡ-ςῖζξ</span> 
     </span>
     <span class='ocr_line' id='line_1_58' title="bbox 2455 1225 4096 1353; baseline 0.012 -60"><span class='ocrx_word' id='word_1_256' title='bbox 2455 1225 2977 1311; x_wconf 90' lang='lat' dir='ltr'>cumcisione,</span> <span class='ocrx_word' id='word_1_257' title='bbox 3045 1232 3250 1322; x_wconf 89' lang='lat' dir='ltr'>quod</span> <span class='ocrx_word' id='word_1_258' title='bbox 3310 1232 3417 1307; x_wconf 89' lang='lat' dir='ltr'>ibi</span> <span class='ocrx_word' id='word_1_259' title='bbox 3497 1237 4096 1353; x_wconf 47' lang='lat' dir='ltr'>imprimeba-[3133²</span> 
     </span>
     <span class='ocr_line' id='line_1_59' title="bbox 2458 1331 4094 1437; baseline 0.015 -39"><span class='ocrx_word' id='word_1_260' title='bbox 2458 1331 2597 1399; x_wconf 91' lang='lat' dir='ltr'>tur</span> <span class='ocrx_word' id='word_1_261' title='bbox 2708 1331 3146 1410; x_wconf 87' lang='lat' dir='ltr'>character</span> <span class='ocrx_word' id='word_1_262' title='bbox 3213 1339 3539 1435; x_wconf 84' lang='lat' dir='ltr'>aliquis,</span> <span class='ocrx_word' id='word_1_263' title='bbox 3618 1345 3806 1418; x_wconf 85' lang='lat' dir='ltr'>sicut</span> <span class='ocrx_word' id='word_1_264' title='bbox 3875 1349 3928 1418; x_wconf 91' lang='lat' dir='ltr'>in</span> <span class='ocrx_word' id='word_1_265' title='bbox 3966 1338 4094 1437; x_wconf 51' lang='lat' dir='ltr'>isia</span> 
     </span>
     <span class='ocr_line' id='line_1_60' title="bbox 2456 1430 4098 1544; baseline 0.016 -42"><span class='ocrx_word' id='word_1_266' title='bbox 2456 1435 2911 1529; x_wconf 82' lang='lat' dir='ltr'>BaptismO,</span> <span class='ocrx_word' id='word_1_267' title='bbox 2982 1443 3096 1517; x_wconf 91' lang='lat' dir='ltr'>ita</span> <span class='ocrx_word' id='word_1_268' title='bbox 3199 1447 3415 1519; x_wconf 89' lang='lat' dir='ltr'>enim</span> <span class='ocrx_word' id='word_1_269' title='bbox 3477 1455 3656 1524; x_wconf 88' lang='lat' dir='ltr'>erat</span> <span class='ocrx_word' id='word_1_270' title='bbox 3727 1452 3930 1544; x_wconf 78' lang='lat' dir='ltr'>prima</span> <span class='ocrx_word' id='word_1_271' title='bbox 3961 1430 4098 1533; x_wconf 47' lang='lat' dir='ltr'>&amp;iffi</span> 
     </span>
     <span class='ocr_line' id='line_1_61' title="bbox 2447 1540 4066 1655; baseline 0.012 -43"><span class='ocrx_word' id='word_1_272' title='bbox 2447 1540 2699 1632; x_wconf 82' lang='lat' dir='ltr'>janua</span> <span class='ocrx_word' id='word_1_273' title='bbox 2752 1548 3042 1621; x_wconf 88' lang='lat' dir='ltr'>salutis</span> <span class='ocrx_word' id='word_1_274' title='bbox 3131 1552 3212 1624; x_wconf 92' lang='lat' dir='ltr'>in</span> <span class='ocrx_word' id='word_1_275' title='bbox 3317 1555 3497 1647; x_wconf 91' lang='lat' dir='ltr'>lege</span> <span class='ocrx_word' id='word_1_276' title='bbox 3610 1544 4066 1655; x_wconf 49' lang='lat' dir='ltr'>Mosaicafiffl</span> 
     </span>
     <span class='ocr_line' id='line_1_62' title="bbox 2457 1650 4088 1783; baseline 0.013 -62"><span class='ocrx_word' id='word_1_277' title='bbox 2457 1650 2670 1726; x_wconf 90' lang='lat' dir='ltr'>sicut</span> <span class='ocrx_word' id='word_1_278' title='bbox 2739 1655 3208 1749; x_wconf 88' lang='lat' dir='ltr'>Baptismus</span> <span class='ocrx_word' id='word_1_279' title='bbox 3255 1663 3334 1735; x_wconf 89' lang='lat' dir='ltr'>in</span> <span class='ocrx_word' id='word_1_280' title='bbox 3394 1685 3630 1738; x_wconf 85' lang='lat' dir='ltr'>nova.</span> <span class='ocrx_word' id='word_1_281' title='bbox 3668 1670 3932 1741; x_wconf 86' lang='lat' dir='ltr'>Etcum</span> <span class='ocrx_word' id='word_1_282' title='bbox 3978 1671 4088 1783; x_wconf 43' lang='lat'>3³]</span> 
     </span>
     <span class='ocr_line' id='line_1_63' title="bbox 2455 1760 4102 1860; baseline 0.009 -32"><span class='ocrx_word' id='word_1_283' title='bbox 2455 1760 2862 1849; x_wconf 85' lang='lat' dir='ltr'>arguitur,</span> <span class='ocrx_word' id='word_1_284' title='bbox 2930 1769 3132 1857; x_wconf 90' lang='lat' dir='ltr'>quod</span> <span class='ocrx_word' id='word_1_285' title='bbox 3202 1775 3393 1843; x_wconf 90' lang='lat' dir='ltr'>tunc</span> <span class='ocrx_word' id='word_1_286' title='bbox 3462 1764 4102 1860; x_wconf 38' lang='lat' dir='ltr'>circumcisum&amp;</span> 
     </span>
     <span class='ocr_line' id='line_1_64' title="bbox 2453 1858 4094 1971; baseline 0.013 -36"><span class='ocrx_word' id='word_1_287' title='bbox 2453 1884 2612 1937; x_wconf 91' lang='lat' dir='ltr'>non</span> <span class='ocrx_word' id='word_1_288' title='bbox 2647 1876 2864 1943; x_wconf 87' lang='lat' dir='ltr'>esset</span> <span class='ocrx_word' id='word_1_289' title='bbox 2925 1873 3690 1971; x_wconf 82' lang='lat' dir='ltr'>baptizandus,nego</span> <span class='ocrx_word' id='word_1_290' title='bbox 3719 1903 3936 1955; x_wconf 84' lang='lat' dir='ltr'>conse-</span> <span class='ocrx_word' id='word_1_291' title='bbox 3973 1858 4094 1917; x_wconf 38' lang='grc' dir='ltr'>ΕΜ</span> 
     </span>
     <span class='ocr_line' id='line_1_65' title="bbox 2456 1977 3936 2081; baseline 0.013 -38"><span class='ocrx_word' id='word_1_292' title='bbox 2456 1977 2891 2063; x_wconf 81' lang='lat' dir='ltr'>quentiam.</span> <span class='ocrx_word' id='word_1_293' title='bbox 2929 1982 3039 2053; x_wconf 74' lang='lat' dir='ltr'>Ad</span> <span class='ocrx_word' id='word_1_294' title='bbox 3113 1985 3678 2075; x_wconf 90' lang='lat' dir='ltr'>probationem</span> <span class='ocrx_word' id='word_1_295' title='bbox 3727 1995 3936 2081; x_wconf 83' lang='lat' dir='ltr'>potest</span> 
     </span>
     <span class='ocr_line' id='line_1_66' title="bbox 2454 2086 3940 2179; baseline 0.014 -29"><span class='ocrx_word' id='word_1_296' title='bbox 2454 2086 2806 2166; x_wconf 88' lang='lat' dir='ltr'>concedi,</span> <span class='ocrx_word' id='word_1_297' title='bbox 2872 2091 3077 2179; x_wconf 90' lang='lat' dir='ltr'>quod</span> <span class='ocrx_word' id='word_1_298' title='bbox 3145 2090 3581 2167; x_wconf 85' lang='lat' dir='ltr'>character</span> <span class='ocrx_word' id='word_1_299' title='bbox 3612 2095 3741 2167; x_wconf 91' lang='lat' dir='ltr'>ille</span> <span class='ocrx_word' id='word_1_300' title='bbox 3774 2106 3940 2171; x_wconf 83' lang='lat' dir='ltr'>esset</span> 
     </span>
     <span class='ocr_line' id='line_1_67' title="bbox 2452 2192 3942 2281; baseline 0.009 -18"><span class='ocrx_word' id='word_1_301' title='bbox 2452 2192 2809 2281; x_wconf 88' lang='lat' dir='ltr'>ejusdem</span> <span class='ocrx_word' id='word_1_302' title='bbox 2890 2197 3237 2271; x_wconf 84' lang='lat' dir='ltr'>rationis</span> <span class='ocrx_word' id='word_1_303' title='bbox 3299 2221 3482 2273; x_wconf 91' lang='lat' dir='ltr'>cum</span> <span class='ocrx_word' id='word_1_304' title='bbox 3517 2202 3942 2279; x_wconf 81' lang='lat' dir='ltr'>charactere</span> 
     </span>
     <span class='ocr_line' id='line_1_68' title="bbox 2456 2300 3943 2394; baseline 0.011 -25"><span class='ocrx_word' id='word_1_305' title='bbox 2456 2300 3018 2391; x_wconf 81' lang='lat' dir='ltr'>BaptismatiS,</span> <span class='ocrx_word' id='word_1_306' title='bbox 3079 2307 3209 2378; x_wconf 84' lang='lat' dir='ltr'>vel</span> <span class='ocrx_word' id='word_1_307' title='bbox 3241 2308 3613 2382; x_wconf 89' lang='lat' dir='ltr'>alterius.</span> <span class='ocrx_word' id='word_1_308' title='bbox 3679 2314 3870 2394; x_wconf 87' lang='lat' dir='ltr'>Quod</span> <span class='ocrx_word' id='word_1_309' title='bbox 3896 2317 3943 2385; x_wconf 84' lang='lat' dir='ltr'>si</span> 
     </span>
     <span class='ocr_line' id='line_1_69' title="bbox 2455 2408 3946 2510; baseline 0.01 -32"><span class='ocrx_word' id='word_1_310' title='bbox 2455 2408 2844 2496; x_wconf 78' lang='lat' dir='ltr'>eiusdem,</span> <span class='ocrx_word' id='word_1_311' title='bbox 2923 2412 3047 2484; x_wconf 85' lang='lat' dir='ltr'>vel</span> <span class='ocrx_word' id='word_1_312' title='bbox 3118 2434 3278 2486; x_wconf 90' lang='lat' dir='ltr'>non</span> <span class='ocrx_word' id='word_1_313' title='bbox 3374 2417 3946 2510; x_wconf 83' lang='lat' dir='ltr'>imprimebatur</span> 
     </span>
     <span class='ocr_line' id='line_1_70' title="bbox 2451 2513 3947 2616; baseline 0.01 -29"><span class='ocrx_word' id='word_1_314' title='bbox 2451 2513 2888 2592; x_wconf 86' lang='lat' dir='ltr'>character</span> <span class='ocrx_word' id='word_1_315' title='bbox 2958 2541 3101 2612; x_wconf 92' lang='lat' dir='ltr'>per</span> <span class='ocrx_word' id='word_1_316' title='bbox 3161 2523 3671 2616; x_wconf 88' lang='lat' dir='ltr'>Baptismum</span> <span class='ocrx_word' id='word_1_317' title='bbox 3740 2551 3947 2603; x_wconf 81' lang='lat' dir='ltr'>susce·</span> 
     </span>
     <span class='ocr_line' id='line_1_71' title="bbox 2451 2627 3946 2714; baseline 0.009 -20"><span class='ocrx_word' id='word_1_318' title='bbox 2451 2628 2677 2714; x_wconf 90' lang='lat' dir='ltr'>ptum</span> <span class='ocrx_word' id='word_1_319' title='bbox 2747 2645 2793 2695; x_wconf 88' lang='lat' dir='ltr'>a</span> <span class='ocrx_word' id='word_1_320' title='bbox 2862 2627 3381 2713; x_wconf 90' lang='lat' dir='ltr'>circumciso,</span> <span class='ocrx_word' id='word_1_321' title='bbox 3430 2634 3644 2709; x_wconf 85' lang='lat' dir='ltr'>sicut</span> <span class='ocrx_word' id='word_1_322' title='bbox 3697 2637 3771 2709; x_wconf 91' lang='lat' dir='ltr'>in</span> <span class='ocrx_word' id='word_1_323' title='bbox 3809 2639 3946 2709; x_wconf 86' lang='lat' dir='ltr'>sub-</span> 
     </span>
     <span class='ocr_line' id='line_1_72' title="bbox 2441 2731 3941 2833; baseline 0.011 -31"><span class='ocrx_word' id='word_1_324' title='bbox 2441 2731 2749 2822; x_wconf 88' lang='lat' dir='ltr'>jectum</span> <span class='ocrx_word' id='word_1_325' title='bbox 2806 2734 3106 2809; x_wconf 87' lang='lat' dir='ltr'>habens</span> <span class='ocrx_word' id='word_1_326' title='bbox 3186 2739 3543 2833; x_wconf 87' lang='lat' dir='ltr'>aliquam</span> <span class='ocrx_word' id='word_1_327' title='bbox 3614 2743 3941 2823; x_wconf 83' lang='lat' dir='ltr'>formam,</span> 
     </span>
     <span class='ocr_line' id='line_1_73' title="bbox 2448 2839 3942 2933; baseline 0.008 -25"><span class='ocrx_word' id='word_1_328' title='bbox 2448 2858 2606 2910; x_wconf 92' lang='lat' dir='ltr'>non</span> <span class='ocrx_word' id='word_1_329' title='bbox 2663 2839 3171 2933; x_wconf 91' lang='lat' dir='ltr'>imprimitur</span> <span class='ocrx_word' id='word_1_330' title='bbox 3231 2847 3529 2922; x_wconf 90' lang='lat' dir='ltr'>iterum</span> <span class='ocrx_word' id='word_1_331' title='bbox 3605 2851 3785 2924; x_wconf 83' lang='lat' dir='ltr'>talis</span> <span class='ocrx_word' id='word_1_332' title='bbox 3825 2853 3942 2923; x_wconf 76' lang='lat' dir='ltr'>sor-</span> 
     </span>
     <span class='ocr_line' id='line_1_74' title="bbox 2448 2949 3944 3048; baseline 0.011 -33"><span class='ocrx_word' id='word_1_333' title='bbox 2448 2965 2577 3017; x_wconf 89' lang='lat' dir='ltr'>ma</span> <span class='ocrx_word' id='word_1_334' title='bbox 2618 2949 2864 3021; x_wconf 90' lang='lat' dir='ltr'>etiam</span> <span class='ocrx_word' id='word_1_335' title='bbox 2910 2971 2957 3023; x_wconf 93' lang='lat' dir='ltr'>a</span> <span class='ocrx_word' id='word_1_336' title='bbox 2998 2973 3272 3036; x_wconf 87' lang='lat' dir='ltr'>causa,</span> <span class='ocrx_word' id='word_1_337' title='bbox 3318 2978 3493 3048; x_wconf 86' lang='lat' dir='ltr'>quae</span> <span class='ocrx_word' id='word_1_338' title='bbox 3543 2961 3749 3032; x_wconf 82' lang='lat' dir='ltr'>alias</span> <span class='ocrx_word' id='word_1_339' title='bbox 3797 2974 3944 3031; x_wconf 82' lang='lat' dir='ltr'>nata</span> 
     </span>
     <span class='ocr_line' id='line_1_75' title="bbox 2443 3057 3940 3151; baseline 0.015 -26"><span class='ocrx_word' id='word_1_340' title='bbox 2443 3060 2661 3130; x_wconf 92' lang='lat' dir='ltr'>esset</span> <span class='ocrx_word' id='word_1_341' title='bbox 2745 3057 3218 3151; x_wconf 88' lang='lat' dir='ltr'>imprimere</span> <span class='ocrx_word' id='word_1_342' title='bbox 3298 3066 3548 3138; x_wconf 90' lang='lat' dir='ltr'>talem</span> <span class='ocrx_word' id='word_1_343' title='bbox 3614 3069 3940 3147; x_wconf 76' lang='lat' dir='ltr'>formam,</span> 
     </span>
     <span class='ocr_line' id='line_1_76' title="bbox 2441 3162 3942 3266; baseline 0.01 -33"><span class='ocrx_word' id='word_1_344' title='bbox 2441 3166 2522 3235; x_wconf 90' lang='lat' dir='ltr'>et</span> <span class='ocrx_word' id='word_1_345' title='bbox 2581 3162 2731 3237; x_wconf 93' lang='lat' dir='ltr'>hoc</span> <span class='ocrx_word' id='word_1_346' title='bbox 2802 3166 2999 3253; x_wconf 78' lang='lat' dir='ltr'>ideo,</span> <span class='ocrx_word' id='word_1_347' title='bbox 3077 3172 3265 3263; x_wconf 87' lang='lat' dir='ltr'>quia</span> <span class='ocrx_word' id='word_1_348' title='bbox 3324 3174 3771 3266; x_wconf 90' lang='lat' dir='ltr'>subjectum</span> <span class='ocrx_word' id='word_1_349' title='bbox 3823 3198 3942 3249; x_wconf 90' lang='lat' dir='ltr'>non</span> 
     </span>
     <span class='ocr_line' id='line_1_77' title="bbox 2441 3273 3941 3376; baseline 0.009 -35"><span class='ocrx_word' id='word_1_350' title='bbox 2441 3276 2565 3344; x_wconf 90' lang='lat' dir='ltr'>est</span> <span class='ocrx_word' id='word_1_351' title='bbox 2623 3273 2706 3345; x_wconf 90' lang='lat' dir='ltr'>in</span> <span class='ocrx_word' id='word_1_352' title='bbox 2761 3279 3146 3366; x_wconf 73' lang='lat' dir='ltr'>potentia,</span> <span class='ocrx_word' id='word_1_353' title='bbox 3213 3281 3345 3352; x_wconf 93' lang='lat' dir='ltr'>sed</span> <span class='ocrx_word' id='word_1_354' title='bbox 3387 3281 3560 3376; x_wconf 89' lang='lat' dir='ltr'>jam</span> <span class='ocrx_word' id='word_1_355' title='bbox 3635 3286 3714 3357; x_wconf 92' lang='lat' dir='ltr'>in</span> <span class='ocrx_word' id='word_1_356' title='bbox 3798 3289 3941 3357; x_wconf 84' lang='lat' dir='ltr'>actu</span> 
     </span>
     <span class='ocr_line' id='line_1_78' title="bbox 2443 3382 3941 3485; baseline 0.01 -38"><span class='ocrx_word' id='word_1_357' title='bbox 2443 3382 2873 3454; x_wconf 91' lang='lat' dir='ltr'>secundum</span> <span class='ocrx_word' id='word_1_358' title='bbox 2945 3384 3215 3468; x_wconf 87' lang='lat' dir='ltr'>illam;</span> <span class='ocrx_word' id='word_1_359' title='bbox 3314 3389 3441 3460; x_wconf 87' lang='lat' dir='ltr'>vel</span> <span class='ocrx_word' id='word_1_360' title='bbox 3529 3392 3598 3463; x_wconf 93' lang='lat' dir='ltr'>si</span> <span class='ocrx_word' id='word_1_361' title='bbox 3716 3393 3941 3485; x_wconf 89' lang='lat' dir='ltr'>impri-</span> 
     </span>
     <span class='ocr_line' id='line_1_79' title="bbox 2442 3491 3941 3589; baseline 0.01 -33"><span class='ocrx_word' id='word_1_362' title='bbox 2442 3491 2810 3561; x_wconf 86' lang='lat' dir='ltr'>meretur</span> <span class='ocrx_word' id='word_1_363' title='bbox 2880 3492 2955 3563; x_wconf 92' lang='lat' dir='ltr'>in</span> <span class='ocrx_word' id='word_1_364' title='bbox 3026 3494 3438 3588; x_wconf 81' lang='lat' dir='ltr'>baptizato</span> <span class='ocrx_word' id='word_1_365' title='bbox 3499 3500 3712 3572; x_wconf 89' lang='lat' dir='ltr'>alius</span> <span class='ocrx_word' id='word_1_366' title='bbox 3779 3501 3941 3589; x_wconf 76' lang='lat' dir='ltr'>eius-</span> 
     </span>
     <span class='ocr_line' id='line_1_80' title="bbox 2439 3595 3938 3690; baseline 0.016 -24"><span class='ocrx_word' id='word_1_367' title='bbox 2439 3595 2614 3668; x_wconf 92' lang='lat' dir='ltr'>dem</span> <span class='ocrx_word' id='word_1_368' title='bbox 2680 3601 3055 3688; x_wconf 91' lang='lat' dir='ltr'>rationis,</span> <span class='ocrx_word' id='word_1_369' title='bbox 3117 3605 3319 3679; x_wconf 92' lang='lat' dir='ltr'>nihil</span> <span class='ocrx_word' id='word_1_370' title='bbox 3385 3608 3938 3690; x_wconf 79' lang='lat' dir='ltr'>inconveniens,</span> 
     </span>
     <span class='ocr_line' id='line_1_81' title="bbox 2439 3703 3942 3808; baseline 0.011 -37"><span class='ocrx_word' id='word_1_371' title='bbox 2439 3703 2729 3777; x_wconf 90' lang='lat' dir='ltr'>saltem</span> <span class='ocrx_word' id='word_1_372' title='bbox 2767 3707 2833 3779; x_wconf 90' lang='lat' dir='ltr'>si</span> <span class='ocrx_word' id='word_1_373' title='bbox 2892 3709 3326 3785; x_wconf 85' lang='lat' dir='ltr'>character</span> <span class='ocrx_word' id='word_1_374' title='bbox 3383 3722 3741 3808; x_wconf 87' lang='lat' dir='ltr'>ponatur</span> <span class='ocrx_word' id='word_1_375' title='bbox 3777 3719 3942 3790; x_wconf 83' lang='lat' dir='ltr'>rela-</span> 
     </span>
     <span class='ocr_line' id='line_1_82' title="bbox 2439 3809 3938 3899; baseline 0.008 -17"><span class='ocrx_word' id='word_1_376' title='bbox 2439 3809 2580 3894; x_wconf 87' lang='lat' dir='ltr'>tio,</span> <span class='ocrx_word' id='word_1_377' title='bbox 2668 3819 2751 3887; x_wconf 91' lang='lat' dir='ltr'>ut</span> <span class='ocrx_word' id='word_1_378' title='bbox 2782 3816 3087 3890; x_wconf 92' lang='lat' dir='ltr'>dictum</span> <span class='ocrx_word' id='word_1_379' title='bbox 3145 3826 3270 3896; x_wconf 88' lang='lat' dir='ltr'>est</span> <span class='ocrx_word' id='word_1_380' title='bbox 3319 3823 3410 3895; x_wconf 87' lang='lat' dir='ltr'>de</span> <span class='ocrx_word' id='word_1_381' title='bbox 3450 3826 3938 3899; x_wconf 83' lang='lat' dir='ltr'>relationibus</span> 
     </span>
     <span class='ocr_line' id='line_1_83' title="bbox 2437 3923 3937 4021; baseline 0.012 -33"><span class='ocrx_word' id='word_1_382' title='bbox 2437 3923 2590 3990; x_wconf 79' lang='lat' dir='ltr'>dist.</span> <span class='ocrx_word' id='word_1_383' title='bbox 2638 3929 2700 3991; x_wconf 89' lang='lat'>8.</span> <span class='ocrx_word' id='word_1_384' title='bbox 2744 3927 2854 3992; x_wconf 76' lang='lat' dir='ltr'>lib.</span> <span class='ocrx_word' id='word_1_385' title='bbox 2892 3927 2955 3997; x_wconf 90' lang='grc'>3.</span> <span class='ocrx_word' id='word_1_386' title='bbox 2993 3926 3118 3998; x_wconf 84' lang='lat' dir='ltr'>vel</span> <span class='ocrx_word' id='word_1_387' title='bbox 3187 3936 3466 4021; x_wconf 90' lang='lat' dir='ltr'>posset</span> <span class='ocrx_word' id='word_1_388' title='bbox 3524 3933 3681 4007; x_wconf 90' lang='lat' dir='ltr'>dici</span> <span class='ocrx_word' id='word_1_389' title='bbox 3757 3934 3937 4007; x_wconf 88' lang='lat' dir='ltr'>illum</span> 
     </span>
     <span class='ocr_line' id='line_1_84' title="bbox 2435 4028 3936 4114; baseline 0.008 -13"><span class='ocrx_word' id='word_1_390' title='bbox 2435 4028 2998 4106; x_wconf 87' lang='lat' dir='ltr'>characterem</span> <span class='ocrx_word' id='word_1_391' title='bbox 3109 4035 3761 4114; x_wconf 90' lang='lat' dir='ltr'>circumcisionis</span> <span class='ocrx_word' id='word_1_392' title='bbox 3831 4039 3936 4113; x_wconf 88' lang='lat' dir='ltr'>dis·</span> 
     </span>
     <span class='ocr_line' id='line_1_85' title="bbox 2435 4137 3934 4236; baseline 0.009 -28"><span class='ocrx_word' id='word_1_393' title='bbox 2435 4137 2653 4210; x_wconf 86' lang='lat' dir='ltr'>ferre</span> <span class='ocrx_word' id='word_1_394' title='bbox 2696 4139 2794 4210; x_wconf 89' lang='lat' dir='ltr'>ab</span> <span class='ocrx_word' id='word_1_395' title='bbox 2862 4140 3004 4214; x_wconf 92' lang='lat' dir='ltr'>illo</span> <span class='ocrx_word' id='word_1_396' title='bbox 3057 4143 3490 4236; x_wconf 87' lang='lat' dir='ltr'>Baptismi,</span> <span class='ocrx_word' id='word_1_397' title='bbox 3571 4149 3776 4223; x_wconf 91' lang='lat' dir='ltr'>sicut</span> <span class='ocrx_word' id='word_1_398' title='bbox 3830 4151 3934 4223; x_wconf 89' lang='lat' dir='ltr'>im-</span> 
     </span>
     <span class='ocr_line' id='line_1_86' title="bbox 2433 4246 3933 4349; baseline 0.011 -33"><span class='ocrx_word' id='word_1_399' title='bbox 2433 4246 2885 4339; x_wconf 84' lang='lat' dir='ltr'>perfectum</span> <span class='ocrx_word' id='word_1_400' title='bbox 2931 4268 2979 4321; x_wconf 92' lang='lat' dir='ltr'>a</span> <span class='ocrx_word' id='word_1_401' title='bbox 3032 4250 3422 4342; x_wconf 88' lang='lat' dir='ltr'>perfect0‚</span> <span class='ocrx_word' id='word_1_402' title='bbox 3470 4260 3933 4349; x_wconf 81' lang='lat' dir='ltr'>quemadmo-</span> 
     </span>
     <span class='ocr_line' id='line_1_87' title="bbox 2431 4354 3934 4458; baseline 0.007 -33"><span class='ocrx_word' id='word_1_403' title='bbox 2431 4354 2617 4426; x_wconf 91' lang='lat' dir='ltr'>dum</span> <span class='ocrx_word' id='word_1_404' title='bbox 2651 4357 2923 4446; x_wconf 90' lang='lat' dir='ltr'>gratia</span> <span class='ocrx_word' id='word_1_405' title='bbox 2955 4357 3194 4449; x_wconf 90' lang='lat' dir='ltr'>hujus</span> <span class='ocrx_word' id='word_1_406' title='bbox 3224 4360 3597 4438; x_wconf 84' lang='lat' dir='ltr'>differret</span> <span class='ocrx_word' id='word_1_407' title='bbox 3626 4387 3673 4437; x_wconf 88' lang='lat' dir='ltr'>a</span> <span class='ocrx_word' id='word_1_408' title='bbox 3708 4367 3934 4458; x_wconf 77' lang='lat' dir='ltr'>gratia</span> 
     </span>
     <span class='ocr_line' id='line_1_88' title="bbox 2434 4460 3930 4566; baseline 0.009 -32"><span class='ocrx_word' id='word_1_409' title='bbox 2434 4460 2678 4545; x_wconf 83' lang='lat' dir='ltr'>illius,</span> <span class='ocrx_word' id='word_1_410' title='bbox 2715 4467 2795 4536; x_wconf 91' lang='lat' dir='ltr'>et</span> <span class='ocrx_word' id='word_1_411' title='bbox 2851 4465 3042 4538; x_wconf 89' lang='lat' dir='ltr'>tunc</span> <span class='ocrx_word' id='word_1_412' title='bbox 3105 4467 3185 4538; x_wconf 91' lang='lat' dir='ltr'>in</span> <span class='ocrx_word' id='word_1_413' title='bbox 3219 4471 3731 4563; x_wconf 90' lang='lat' dir='ltr'>susceptione</span> <span class='ocrx_word' id='word_1_414' title='bbox 3775 4476 3930 4566; x_wconf 83' lang='lat' dir='ltr'>Bap-</span> 
     </span>
     <span class='ocr_line' id='line_1_89' title="bbox 2433 4569 3930 4664; baseline 0.009 -24"><span class='ocrx_word' id='word_1_415' title='bbox 2433 4569 2734 4661; x_wconf 91' lang='lat' dir='ltr'>ptismi,</span> <span class='ocrx_word' id='word_1_416' title='bbox 2793 4571 3021 4664; x_wconf 83' lang='lat' dir='ltr'>prius</span> <span class='ocrx_word' id='word_1_417' title='bbox 3056 4574 3549 4650; x_wconf 90' lang='lat' dir='ltr'>circumciso</span> <span class='ocrx_word' id='word_1_418' title='bbox 3607 4601 3764 4655; x_wconf 91' lang='lat' dir='ltr'>non</span> <span class='ocrx_word' id='word_1_419' title='bbox 3826 4581 3930 4653; x_wconf 88' lang='lat' dir='ltr'>im·</span> 
     </span>
     <span class='ocr_line' id='line_1_90' title="bbox 2433 4676 3928 4769; baseline 0.008 -22"><span class='ocrx_word' id='word_1_420' title='bbox 2433 4676 2933 4769; x_wconf 87' lang='lat' dir='ltr'>primeretur</span> <span class='ocrx_word' id='word_1_421' title='bbox 3005 4702 3264 4755; x_wconf 88' lang='lat' dir='ltr'>novus</span> <span class='ocrx_word' id='word_1_422' title='bbox 3299 4685 3752 4768; x_wconf 84' lang='lat' dir='ltr'>character.</span> <span class='ocrx_word' id='word_1_423' title='bbox 3831 4687 3928 4760; x_wconf 82' lang='lat' dir='ltr'>sed</span> 
     </span>
     <span class='ocr_line' id='line_1_91' title="bbox 2429 4786 3362 4882; baseline 0.006 -26"><span class='ocrx_word' id='word_1_424' title='bbox 2429 4786 2742 4876; x_wconf 84' lang='lat' dir='ltr'>primus</span> <span class='ocrx_word' id='word_1_425' title='bbox 2805 4790 3362 4882; x_wconf 87' lang='lat' dir='ltr'>perficeretur.</span> 
     </span>
    </p>

    <p class='ocr_par' dir='ltr' id='par_1_9' title="bbox 2424 4892 4076 5318">
     <span class='ocr_line' id='line_1_92' title="bbox 2521 4892 4076 4992; baseline 0.007 -26"><span class='ocrx_word' id='word_1_426' title='bbox 2521 4896 2635 4966; x_wconf 88' lang='lat' dir='ltr'>Ad</span> <span class='ocrx_word' id='word_1_427' title='bbox 2667 4900 3099 4972; x_wconf 90' lang='lat' dir='ltr'>secundum</span> <span class='ocrx_word' id='word_1_428' title='bbox 3137 4899 3338 4981; x_wconf 90' lang='lat' dir='ltr'>dico,</span> <span class='ocrx_word' id='word_1_429' title='bbox 3382 4904 3584 4992; x_wconf 87' lang='lat' dir='ltr'>quod</span> <span class='ocrx_word' id='word_1_430' title='bbox 3617 4924 3770 4977; x_wconf 85' lang='lat' dir='ltr'>non</span> <span class='ocrx_word' id='word_1_431' title='bbox 3803 4892 4076 4975; x_wconf 54' lang='grc' dir='ltr'>0111-Ᾰέὲιιέμ</span> 
     </span>
     <span class='ocr_line' id='line_1_93' title="bbox 2427 5000 3924 5094; baseline 0.004 -22"><span class='ocrx_word' id='word_1_432' title='bbox 2427 5000 2551 5072; x_wconf 94' lang='lat' dir='ltr'>nis</span> <span class='ocrx_word' id='word_1_433' title='bbox 2622 5004 3018 5094; x_wconf 87' lang='lat' dir='ltr'>perfectio</span> <span class='ocrx_word' id='word_1_434' title='bbox 3089 5008 3170 5079; x_wconf 91' lang='lat' dir='ltr'>in</span> <span class='ocrx_word' id='word_1_435' title='bbox 3219 5006 3498 5080; x_wconf 89' lang='lat' dir='ltr'>anima</span> <span class='ocrx_word' id='word_1_436' title='bbox 3531 5008 3760 5085; x_wconf 86' lang='lat' dir='ltr'>habet</span> <span class='ocrx_word' id='word_1_437' title='bbox 3799 5010 3924 5084; x_wconf 73' lang='lat' dir='ltr'>tale</span> 
     </span>
     <span class='ocr_line' id='line_1_94' title="bbox 2424 5112 3923 5212; baseline 0.003 -29"><span class='ocrx_word' id='word_1_438' title='bbox 2424 5112 2747 5203; x_wconf 90' lang='lat' dir='ltr'>signum</span> <span class='ocrx_word' id='word_1_439' title='bbox 2800 5119 3524 5193; x_wconf 85' lang='lat' dir='ltr'>rememorativum</span> <span class='ocrx_word' id='word_1_440' title='bbox 3606 5124 3923 5212; x_wconf 84' lang='lat' dir='ltr'>perpetu·</span> 
     </span>
     <span class='ocr_line' id='line_1_95' title="bbox 2426 5223 3920 5318; baseline 0.003 -28"><span class='ocrx_word' id='word_1_441' title='bbox 2426 5240 2585 5303; x_wconf 88' lang='lat' dir='ltr'>um,</span> <span class='ocrx_word' id='word_1_442' title='bbox 2670 5223 2801 5295; x_wconf 92' lang='lat' dir='ltr'>sed</span> <span class='ocrx_word' id='word_1_443' title='bbox 2862 5223 3002 5295; x_wconf 91' lang='lat' dir='ltr'>illa</span> <span class='ocrx_word' id='word_1_444' title='bbox 3073 5245 3215 5317; x_wconf 91' lang='lat' dir='ltr'>per</span> <span class='ocrx_word' id='word_1_445' title='bbox 3274 5247 3516 5318; x_wconf 87' lang='lat' dir='ltr'>quam</span> <span class='ocrx_word' id='word_1_446' title='bbox 3550 5225 3920 5301; x_wconf 86' lang='lat' dir='ltr'>constitui·</span> 
     </span>
    </p>
   </div>
   <div class='ocr_carea' id='block_1_9' title="bbox 3957 963 4115 6273">
    <p class='ocr_par' dir='ltr' id='par_1_10' title="bbox 3957 963 4115 6273">
     <span class='ocr_line' id='line_1_96' title="bbox 4101 963 4115 1490; baseline 0 -423"><span class='ocrx_word' id='word_1_447' title='bbox 4101 963 4115 1490; x_wconf 95' lang='lat' dir='ltr'>      </span> 
     </span>
     <span class='ocr_line' id='line_1_97' title="bbox 4094 1490 4115 1948; baseline 0 -108"><span class='ocrx_word' id='word_1_448' title='bbox 4094 1490 4115 1948; x_wconf 95' lang='lat' dir='ltr'>    </span> 
     </span>
     <span class='ocr_line' id='line_1_98' title="bbox 3957 1948 4115 6273; baseline 0 0"><span class='ocrx_word' id='word_1_449' title='bbox 3957 1948 4115 6273; x_wconf 95' lang='lat' dir='ltr'>   </span> 
     </span>
    </p>
   </div>
   <div class='ocr_carea' id='block_1_10' title="bbox 3945 989 4106 1101">
    <p class='ocr_par' dir='ltr' id='par_1_11' title="bbox 3945 989 4106 1101">
     <span class='ocr_line' id='line_1_99' title="bbox 3945 989 4106 1041; baseline 0.012 -2"><span class='ocrx_word' id='word_1_450' title='bbox 3945 989 4106 1041; x_wconf 58' lang='lat' dir='ltr'>&amp;titas-</span> 
     </span>
     <span class='ocr_line' id='line_1_100' title="bbox 3991 1065 4061 1101; baseline 0.057 -4"><span class='ocrx_word' id='word_1_451' title='bbox 3991 1065 4061 1101; x_wconf 56' lang='lat' dir='ltr'>mv</span> 
     </span>
    </p>
   </div>
   <div class='ocr_carea' id='block_1_11' title="bbox 2420 5328 3915 5638">
    <p class='ocr_par' dir='ltr' id='par_1_12' title="bbox 2420 5328 3915 5638">
     <span class='ocr_line' id='line_1_101' title="bbox 2424 5328 3915 5426; baseline 0.001 -25"><span class='ocrx_word' id='word_1_452' title='bbox 2424 5333 2562 5401; x_wconf 89' lang='lat' dir='ltr'>tur</span> <span class='ocrx_word' id='word_1_453' title='bbox 2603 5328 2903 5402; x_wconf 89' lang='lat' dir='ltr'>habens</span> <span class='ocrx_word' id='word_1_454' title='bbox 2938 5352 3119 5403; x_wconf 92' lang='lat' dir='ltr'>eam</span> <span class='ocrx_word' id='word_1_455' title='bbox 3147 5334 3224 5401; x_wconf 89' lang='lat' dir='ltr'>in</span> <span class='ocrx_word' id='word_1_456' title='bbox 3273 5332 3551 5426; x_wconf 92' lang='lat' dir='ltr'>aliquo</span> <span class='ocrx_word' id='word_1_457' title='bbox 3588 5331 3915 5409; x_wconf 88' lang='lat' dir='ltr'>determi-</span> 
     </span>
     <span class='ocr_line' id='line_1_102' title="bbox 2422 5435 3912 5535; baseline 0 -28"><span class='ocrx_word' id='word_1_458' title='bbox 2422 5439 2614 5509; x_wconf 90' lang='lat' dir='ltr'>nato</span> <span class='ocrx_word' id='word_1_459' title='bbox 2652 5439 2904 5528; x_wconf 87' lang='lat' dir='ltr'>gradu</span> <span class='ocrx_word' id='word_1_460' title='bbox 2944 5439 3021 5510; x_wconf 91' lang='lat' dir='ltr'>in</span> <span class='ocrx_word' id='word_1_461' title='bbox 3056 5439 3430 5512; x_wconf 89' lang='lat' dir='ltr'>Ecclesia</span> <span class='ocrx_word' id='word_1_462' title='bbox 3468 5435 3912 5535; x_wconf 86' lang='lat' dir='ltr'>;hujusmodi</span> 
     </span>
     <span class='ocr_line' id='line_1_103' title="bbox 2420 5545 3909 5638; baseline 0.001 -23"><span class='ocrx_word' id='word_1_463' title='bbox 2420 5564 2581 5616; x_wconf 93' lang='lat' dir='ltr'>non</span> <span class='ocrx_word' id='word_1_464' title='bbox 2625 5550 2813 5619; x_wconf 92' lang='lat' dir='ltr'>sunt</span> <span class='ocrx_word' id='word_1_465' title='bbox 2859 5545 3238 5627; x_wconf 81' lang='lat' dir='ltr'>virtutes,</span> <span class='ocrx_word' id='word_1_466' title='bbox 3271 5548 3464 5638; x_wconf 89' lang='lat' dir='ltr'>quia</span> <span class='ocrx_word' id='word_1_467' title='bbox 3498 5556 3682 5625; x_wconf 91' lang='lat' dir='ltr'>sunt</span> <span class='ocrx_word' id='word_1_468' title='bbox 3747 5566 3909 5620; x_wconf 88' lang='lat' dir='ltr'>com·</span> 
     </span>
    </p>
   </div>
  </div>
 </body>
</html>
