4255 6375
1331 353 1529 417 DIST.
1565 353 1642 414 vt
1716 349 2079 428 QUAESTlo
2126 350 2203 413 11.

212 516 425 577 simul
474 518 765 594 prolata,
816 523 1075 596 spectet
1126 516 1209 579 ad
1269 514 1795 578 constitutionem

208 634 421 694 unius
471 633 913 695 sacramenti.

296 749 801 827 Respondetur
828 752 897 813 in
944 752 1165 831 primis
1208 750 1527 811 unitatem
1564 747 1794 808 Sacra-

124 852 148 884 '’
208 870 424 929 menti
485 870 921 942 Poenitentiae‚
982 874 1095 931 aut
1152 867 1599 931 diversitatem
1658 868 1798 945 ejus

206 985 652 1046 numericam
693 1001 827 1047 non
883 986 1051 1046 sumi
1098 1002 1134 1046 a
1191 984 1467 1046 materia
1515 988 1794 1052 remota,

209 1100 448 1179 qualia
482 1105 645 1163 sunt
677 1105 974 1179 peccata,
1006 1101 1127 1162 sed
1157 1118 1192 1162 a
1223 1101 1545 1179 proxima,
1579 1114 1798 1177 neque

213 1215 327 1276 illa
378 1232 553 1278 esse
617 1219 981 1289 materiam,
1031 1219 1096 1278 in
1161 1232 1291 1295 qua
1345 1214 1660 1278 fundatur
1717 1218 1798 1276 si-

123 1366 132 1397 s
178 1330 579 1420 “gnificatio
628 1333 1058 1406 sacramenti,
1104 1332 1226 1394 sed
1273 1349 1417 1394 esse
1458 1335 1799 1394 materiam

123 1419 191 1521 {²22}
217 1448 403 1509 circa
457 1465 663 1525 quam
713 1452 1098 1523 exercetur;
1154 1447 1308 1511 ideo
1367 1448 1523 1510 nihil
1578 1444 1797 1509 facere

122 1601 157 1648 ,ἲ
217 1561 308 1622 ad
356 1566 814 1641 propositum,
847 1563 1019 1624 illam
1054 1564 1450 1635 instantiam,
1484 1564 1633 1642 quia
1664 1578 1798 1622 non

126 1679 184 1710 Θ·
220 1678 311 1737 ita
359 1691 441 1737 se
493 1676 701 1738 habet
745 1673 954 1769 forma
1019 1677 1421 1738 Sacramenti
1462 1678 1795 1754 Baptismi,

124 1802 163 1836 ἃ·
222 1789 355 1853 sed
421 1795 685 1852 tantum
726 1788 1229 1854 fundamentum
1282 1793 1676 1870 proximum,
1736 1797 1802 1853 et

223 1906 626 1968 ultimatum
678 1909 1099 1970 constitutum
1143 1911 1210 1970 in
1253 1924 1503 1987 genere
1552 1905 1795 1981 formae,

224 2023 507 2085 nullum
538 2023 766 2085 dicens
805 2023 1125 2099 ordinem,
1169 2032 1280 2086 aut
1324 2024 1798 2101 compossibili-

229 2143 446 2200 tatem
512 2155 632 2217 per
686 2139 953 2201 modum
1009 2139 1362 2217 compartis
1463 2139 1547 2200 ad
1605 2140 1797 2201 aliam

222 2251 553 2327 formam,
608 2262 672 2316 et
719 2260 1210 2332 consequenter
1254 2256 1340 2315 ita
1395 2255 1798 2315 constituens

222 2371 358 2431 hoc
433 2335 647 2432 unum
706 2386 984 2432 numero
1061 2374 1581 2447 Sacramentum,
1649 2389 1797 2433 cum

223 2490 354 2550 hac
386 2504 680 2550 numero
740 2487 1075 2551 ablutione
1109 2488 1279 2549 facta
1327 2505 1361 2549 a
1392 2486 1795 2566 proferente,

225 2615 301 2671 ut
331 2623 572 2690 neque
604 2626 688 2672 ex
716 2616 903 2689 parte
944 2607 1190 2681 formae,
1234 2615 1346 2671 aut
1386 2612 1676 2672 materiae
1718 2612 1801 2671 sit

230 2724 799 2803 compossibilitas
831 2723 915 2785 ad
960 2723 1152 2784 aliam
1197 2723 1475 2785 formam
1523 2742 1798 2786 numero

232 2839 597 2901 diversam.
645 2840 719 2900 Et
765 2839 899 2900 haec
960 2843 1064 2900 est
1109 2839 1547 2916 superfluum,
1602 2858 1802 2919 quam

231 2958 527 3019 intendit
557 2959 822 3029 Doctor,
868 2971 1002 3017 non
1044 2956 1259 3016 solum
1311 2957 1531 3035 quoad
1580 2964 1800 3018 actum

231 3074 727 3138 constitutionis
754 3075 1183 3152 sacramenti,
1230 3082 1304 3137 ut
1333 3092 1604 3137 manere
1648 3093 1795 3152 pos-

229 3201 331 3255 set
374 3195 528 3255 sine
589 3195 796 3256 altera
838 3193 1049 3256 forma
1096 3193 1369 3268 diversa,
1421 3194 1543 3256 sed
1602 3194 1796 3257 etiam

233 3315 568 3388 quantum
598 3309 683 3372 ad
711 3325 934 3387 posse,
966 3311 1056 3371 ita
1085 3315 1159 3370 ut
1188 3326 1337 3371 cum
1369 3313 1477 3371 illa
1506 3315 1799 3389 nequeat

234 3426 598 3499 cohaerere,
655 3431 770 3488 aut
811 3426 893 3487 ab
947 3443 1024 3487 ea
1078 3428 1378 3503 recipere
1426 3427 1796 3489 constituti-

234 3558 439 3604 onem
483 3525 688 3602 ullam
729 3542 1150 3604 essentialem
1208 3549 1321 3604 aut
1373 3544 1792 3622 integralem,

234 3658 461 3721 inesse
506 3659 932 3731 Sacramenti,
983 3663 1097 3719 aut
1155 3659 1586 3721 etiam'simul
1648 3676 1796 3721 cum

238 3775 344 3836 illa
420 3777 824 3837 constituere
895 3775 1390 3836 Sacramentum
1464 3779 1795 3839 essentiali

240 3900 351 3956 aut
439 3892 746 3973 integrali
826 3893 1312 3966 constitutione,
1396 3901 1469 3958 ‚et
1536 3902 1793 3958 servata

238 4014 649 4074 institutione
691 4009 1121 4081 Sacramenti,
1147 4014 1222 4070 ut
1253 4009 1336 4071 de
1381 4008 1551 4074 facto
1586 4019 1710 4075 est.

321 4126 598 4190 Accedit
624 4126 919 4199 ulteriuS,
964 4127 1340 4188 instantiam
1386 4129 1597 4206 magis
1640 4146 1788 4207 pro-

241 4241 396 4304 bare
432 4243 833 4321 oppositum,
882 4244 1032 4319 quia
1070 4242 1138 4302 in
1176 4259 1427 4320 genere
1474 4243 1794 4308 confessi-

244 4359 385 4419 onis
416 4363 486 4421 et
515 4364 719 4431 actuS,
755 4362 856 4418 est
887 4357 1143 4421 diversa
1164 4375 1439 4421 numero
1467 4358 1789 4424 confessio

123 4513 203 4559 [ue-
252 4481 696 4548 peccatorum,
732 4473 1070 4551 quaealias
1121 4490 1254 4535 non
1296 4472 1417 4537 fuit
1464 4477 1789 4552 confessa,

123 4623 196 4679 tia.
257 4593 519 4669 quando
548 4592 656 4654 illa
686 4593 824 4652 sola
867 4591 960 4664 fit,
1008 4598 1073 4653 et
1112 4591 1433 4655 confessio
1487 4601 1615 4655 tam
1657 4596 1791 4657 illo-

249 4725 393 4770 rum
449 4711 721 4771 aliorum
775 4708 1125 4770 venialium
1182 4714 1626 4786 peccatorum,
1683 4719 1796 4774 aut

247 4824 402 4886 alias
478 4823 947 4896 confessorum,
996 4829 1062 4885 et
1115 4824 1203 4885 ita
1261 4825 1394 4886 haec
1448 4826 1792 4889 diversitas

244 4946 527 5006 materiae
553 4940 751 5004 infert
782 4940 1229 5003 diversitatem
1275 4947 1681 5007 numericam
1727 4948 1791 5007 in

248 5058 679 5134 confessione,
714 5063 787 5120 ut
831 5056 1232 5135 quandoque
1265 5056 1377 5119 fiat
1406 5058 1583 5121 nulla
1632 5077 1786 5121 con·

242 5168 462 5249 fessio,
511 5174 565 5236 si
608 5174 938 5234 omittatur
967 5170 1233 5249 aliquod
1264 5177 1614 5250 peccatum
1659 5175 1789 5234 cul-

248 5289 562 5364 pabiliter,
653 5288 834 5368 quod
925 5288 1149 5351 debuit
1228 5289 1544 5351 confiteri.
1620 5290 1788 5366 Quin

251 5407 438 5467 etiam
482 5407 533 5468 si
583 5407 932 5484 loquamur
972 5405 1054 5467 de
1103 5404 1541 5480 confessione,
1585 5413 1658 5469 ut
1692 5415 1788 5472 est

253 5520 609 5587 informatio
647 5524 914 5605 J'udiciS,
980 5528 1074 5586 tot
1128 5529 1283 5587 sunt
1338 5522 1790 5588 confessiones

3335 358 3449 422 551

1916 517 2079 589 quot
2102 518 2379 590 peccata
2414 513 2740 590 confessa,
2777 523 2908 579 tam
2947 534 3224 581 numero
3280 526 3480 598 quam

1907 632 2157 708 specie,
2216 630 2406 690 etiam
2478 634 2846 709 respective
2918 634 3003 694 ad
3070 635 3466 696 sententiam

1912 749 1979 807 et
2008 745 2452 825 cognitionem
2499 746 2768 826 judiciS,
2816 756 2881 811 et
2925 748 3464 826 satisfactionem,

1907 861 2061 923 licet
2089 864 2285 924 unica
2327 867 2678 939 sententia,
2732 871 3047 942 quantum
3098 866 3184 928 ad
3232 871 3464 930 remis-

1909 980 2181 1052 sionem,
2245 983 2632 1044 terminetur
2701 986 2887 1042 actus
2947 982 3304 1064 judiciam,
3360 985 3467 1047 vel

1911 1090 2361 1156 confessiones
2406 1111 2542 1156 una
2595 1094 3058 1158 informatione
3132 1112 3464 1175 exponan-

1909 1210 2032 1279 tur,
2069 1223 2200 1284 qua
2230 1206 2481 1268 ratione
2518 1206 2643 1270 dici
2696 1216 2976 1286 possunt
3022 1212 3269 1274 hahere
3313 1214 3459 1275 uni-

1909 1328 2135 1397 tatem,
2186 1323 2267 1384 de
2301 1340 2428 1402 qua
2460 1341 2575 1385 suo
2608 1325 2778 1386 loco,

1987 1439 2129 1500 Alia
2170 1440 2357 1511 ratio,
2411 1455 2539 1517 qua
2603 1440 2950 1518 praedictus
2997 1447 3225 1504 auctor
3276 1449 3463 1521 putat
3519 1457 3634 1527 Alia
3654 1461 3788 1511 ratio

1909 1569 1982 1615 se
2052 1555 2445 1632 impugnare
2518 1556 2888 1627 Doctorem,
2970 1556 3181 1618 teudtt
3237 1564 3461 1620 contra
3528 1522 3757 1636 ξὲῗῖᾒξῗ

1907 1672 2085 1733 illam
2122 1668 2531 1732 additionem
2588 1670 2903 1745 aliorum;
2950 1672 3073 1733 sed
3130 1690 3253 1736 nec
3313 1692 3461 1738 eam

1908 1789 2088 1845 recte
2145 1787 2513 1862 impugnat,
2567 1788 2641 1843 ut
2685 1787 2749 1845 in
2799 1786 2992 1847 simili
3047 1786 3205 1848 alias
3255 1792 3464 1850 visum

1910 1904 2009 1960 est
2076 1904 2299 1960 contra
2375 1895 2678 1960 eamdem
2722 1915 2920 1976 supra
2977 1899 3078 1962 de·
3134 1904 3463 1981 Baptismo

1907 2015 2350 2093 parvulorum,
2385 2017 2531 2077 dist.
2565 2015 2625 2074 4.
2661 2032 2719 2090 q.
2761 2018 2813 2076 l.
2861 2017 2966 2077 hic
3017 2017 3172 2079 dicit
3218 2020 3468 2096 impos-

1908 2131 2096 2193 sibile
2130 2146 2278 2192 esse
2309 2147 2508 2191 unam
2558 2129 3016 2208 praedictarum
3059 2133 3467 2197 ablutionum

1911 2255 1977 2310 et
2004 2247 2445 2326 prolationum
2476 2266 2510 2308 a
2545 2249 2681 2309 Deo
2727 2253 3080 2326 acceptari,
3114 2265 3246 2313 non
3296 2250 3468 2316 facta

1908 2365 2129 2442 aliqua
2170 2363 2237 2423 in
2267 2365 2469 2424 rebus
2497 2361 2653 2439 ipsis
2685 2366 3070 2425 mutatione.
3107 2368 3265 2442 Quae
3297 2370 3461 2430 ratio

1908 2475 2209 2555 procedit
2241 2493 2320 2537 ex
2367 2474 2589 2546 modO,
2624 2493 2755 2554 quo
2801 2478 2959 2538 alias
3015 2479 3298 2558 explicat
3343 2499 3468 2559 po-

1913 2599 2183 2659 tentiam
2257 2598 2373 2658 Dei
2446 2595 2840 2657 ordinariam
2914 2612 3061 2658 esse
3134 2596 3467 2678 alligatam

1912 2714 2376 2788 SacramentiS,
2432 2721 2505 2774 ut
2549 2714 2738 2774 aliter
2794 2730 2927 2775 non
2984 2722 3219 2792 posset
3269 2734 3469 2796 supra

1911 2833 2185 2894 modum
2216 2829 2620 2892 ordinarium
2666 2847 2893 2908 agere,
2941 2832 3120 2910 quod
3167 2838 3269 2895 est
3315 2854 3461 2897 con·

1911 2960 2005 3014 tra
2036 2964 2453 3011 communem
2486 2950 2831 3010 Doctorum
2873 2953 3305 3013 asserentium
3352 2970 3464 3030 po·

1912 3067 2184 3128 tentiam
2219 3068 2335 3126 Dei
2382 3081 2518 3127 non
2561 3081 2708 3127 esse
2760 3067 3026 3143 ligatam
3072 3069 3465 3131 Sacramen-

1912 3187 2013 3261 tis,
2048 3186 2206 3266 quin
2237 3190 2463 3264 posset
2491 3185 2679 3248 aliter
2709 3186 2867 3249 dare
2902 3186 3216 3250 effectum
3255 3191 3461 3267 ipsius

1909 3307 2312 3369 Sacramenti
2357 3308 2499 3366 sine
2535 3305 2973 3369 SacramentO.

1989 3424 2306 3485 Caeterum
2354 3427 2428 3483 ut
2475 3422 2712 3484 eadem
2758 3425 2920 3486 ratio
2961 3424 3330 3501 applicatur
3376 3422 3461 3485 ad

1906 3559 2217 3622 praesenS,
2290 3542 2490 3604 habet
2569 3540 2830 3602 facilem
2912 3541 3304 3604 solutionem
3379 3558 3458 3605 ex

1905 3663 2263 3741 principiiS,
2339 3660 2424 3722 ad
2483 3677 2625 3739 quae
2679 3658 2849 3720 dicta
2908 3659 3153 3722 additio
3215 3661 3460 3724 debeat

1906 3781 2157 3850 reduci,
2192 3794 2432 3854 nempe
2463 3792 2597 3838 non
2630 3775 2767 3837 dari
2801 3774 2963 3837 duas
3013 3793 3244 3840 causas
3284 3782 3456 3840 tota·
3487 3795 3614 3846 Duae
3641 3811 3808 3845 causae

1903 3900 2002 3959 les
2052 3895 2355 3977 ejusdem
2401 3893 2680 3955 effectus
2740 3893 3146 3955 indivisibilis
3201 3896 3266 3955 in
3324 3913 3454 3957 esse
3484 3858 3832 3989 quffssffig'oe*

1906 4013 2184 4074 effectus
2234 4011 2321 4071 ita
2370 4014 2443 4070 ut
2489 4008 2567 4070 ab
2615 4024 2747 4069 una
2815 4013 3063 4070 tantum
3124 4013 3316 4071 natus
3373 4011 3455 4071 sit
3484 3984 3801 4096 igmssffgssss‘g

1903 4129 2178 4207 produci
2210 4134 2384 4190 totus
2433 4132 2499 4189 et
2545 4129 2845 4200 totaliter,
2893 4130 2946 4189 si
2992 4129 3268 4207 attingat
3312 4131 3456 4209 ejus

1905 4246 2430 4324 productionem,
2483 4243 2619 4304 sive
2670 4244 3277 4317 instrumentaliter,
3320 4248 3455 4310 sive

1903 4363 2213 4442 physice3
2263 4377 2395 4421 non
2442 4374 2524 4419 ex
2556 4357 2823 4420 defectu
2852 4360 3105 4422 virtutis
3133 4361 3200 4422 in
3234 4379 3453 4435 causa,

1902 4480 2024 4542 sed
2075 4496 2158 4540 ex
2205 4475 2469 4540 defectu
2503 4478 2879 4553 capacitatis
2923 4480 2988 4538 in
3034 4478 3299 4541 effectu.
3336 4481 3455 4540 Hu-

1895 4596 2007 4675 jus
2038 4595 2306 4675 generis
2350 4595 2585 4669 putant
2612 4592 2800 4653 multi
2833 4608 2981 4654 esse
3011 4591 3255 4654 formas
3296 4595 3452 4655 sub-

1904 4711 2240 4773 stantiales
2308 4710 2374 4769 in
2433 4706 2674 4771 eodem
2732 4726 2924 4786 passo
2985 4710 3451 4788 producibiles,

1904 4834 1989 4894 ita
2052 4835 2125 4890 ut
2192 4831 2247 4888 si
2317 4827 2448 4889 duo
2505 4830 2694 4907 ignes
2765 4830 3179 4907 applicentur
3234 4830 3454 4892 eidem

1902 4962 2122 5026 passm
2178 4941 2357 5022 quod
2403 4947 2628 5004 natum
2684 4950 2784 5005 est
2826 4947 3122 5023 recipere
3170 4943 3447 5008 formam

1901 5065 1981 5125 ab
2027 5061 2341 5122 alterutro
2387 5065 2641 5122 servata
2699 5061 3121 5138 proportione
3153 5063 3451 5125 activita-

1903 5181 2005 5249 tis,
2068 5177 2403 5250 distantia,
2455 5183 2521 5238 et
2581 5183 2823 5239 caetero
2868 5179 3100 5257 aequali
3157 5181 3222 5240 in
3267 5179 3449 5256 ipsis,

1893 5299 2200 5356 neutrum
2231 5310 2428 5371 posse
2472 5309 2697 5373 agere,
2762 5294 2883 5356 sed
2926 5295 3172 5373 requiri
3228 5296 3448 5358 deter-

1894 5411 2322 5473 minationem
2354 5410 2540 5486 primi
2586 5412 2868 5488 agentiS,
2917 5427 3044 5488 qua
3096 5427 3267 5471 unus
3319 5428 3448 5488 prae

1900 5528 2024 5588 alio
2071 5524 2547 5588 determinetur
2593 5527 2658 5587 in
2707 5526 2994 5605 agendO,
3042 5526 3453 5591 altero'nihil
