4255 6375
1468 417 1665 478 DlST.
1701 418 1800 477 vt.
1836 416 2211 491 QUAESTlo
2250 420 2293 479 1.
3397 418 3511 481 541

316 597 477 657 pum
509 583 621 640 aut
664 580 1128 659 Presbyterum
1175 594 1371 656 posse
1405 579 1690 639 Diacono
1724 593 1865 637 mu-

311 715 434 761 nus
483 696 855 774 baptizandi
887 676 1310 757 vcommittere
1365 699 1698 774 praesente
1757 696 1868 756 Sa-

307 813 605 886 cerdote,
651 815 761 891 qui
804 811 872 873 id
926 817 1319 890 praesentare
1379 817 1646 888 posset;
1721 828 1868 873 suc·

308 931 486 993 cedit
539 937 758 993 tamen
830 933 898 990 in
961 931 1087 992 hoc
1157 930 1516 1002 Sacerdoti,
1594 926 1866 1006 quando

306 1048 523 1120 abest,
569 1053 637 1110 et
688 1047 942 1110 ratione
1000 1047 1250 1127 gradus
1310 1053 1376 1109 et
1427 1049 1863 1109 necessitatis·

308 1166 401 1227 Ex
458 1182 589 1243 quo
648 1171 830 1243 patet
881 1165 965 1227 ad
1025 1164 1609 1229 confirmationem.
1673 1161 1865 1238 Quod

312 1281 580 1344 additur
624 1283 707 1345 de
752 1283 1067 1361 Philippo,
1109 1281 1556 1360 respondetur
1584 1295 1666 1340 ex
1706 1295 1862 1340 con-

313 1403 616 1462 cessione
654 1401 1117 1476 Apostolorum
1166 1416 1319 1461 eum
1364 1397 1754 1476 baptizasse,
1803 1400 1869 1458 et

309 1516 375 1575 in
421 1514 720 1576 absentia
777 1514 1051 1575 aliorum
1109 1514 1574 1577 ministrorum.
1651 1512 1863 1585 Quan-

311 1637 451 1696 lum
482 1629 569 1692 ad
598 1632 915 1693 Ananiam
962 1631 1271 1693 habuisse
1315 1630 1670 1707 specialem
1715 1644 1866 1689 con-

312 1745 682 1810 cessionem
754 1747 1032 1822 Christi;
1110 1747 1193 1808 de
1252 1764 1330 1809 eo
1403 1762 1536 1808 non
1612 1745 1869 1806 constat

308 1858 519 1923 fuisse
589 1863 974 1938 Diaconum,
1023 1861 1202 1940 quod
1273 1876 1523 1938 negare
1608 1858 1868 1921 videtur

312 1977 623 2039 Clemens
653 1980 982 2040 Romanus
1012 1977 1125 2039 lib.
1159 1979 1219 2041 8.
1255 1977 1569 2039 constitut.
1594 1993 1737 2053 cap.
1760 1975 1863 2037 46.

111 2132 176 2182 20.
352 2154 357 2159 .
392 2097 767 2170 Peccatum,
801 2095 981 2175 quod
1013 2096 1435 2158 committitur
1475 2096 1541 2156 in
1581 2108 1861 2170 usurpa-

111 2204 262 2322 ffiffi
316 2216 494 2275 tione
516 2213 683 2293 juris
727 2211 812 2275 ad
864 2214 1292 2291 Baptismum,
1352 2213 1613 2274 seclusa
1672 2212 1865 2291 igno-

111 2327 250 2433 ξ’ὲζῐξξ·
312 2333 546 2405 rantia,
594 2337 694 2392 est
739 2332 1041 2403 mortale,
1102 2331 1251 2410 quia
1312 2332 1376 2392 in
1421 2346 1492 2392 re
1539 2330 1722 2409 gravi
1767 2333 1868 2391 est

312 2450 650 2527 usurpatio
698 2449 867 2528 juris
924 2449 1140 2510 alieni.
1188 2449 1400 2528 Aliqui
1460 2452 1715 2526 negant
1756 2447 1863 2510 lai·

314 2582 467 2626 cum
520 2581 795 2642 peccare
847 2546 1201 2626 mortaliter
1245 2564 1510 2643 quando
1562 2565 1863 2644 privatim

313 2679 570 2743 confert
616 2682 1016 2759 Baptismum
1065 2682 1130 2743 in
1176 2682 1522 2759 praesentia
1572 2680 1862 2755 Diaconi,

313 2796 466 2873 quia
525 2811 655 2883 non
713 2804 987 2874 usurpat
1024 2797 1139 2876 jus
1187 2798 1497 2870 alienum,
1553 2812 1702 2858 cum
1741 2795 1865 2855 hoc

126 2980 135 2990 ‚
313 2929 448 2975 non
507 2916 853 2978 conveniat
914 2916 1227 2978 DiaconO.
1283 2914 1413 2975 Sed
1467 2914 1862 2975 contrarium

111 2996 288 3113 gfflmgi
318 3037 416 3090 est
445 3031 687 3105 verim,
724 3036 790 3091 et
828 3031 1220 3108 supponitur
1266 3029 1525 3104 falsum,
1578 3029 1726 3108 quia
1782 3044 1864 3089 ex

111 3112 287 3220 ssffitssn
318 3143 506 3209 dictis
550 3151 732 3224 patet
775 3149 839 3209 in
889 3147 1185 3210 absentia
1218 3144 1591 3208 Sacerdotis
1623 3151 1687 3206 et
1715 3145 1864 3223 Epi-

111 3233 247 3280 ἐπὶ·
316 3265 524 3342 scopi,
570 3264 695 3325 hoc
722 3265 837 3344 jus
869 3263 1126 3328 devolvi
1174 3262 1259 3324 ad
1303 3262 1681 3324 diaconum.
1713 3261 1866 3321 Ser-

318 3379 572 3441 vandus
617 3386 718 3442 est
765 3397 923 3460 ergo
976 3380 1163 3454 ord0,
1217 3384 1291 3443 ut
1334 3381 1565 3442 mulier
1602 3381 1666 3440 in
1700 3391 1863 3454 prae-

317 3498 531 3559 sentia
562 3498 677 3559 viri
723 3514 856 3560 non
886 3498 1192 3576 baptizet,
1226 3512 1350 3559 nec
1380 3497 1584 3557 laicus
1613 3496 1678 3555 in
1710 3510 1867 3571 prae·

112 3632 223 3685 ero
321 3615 532 3675 sentia
563 3614 815 3689 Clerici,
847 3613 931 3676 ad
956 3630 1157 3694 quom
1191 3630 1273 3675 ex
1303 3612 1715 3675 ordinatione
1747 3626 1865 3672 sua

111 3701 300 3812 ῥῖῗζζῖζξ
324 3732 536 3810 magis
566 3736 823 3808 spectat
849 3748 991 3792 rem
1013 3747 1266 3793 sacram
1311 3734 1609 3804 tractare,
1643 3743 1865 3806 neque

111 3823 239 3872 ’Μ’
323 3849 607 3926 simplex
638 3849 925 3910 Clericus
952 3849 1021 3910 in
1060 3847 1399 3927 praesentia
1445 3845 1865 3928 Subdiaconi,

111 3887 278 3939 uslei-io.

321 3980 543 4042 neque
583 3966 908 4027 Diaconus
955 3963 1020 4026 in
1073 3966 1416 4043 praesentia
1465 3961 1865 4042 Presbyteri,

312 4087 534 4151 neque
604 4073 955 4155 Presbyter
1014 4076 1156 4137 sine
1229 4077 1493 4136 licentia
1538 4075 1867 4151 Episcopi,

309 4188 503 4251 modo
539 4189 682 4268 jam
721 4189 915 4254 dicto,
979 4193 1186 4267 Quale
1235 4198 1459 4254 autem
1517 4197 1866 4270 peccatum

308 4306 390 4366 sit
444 4306 726 4370 inversio
797 4307 998 4386 hujus
1060 4307 1330 4384 ordinis,
1396 4294 1869 4387 quo‘inferiori

318 4419 517 4483 debet
554 4422 794 4485 cedere
843 4425 1168 4503 superior,
1212 4428 1263 4486 si
1295 4424 1618 4488 referatur
1647 4425 1731 4488 ad
1754 4426 1868 4506 jus

310 4539 652 4616 positivum
711 4541 1272 4616 Ecclesiasticum‚
1326 4543 1453 4605 tale
1501 4547 1623 4612 est,
1659 4543 1869 4621 qualis

310 4662 405 4718 est
436 4657 806 4735 prohibitiO,
870 4663 937 4721 et
980 4659 1176 4738 quale
1229 4665 1328 4721 est
1363 4660 1477 4740 jus
1523 4660 1864 4738 praesentis

315 4773 493 4851 quod
520 4775 814 4839 violatur.
850 4778 913 4840 Si
943 4775 1264 4840 referatur
1290 4778 1372 4839 ad
1397 4780 1511 4859 jus
1546 4776 1864 4847 divinum,

315 4893 380 4950 et
407 4895 807 4970 praeceptum
853 4893 1231 4973 religionis;
1284 4893 1350 4955 id
1392 4895 1678 4971 primum
1717 4910 1868 4955 con·

318 5010 447 5068 stat
488 5023 570 5068 ex
620 5006 805 5070 dictis
855 5010 1218 5088 quemlibet
1261 5027 1455 5089 posse
1500 5012 1870 5073 ministrare

322 5124 723 5204 Baptismum
763 5127 831 5187 in
885 5144 1041 5189 casu
1081 5132 1392 5190 extremae
1434 5128 1866 5202 necessitatiS,

111 5243 295 5357 Qfficgs
331 5257 472 5320 quaa
512 5244 874 5305 necessitas
923 5243 1009 5307 ita
1072 5244 1563 5325 interpretanda
1615 5247 1740 5321 est,
1800 5248 1872 5304 ut

111 5365 297 5489 {apd-{133}
326 5373 456 5418 non
513 5360 726 5420 solum
790 5365 1090 5421 sumatur
1144 5361 1502 5439 respective
1559 5359 1642 5420 ad
1690 5376 1867 5434 eum,

125 5503 180 5540 m.
326 5475 426 5535 cui
459 5473 657 5537 debet
685 5476 1059 5550 ministrari,
1091 5477 1212 5539 sed
1259 5478 1455 5539 etiam
1500 5477 1868 5554 respective

323 5588 403 5650 ad
460 5589 619 5654 alios
668 5598 1047 5671 praesenteS,
1098 5594 1335 5673 quibus
1383 5594 1699 5671 competit
1744 5591 1865 5654 mi-

1980 576 2282 651 nistrare,
2330 596 2454 640 nec
2500 580 2882 659 praejudicat
2935 581 3296 643 necessitas
3342 580 3535 641 mini·

1979 693 2226 756 strandi
2288 695 2600 774 Baptismi
2659 697 2802 758 aliis
2850 700 3220 775 praeceptis,
3292 697 3534 775 quibus

1980 809 2142 871 ordo
2174 811 2343 872 inter
2370 813 2545 889 ipsas
2579 828 2898 889 personas
2943 815 3272 875 statuitur.

2061 926 2265 987 Primo
2311 926 2376 986 in
2421 927 2496 986 iis
2541 944 2685 1006 quae
2714 933 2867 990 sunt
2896 929 2979 991 ad
3021 931 3253 1003 Deum,
3288 929 3530 1007 prima-

1984 1048 2084 1105 tus
2116 1048 2430 1123 competit
2458 1047 2608 1109 viris
2637 1065 2835 1126 supra
2864 1065 3093 1110 sexum
3121 1047 3533 1120 foemineum,

1980 1165 2234 1227 caeteris
2287 1164 2576 1241 paribuS,
2625 1170 2690 1226 et
2746 1166 2917 1227 inter
2966 1171 3219 1243 patrem
3272 1171 3340 1228 et
3390 1183 3529 1229 ma·

1983 1290 2171 1358 trem,
2224 1284 2489 1364 quando
2541 1286 2646 1346 alii
2687 1299 2821 1347 non
2862 1285 3126 1361 adsunt,
3161 1290 3417 1364 spectat
3448 1285 3533 1348 ad

1980 1406 2232 1478 patrem
2290 1401 2622 1478 baptizare
2679 1418 2871 1463 suum
2928 1400 3248 1464 infantem
3317 1402 3530 1480 magis

1979 1533 2180 1595 quam
2236 1517 2319 1579 ad
2380 1522 2696 1591 matrem;
2757 1519 2809 1578 si
2867 1522 3090 1580 autem
3148 1516 3338 1579 adest
3407 1516 3531 1580 alia

1979 1650 2262 1711 persona
2294 1635 2490 1695 etiam
2519 1634 2778 1704 mulier,
2803 1635 2908 1696 illa
2943 1635 3145 1696 debet
3173 1634 3530 1712 baptizare,

1978 1752 2031 1812 si
2088 1754 2310 1828 potest
2354 1754 2419 1812 et
2463 1753 2742 1823 noverit,
2808 1751 2958 1829 quia
3017 1750 3083 1811 id
3141 1751 3533 1829 prohibitum

1980 1869 2081 1926 est
2110 1865 2493 1943 parentibus
2537 1865 2757 1928 facere
2789 1866 2852 1927 in
2900 1865 3353 1946 praeJudicium
3397 1882 3534 1929 ma-

1983 1981 2287 2053 trimonii,
2330 1981 2509 2059 quod
2550 1997 2683 2044 non
2740 1984 3025 2044 occurrit
3083 1984 3348 2063 quando
3414 1983 3536 2045 soli

1977 2096 2243 2160 adsunt.
2319 2096 2491 2159 {nter
2546 2098 2747 2192 laicos
2805 2104 3025 2160 autern
3084 2103 3154 2161 et
3222 2099 3530 2168 Clericos,

1978 2212 2280 2274 ordinem
2334 2214 2555 2274 statuit
2598 2212 2778 2287 ordo,
2824 2219 2898 2275 ut
2939 2214 3039 2275 his
3089 2216 3298 2293 magis
3358 2231 3533 2276 com·

1981 2333 2207 2406 petant
2271 2346 2372 2404 ea,
2435 2346 2577 2408 quae
2632 2331 2969 2410 religionis
3029 2336 3183 2393 sunt
3228 2335 3529 2401 tractare,

1977 2446 2041 2506 in
2100 2446 2399 2507 absentia
2472 2447 2770 2517 aliorum,
2839 2452 2904 2509 et
2966 2464 3096 2526 quo
3155 2447 3360 2525 major
3433 2453 3533 2508 est

1979 2560 2141 2623 ordo
2176 2566 2242 2621 et
2270 2559 2541 2638 gradum
2575 2579 2653 2623 eo
2694 2564 2903 2642 magis
2950 2562 3267 2624 fundatur
3301 2563 3415 2643 jus
3465 2566 3533 2624 et

1981 2676 2297 2739 debitum.
2375 2679 2545 2739 lnter
2614 2679 2773 2743 alios
2831 2680 3205 2756 superiores
3261 2677 3529 2741 ordines

1969 2792 2109 2872 jam
2143 2792 2388 2855 dictum
2434 2800 2534 2855 est
2582 2794 2985 2857 servandum
3035 2811 3182 2857 esse
3224 2795 3527 2857 ordinem

1978 2928 2013 2970 a
2046 2910 2421 2972 Canonibus
2455 2910 2806 2987 praefixum,
2842 2913 2953 2991 qui
2999 2929 3081 2974 ex
3121 2912 3326 2991 ipsius
3357 2910 3525 2973 ordi-

1977 3024 2079 3085 nis
2124 3030 2193 3086 et
2235 3025 2483 3105 gradus
2528 3030 2884 3090 eminentia
2933 3027 3285 3089 redundat.

2061 3142 2266 3218 Quale
2298 3151 2514 3206 autem
2542 3143 2626 3204 sit
2655 3144 2778 3207 ho'c
2811 3145 3205 3224 peccatum?
3237 3160 3321 3206 an
3350 3159 3530 3204 mor-

1978 3259 2132 3331 tale,
2193 3275 2278 3320 an
2334 3260 2638 3321 veniale?
2684 3268 3002 3339 quantum
3060 3265 3164 3322 est
3211 3277 3293 3323 ex
3345 3264 3530 3337 parte

1968 3374 2139 3452 juris
2197 3373 2396 3451 divini
2453 3375 2743 3439 dicerem
2800 3376 3158 3455 aliquando
3218 3392 3367 3438 esse
3412 3390 3525 3437 ve-

1980 3491 2178 3565 niale,
2225 3491 2578 3571 aliquando
2628 3494 2920 3568 mortale,
2971 3492 3319 3573 aliquando
3381 3492 3529 3553 nul-

1979 3608 2132 3668 lum.
2197 3608 2259 3668 Si
2314 3625 2395 3670 ex
2454 3614 2836 3688 contemptu
2881 3610 2989 3672 ssat
3033 3607 3536 3672 debiti‘ordinis

1978 3722 2309 3798 servandi,
2389 3722 2754 3801 judicarem
2838 3726 3113 3787 mortale
3161 3744 3177 3798 ;
3268 3725 3534 3805 quando

1980 3838 2147 3898 alter
2190 3836 2383 3918 ‚cedit
2427 3839 2562 3917 juri
2619 3855 2764 3910 su0,
2827 3839 3061 3901 nolens
3131 3839 3530 3910 ministrare,

1981 3963 2135 4017 tunc
2173 3956 2426 4017 nullum
2471 3961 2571 4017 est
2614 3961 2986 4034 peccatum,
3039 3956 3159 4019 nisi
3221 3972 3302 4017 ex
3350 3959 3535 4033 parte

1984 4070 2322 4145 cedentis;
2373 4070 2637 4149 quando
2672 4087 2753 4132 ex
2797 4069 3078 4149 quadam
3131 4069 3538 4149 negligentia

1984 4186 2325 4265 contingit,
2359 4184 2526 4247 forte
2559 4190 2737 4248 esset
2769 4187 3048 4257 veniale,
3084 4193 3196 4249 aut
3239 4204 3318 4250 ex
3371 4202 3531 4263 prae·

1983 4304 2382 4381 sumptione,
2445 4302 2624 4381 quod
2678 4304 2845 4364 alter
2901 4303 3114 4366 cedat.
3177 4305 3315 4365 Haec
3357 4302 3531 4364 dicta

1983 4421 2113 4479 sint
2157 4417 2239 4479 de
2283 4416 2695 4479 inferioribus
2742 4418 3083 4498 gradibus,
3138 4419 3288 4498 quia
3329 4418 3534 4480 Cano-

1985 4549 2105 4596 nes
2162 4535 2226 4595 in
2284 4534 2734 4612 superioribus
2792 4533 3092 4597 ordinem
3140 4540 3530 4613 posuerunt.

1986 4654 2151 4728 Dixi,
2188 4651 2452 4731 quando
2501 4652 2646 4731 quis
2696 4651 2872 4712 cedit
2923 4659 3169 4715 tantum
3202 4652 3338 4732 juri
3386 4668 3534 4725 su0,

1985 4774 2051 4830 et
2106 4786 2240 4831 non
2303 4767 2707 4847 intelligatur
2771 4768 3140 4831 succedere
3212 4769 3376 4830 alter
3448 4768 3532 4829 de

1983 4888 2245 4949 licentia
2291 4886 2459 4967 ejuS,
2505 4892 2617 4947 aut
2655 4901 2851 4963 posse
2902 4887 3253 4949 ministrari
3295 4886 3379 4947 de
3415 4901 3531 4946 ea-

1987 5005 2142 5069 dem
2172 5006 2432 5068 licentia
2463 5005 2979 5077 Sacramentum,
3015 5004 3167 5082 quia
3199 5003 3535 5065 licentiam

1986 5123 2144 5185 dare
2180 5124 2490 5200 competit
2533 5121 2868 5199 Episcopis
2928 5127 2995 5183 et
3040 5119 3529 5192 Sacerdotibus,

1986 5257 2118 5302 non
2149 5240 2289 5302 aliis
2323 5258 2338 5313 ;
2369 5239 2480 5317 qui
2516 5244 2736 5300 tamen
2760 5238 2902 5299 sine
2932 5241 3176 5300 motivo
3209 5254 3529 5317 congru0‚

1983 5357 2049 5416 in
2108 5355 2379 5416 articulo
2471 5354 2887 5416 necessitatis
2943 5370 3075 5416 non
3137 5355 3530 5426 ministrant,

1986 5479 2266 5554 peccant
2319 5472 2628 5553 graviter,
2688 5474 2837 5550 quia
2891 5480 3288 5549 praeceptum
3330 5471 3396 5532 in
3453 5487 3531 5532 eo

1985 5609 2142 5655 casu
2189 5595 2367 5670 Ipsos
2416 5592 2592 5653 solos
2636 5589 2908 5669 obligat,
2959 5589 3198 5668 quibus
3232 5587 3529 5650 cedenti·

3685 3159 3798 3211 21.·.
