4255 6375
755 374 874 440 598

765 539 1242 632 suscipienti
1287 545 1908 617 Sacramentum
1949 561 2111 614 non
2168 544 2306 615 ite·

766 655 1045 739 rabile,
1093 660 1375 751 utpote
1415 659 1601 732 ficto
1643 659 2117 752 suscipienti
2181 680 2307 730 or-

760 771 1028 845 dinem
1090 773 1218 844 vel
1295 777 2045 859 confirmationem3
2127 778 2306 851 cha·

766 894 1042 965 racter
1088 896 1364 965 autem
1404 913 1727 986 semper
1769 895 2304 986 imprimitur.

764 1010 935 1080 Hoc
966 1006 1216 1080 etiam
1247 1013 1588 1101 apparet
1629 1030 1727 1107 ex
1766 1010 2104 1102 quadam
2148 1009 2310 1082 alia

760 1123 1243 1206 conditione,
1317 1145 1560 1216 quam
1610 1127 2156 1200 communiter
2192 1127 2310 1199 lo-

767 1244 1098 1333 quentes
1133 1240 1591 1317 attribuunt
1632 1243 2116 1328 characteri,
2157 1246 2309 1319 sci-

766 1354 953 1427 licet
1008 1356 1213 1446 quod
1252 1362 1377 1430 est
1420 1358 1902 1440 indelebilis;
1958 1359 2311 1434 virtutes

763 1492 859 1544 au
877 1477 1037 1545 tem
1082 1474 1260 1546 istae
1295 1478 1482 1547 sunt
1521 1474 1923 1557 delebiles,
1961 1480 2050 1550 ut
2083 1482 2308 1568 patet

766 1590 857 1661 de
890 1596 1275 1682 peccante
1320 1592 1815 1674 mortaliter,
1847 1593 1927 1665 in
1961 1614 2114 1685 quo
2151 1615 2309 1666 non

768 1711 1194 1780 remanent
1230 1706 1407 1781 istae
1443 1708 1812 1781 virtutes.

1182 1995 1820 2064 COMMENTARIUS
1837 2050 1850 2062 .

767 2490 1124 2556 character.
1232 2493 1349 2555 Hic
1413 2490 1691 2577 explicat
1756 2493 1911 2579 quid
1998 2496 2307 2580 nominis,

760 2608 951 2693 juxta
1024 2625 1437 2671 communem
1514 2610 1911 2675 sententiam
1999 2622 2311 2701 χαρακτὴρ

771 2722 946 2787 enini
1015 2723 1263 2800 Graece,
1327 2723 1551 2789 Latine
1624 2726 1849 2810 sipara
1922 2726 2161 2796 dicitur
2217 2737 2313 2798 καὶ

793 2846 1103 2924 ’χαρακτὴρ
1143 2857 1251 2923 τῆς
1284 2846 1655 2920 υποστάσεως
1696 2846 1895 2924 αὑτοῦ,
1940 2845 2018 2911 ad
2052 2847 2315 2913 Hebrae-

774 2974 849 3020 os
883 2960 944 3022 1.
988 2967 1049 3021 ec
1085 2956 1308 3042 siqura
1338 2958 1725 3025 substantia.»
1764 2965 1924 3048 ejus,
1950 2975 2076 3029 etc.
2104 2965 2316 3033 Omis-

768 3070 865 3136 sis
894 3071 1037 3157 ejus
1069 3071 1582 3158 acceptionibus,
1620 3095 1782 3161 quas
1831 3076 1897 3142 in
1938 3077 2153 3146 littera
2202 3081 2313 3146 ad-

773 3186 972 3268 ducit,
1019 3189 1304 3256 sumitur
1335 3191 1413 3257 ad
1451 3193 1857 3278 propositum
1928 3197 2315 3282 quaestionis

775 3306 1145 3391 praesentiS‚
1192 3327 1308 3392 pro
1349 3308 1568 3395 aliquo
1623 3310 1947 3395 spirituali
1988 3313 2314 3400 impresso

773 3441 809 3487 a
851 3423 979 3486 Deo
1055 3421 1122 3486 in
1196 3422 1439 3502 anima,
1505 3423 1831 3493 mediante
1890 3429 2316 3497 Sacramento

773 3538 1110 3624 Baptismi‚
1147 3539 1335 3626 cujus
1383 3540 1624 3628 duplex
1664 3554 1762 3609 est
1809 3543 2101 3626 effectuS‚
2147 3547 2314 3615 alius

772 3654 1115 3740 Physicus‚
1152 3654 1317 3722 alius
1357 3657 1643 3725 moralis.
1693 3659 2014 3747 Physicus
2082 3675 2205 3743 est,
2244 3678 2314 3730 ut

772 3771 857 3836 sit
925 3770 1307 3838 assimilatio
1372 3775 1647 3862 subjecti
1725 3777 1804 3844 ad
1888 3778 2062 3845 aliud
2139 3781 2310 3868 quod

775 3887 970 3953 habet
996 3887 1278 3953 similem
1311 3889 1612 3972 formam,
1656 3905 1721 3959 et
1783 3893 2203 3963 distinctivus
2277 3919 2313 3964 a

774 4023 903 4069 non
927 4004 1228 4091 signat03
1276 4009 1539 4075 moralis
1569 4022 1691 4090 est,
1754 4023 1825 4077 ut
1864 4012 2130 4099 signum
2175 4036 2312 4081 me-

770 4121 1157 4188 morativum
1228 4123 1630 4192 Sacramenti
1716 4131 2001 4215 suscepti
2062 4131 2314 4196 consor-

768 4237 1077 4303 mativum
1120 4239 1401 4317 Christo,
1457 4252 1521 4307 et
1581 4241 2044 4331 obligatorium
2108 4246 2314 4312 susci-

775 4352 1014 4439 pientis
1064 4357 1557 4424 Sacramentum
1590 4359 1666 4424 ad
1725 4360 1935 4448 legem
1978 4375 2041 4427 et
2089 4361 2309 4444 fidem,

767 4473 958 4559 cujus
989 4483 1087 4538 est
1123 4473 1423 4541 initiatio.
1465 4475 1627 4544 Hinc
1657 4477 2029 4546 excluditur
2058 4482 2139 4547 ab
2170 4481 2313 4550 aliis

767 4587 1111 4655 effectibus
1187 4593 1609 4673 Sacramenti‚
1657 4610 1731 4661 ut
1769 4607 1924 4662 sunt
1973 4599 2185 4684 gratia
2252 4612 2315 4667 et

676 4739 679 4742 Δ
771 4705 1070 4785 virtutes,
1134 4727 1283 4793 quae
1338 4707 1547 4775 amitti
1615 4725 1892 4796 possunt
1930 4733 2047 4799 per
2087 4735 2315 4801 pecca-

774 4834 936 4901 tum,
985 4821 1228 4889 nonita
1279 4824 1638 4893 character.

489 3458 685 3532 Duplex

479 3537 700 3637 εῧεέἓὶῖιε.

1347 5078 1743 5138 SCHOLIUM.

838 5285 1015 5340 Ponit
1044 5286 1418 5342 sententiam
1471 5291 1835 5357 negantium
1889 5292 2316 5351 characterem

768 5389 827 5440 et
847 5384 1261 5444 auctoritates,
1288 5385 1517 5454 quibus
1539 5401 1641 5442 eos
1664 5388 1994 5458 impugnat
2013 5393 2077 5447 D.
2103 5392 2317 5451 Thom.

768 5496 921 5554 quas
950 5482 1218 5540 ostendit
1257 5498 1380 5540 non
1432 5500 1682 5554 urgere,
1734 5502 1847 5543 nec
1878 5486 1955 5544 ad
2005 5491 2318 5548 intentum

772 5584 1095 5639 auctorum
1129 5579 1377 5638 adduci.

1861 383 2004 445 Lm.
2039 384 2140 447 IV.
2173 382 2769 449 SEN'OEN'rtARtJu

2510 544 2954 618 Secundum
2996 547 3097 636 (b)
3153 546 3609 639 principale
3656 553 3789 630 est,
3829 568 3908 619 an
3989 584 4031 651 εἰ

2416 657 2718 749 aliquid
2749 658 3047 733 habens
3100 660 3336 734 istam
3382 662 3770 734 rationem
3808 643 4087 757 tio-'ffiff

2422 774 2687 857 miniS,
2749 778 2827 848 et
2887 777 3093 849 alias
3172 780 3743 871 proprietates,
3805 780 3913 851 im·
3955 771 4072 892 ζώῃ

2425 891 2835 983 primatur
2868 893 2949 965 in
2990 895 3352 967 animam
3401 895 3800 988 baptizati.
3841 900 3914 971 Et
3970 897 4070 945 ³³²²—

2420 1004 2721 1080 dicitur
2754 1008 2958 1099 quod
2997 1028 3182 1094 non,
3220 1014 3302 1082 et
3353 1011 3637 1082 modus
3685 1031 3920 1103 ponen-

2420 1117 2496 1190 di
2536 1123 2661 1192 est
2694 1120 2849 1194 iste
2885 1147 2899 1191 ε
2948 1121 3159 1196 sicut
3192 1122 3410 1217 enim
3443 1123 3528 1195 in
3573 1124 3923 1216 aliquibus

2419 1237 2950 1319 consecratis,
2992 1258 3167 1329 quae
3221 1238 3303 1310 in
3352 1240 3927 1314 consecratione

2422 1370 2572 1423 sua
2611 1372 2772 1425 non
2817 1354 3223 1446 recipiunt
3259 1354 3778 1429 sanctitatem
3805 1358 3930 1429 for-

2427 1470 2745 1552 malem,
2837 1471 3039 1544 nihil
3147 1473 3369 1545 reale
3447 1473 3932 1566 imprimitur,

2425 1584 2542 1659 ita
2581 1588 2705 1659 est
2754 1586 2836 1660 in
2883 1589 3334 1681 proposito,
3393 1610 3581 1662 cum
3646 1592 3935 1684 suscipi-

2426 1721 2570 1774 ens
2616 1706 3239 1779 Sacramentum
3297 1726 3462 1779 non
3514 1711 3935 1781 necessario

2429 1820 2772 1913 recipiat
2863 1823 3387 1895 sanctitatem
3520 1823 3932 1906 formalem,

2428 1939 2649 2012 nulla
2691 1939 2843 2012 sibi
2895 1940 3166 2012 forma
3218 1938 3466 2012 realis
3511 1941 3935 2014 necessario

2427 2057 2956 2150 imprimitur.
3029 2063 3489 2144 Similitudo
3560 2073 3939 2165 probatur,

2429 2176 2615 2269 quia
2655 2177 2818 2251 alia
2869 2182 3404 2269 sanctificata,
3453 2210 3634 2280 quae
3667 2209 3819 2262 non
3853 2211 3941 2264 re-

2427 2294 2741 2387 cipiunt
2845 2302 3366 2376 sanctitatem
3481 2306 3941 2390 formaliter,

2427 2432 2588 2482 non
2680 2414 3294 2507 distinguuntur
3408 2422 3510 2494 ab
3629 2423 3941 2501 homine.

2429 2535 2818 2619 quantum
2866 2532 2961 2604 ad
3003 2534 3251 2608 istum
3312 2543 3619 2621 actum.
3678 2543 3947 2633 quando

2426 2664 2525 2715 ex
2571 2646 2728 2720 isto
2784 2654 2966 2722 actu
3029 2672 3190 2723 non
3244 2656 3537 2748 recipit
3601 2658 3946 2732 sanctita·

2429 2766 2617 2834 tem.
2688 2766 3216 2862 Assumptum
3294 2776 3569 2845 autem
3651 2775 3742 2847 de
3812 2776 3945 2849 illis

2428 2881 2611 2954 aliis
2648 2887 2894 2975 patet,
2928 2888 3102 2958 tum
3139 2887 3216 2967 in
3250 2890 3501 2964 calice
3535 2893 3947 2967 sanctifica·

2427 3004 2537 3084 tc,
2585 3002 2770 3092 quia
2838 3004 3148 3077 nullam
3232 3005 3591 3082 formam
3681 3012 3942 3084 realem

2431 3118 2760 3212 recipit;
2820 3126 2991 3195 tum
3054 3122 3132 3195 in
3192 3125 3559 3199 Ecclesia
3624 3129 3948 3204 dedicata

2425 3237 2553 3308 vel
2585 3257 2794 3332 aqua
2837 3239 3265 3328 benedicta,
3315 3249 3396 3317 et
3435 3246 3802 3320 vestibus
3841 3252 3946 3322 Sa-

2428 3357 2974 3430 cerdotalibus
3020 3364 3100 3432 et
3139 3358 3624 3452 hujusmodi.

2516 3477 2629 3549 Ad
2665 3477 2907 3551 istam
2939 3480 3544 3553 conclusionem
3591 3486 3947 3575 arguitur

2428 3591 2696 3685 primo
2761 3595 2877 3666 sic
2944 3619 2958 3661 :
3024 3595 3248 3669 Siout
3315 3601 3722 3689 sequendo
3792 3599 3947 3672 rati·

2427 3730 2661 3782 onem
2722 3714 3209 3797 naturalem,
3265 3735 3427 3788 non
3479 3721 3675 3791 sunt
3751 3719 3945 3810 plura

2427 3832 2836 3925 ponenda,·
2877 3852 3225 3923 quorum
3294 3836 3748 3909 necessitas
3820 3855 3944 3907 non

2422 3950 2763 4038 apparet
2790 3966 2887 4017 ex
2921 3949 3138 4019 notis
3183 3949 3622 4022 secundum
3657 3956 3946 4024 natura-

2427 4062 2584 4134 lem
2626 4062 3056 4145 rationem,
3104 4064 3218 4137 ita
3261 4064 3353 4136 de
3399 4067 3765 4150 creditis,
3814 4086 3940 4139 non

2429 4183 2615 4250 sunt
2687 4180 3045 4271 ponenda
3104 4179 3366 4272 plura,
3440 4203 3792 4275 quorum
3844 4203 3943 4254 ne-

2426 4295 2770 4370 cessitas
2855 4318 3016 4369 non
3101 4302 3440 4390 apparet
3540 4301 3941 4375 secundum

2424 4413 2700 4495 fidem;
2748 4414 2880 4486 sed
2931 4414 3377 4488 necessitas
3423 4417 3626 4489 talis
3696 4418 3942 4490 formae

2429 4529 2847 4622 impressae
2908 4550 3066 4602 non
3131 4537 3500 4625 apparet,
3554 4535 3806 4607 etiam
3857 4553 3943 4604 se-

2427 4647 2772 4720 cundum
2832 4667 2950 4732 ea,
3017 4669 3191 4742 quae
3253 4655 3440 4722 sunt
3518 4651 3826 4724 credita
3875 4650 3942 4720 de

2428 4762 2877 4856 Baptismo,
2903 4745 3140 4855 ergo,
3177 4766 3328 4838 etc.
3379 4764 3656 4837 Minor
3699 4763 3940 4857 proba·

2429 4885 2589 4962 tur,
2629 4878 2818 4970 quia
2847 4900 2991 4952 nec
3028 4880 3458 4974 Scriptura
3493 4901 3739 4955 sacra
3769 4874 3938 4955 istud

2427 4987 2816 5080 exprimit
2883 5009 3062 5062 esse
3102 4993 3661 5066 necessarium
3705 4994 3781 5065 in
3827 4993 3938 5064 Ba·

2434 5107 2759 5199 ptismo,
2815 5126 2958 5179 nec
3029 5107 3304 5181 Sancti
3365 5109 3935 5203 explicite;nec

2428 5219 2799 5311 sequitur
2828 5221 3243 5295 evidenter
3270 5242 3368 5294 ex
3422 5224 3771 5298 veritate
3821 5224 3931 5294 Ba·

2433 5337 2710 5430 ptismi
2768 5337 3104 5423 credita,
3161 5339 3350 5430 quia
3419 5344 3600 5413 tota
3662 5341 3930 5413 veritas

2428 5452 2828 5545 Baptismi
2875 5453 3255 5530 consistit
3304 5455 3389 5528 in
3443 5456 3925 5532 sacramento

2432 5568 2733 5641 visibili
2772 5572 2850 5642 et
2904 5569 3202 5645 effectu
3235 5569 3670 5658 invisibili;
3719 5574 3920 5645 istum
