4255 6375
742 392 855 455 130

732 558 800 616 in
830 568 993 633 pura
1025 557 1348 626 creatura,
1391 553 1466 613 ut
1508 550 1691 628 patet
1736 547 1803 608 in
1848 545 1908 607 3.
1961 545 2024 605 d.
2070 542 2173 605 20.
2224 539 2278 602 si

729 671 1144 735 ordinaretur
1205 677 1400 750 caput
1466 667 1730 749 generis
1800 662 2070 727 humani
2130 675 2279 722 cum

729 791 936 870 gratia
969 794 1037 851 et
1064 793 1391 868 potestate
1422 790 1491 851 et
1531 783 1869 847 influentia
1903 780 2156 859 capitis.

1291 1006 1668 1066 SCHOLIUM
1683 1047 1698 1060 .

808 1206 924 1259 Pro
976 1199 1148 1258 omni
1195 1202 1355 1255 statu
1416 1199 1553 1269 post
1618 1195 1880 1266 lapsum,
1933 1203 2283 1262 congruum

736 1300 934 1357 fuisse
973 1298 1221 1355 institui
1255 1298 1744 1359 Sacramentum,
1773 1306 1894 1349 non
1925 1296 2134 1348 tamen
2171 1304 2286 1361 pro

736 1404 897 1457 statu
921 1398 1294 1455 innocentiae
1324 1395 1427 1451 vel
1465 1394 1703 1467 patriae.
1735 1395 1933 1448 Ateus.
1968 1406 2085 1463 sup
2117 1405 2198 1446 m.
2224 1392 2281 1447 2.

736 1500 800 1554 et
831 1495 1203 1553 communis.
1238 1492 1311 1551 Et
1353 1493 1501 1549 licet
1537 1493 1776 1547 asserat
1813 1489 1901 1545 ibi
1941 1487 2281 1560 cum'JHug.

739 1594 848 1652 lib.
899 1595 951 1651 1.
994 1592 1069 1650 de
1109 1594 1380 1649 Sacram.
1425 1605 1485 1662 p.
1527 1591 1583 1646 8.
1616 1605 1670 1646 c.
1715 1591 1799 1646 12.
1840 1587 1928 1645 13.
1963 1588 2287 1644 Matrimo-

740 1693 912 1750 nium
944 1694 1007 1749 in
1039 1696 1200 1749 statu
1231 1690 1597 1748 innocentiae
1624 1702 1759 1745 esse
1789 1688 2283 1751 Sacramentum,

739 1794 1045 1864 intelligit
1109 1791 1187 1849 de
1252 1791 1653 1848 Sacramento
1700 1785 2049 1845 secundum
2108 1782 2284 1857 quid,

740 1893 1048 1961 quatenus
1075 1886 1391 1958 significat
1426 1887 1856 1959 quodcumque
1886 1884 2284 1955 mysterium.

830 2071 946 2142 De
986 2068 1237 2143 tertio
1280 2068 1378 2159 (c)
1411 2064 1764 2139 articulo
1805 2067 2149 2157 apparet
2186 2084 2284 2135 ex

747 2185 1043 2279 primo.
1075 2187 1286 2258 Nam
1322 2203 1470 2277 pro
1512 2202 2013 2275 quocumque
2064 2184 2285 2255 statu

748 2304 827 2376 in
882 2325 1036 2395 quo
1087 2305 1213 2375 est
1255 2299 1611 2383 morbuS,
1655 2298 2120 2371 necessaria
2164 2304 2289 2373 est

748 2419 1166 2502 medicina,
1209 2423 1290 2491 et
1333 2439 1479 2511 pro
1522 2434 2026 2510 quocumque
2067 2418 2285 2489 statu

742 2537 897 2610 viae
955 2538 980 2626 (
1039 2535 1390 2609 maxime
1434 2539 1618 2626 post
1693 2533 2064 2625 lapsum)
2106 2552 2291 2604 con-

742 2671 1041 2745 gruum
1085 2657 1211 2724 est
1262 2650 1671 2722 hominem
1722 2647 2152 2721 manuduci
2194 2648 2290 2719 ad

743 2767 1184 2842 invisibilia
1260 2787 1406 2860 per
1479 2765 1799 2857 aliquod
1881 2761 2285 2844 sensibile;

740 2885 872 2957 sed
934 2883 1013 2956 in
1078 2883 1296 2956 omni
1357 2885 1576 2956 statu
1644 2881 1795 2952 viae
1854 2882 1877 2971 (
1936 2863 2290 2953 maxime

739 3003 924 3092 post
964 2997 1285 3092 lapsum
1330 3002 1355 3088 )
1399 2997 1730 3069 morbus
1771 3000 1895 3068 est
1939 2995 2018 3069 in
2061 2999 2290 3068 natu·

743 3130 876 3193 ra;
913 3130 1113 3203 ergo
1150 3131 1297 3203 pro
1352 3109 1570 3182 omni
1615 3108 1781 3192 illo,
1828 3127 2289 3200 congruum

738 3232 863 3302 est
903 3227 1228 3318 aliquod
1276 3225 1598 3300 institui
1641 3227 2288 3299 Sacramentum.

745 3346 836 3417 In
895 3342 1229 3438 speciali
1287 3347 1584 3423 autem,
1657 3361 1759 3414 an
1827 3342 2064 3435 plura
2142 3360 2292 3434 pro

743 3469 1114 3556 tempore
1153 3461 1510 3555 ejusdem
1543 3460 1770 3551 legiS,
1808 3465 1887 3534 et
1923 3481 2124 3553 quae,
2163 3463 2289 3534 vel

745 3584 964 3673 quot.
1011 3582 1400 3672 tangetur
1461 3576 1837 3660 inferius;
1892 3577 2024 3652 hic
2075 3578 2291 3652 enim

742 3700 1064 3770 tantum
1100 3694 1501 3788 quaeritur
1579 3694 1658 3766 in
1727 3693 2092 3784 generali
2202 3696 2293 3768 de

739 3814 1027 3903 quande,
1068 3812 1277 3886 sicut
1321 3814 1412 3885 de
1465 3812 1650 3884 aliis
1693 3812 2290 3885 conditionibus

741 3928 1337 4022 pertinentibus
1407 3929 1501 4000 ad
1569 3927 2197 4003 institutionem.

829 4049 951 4118 Ex
1008 4045 1160 4119 hoc
1229 4049 1597 4138 apparet,
1663 4046 1868 4137 quod
1928 4046 2007 4118 in
2063 4049 2283 4119 statu

745 4163 1034 4255 patriae
1129 4162 1440 4234 nullum
1526 4162 1910 4254 congruit
2009 4166 2293 4235 Sacra-

743 4284 1132 4361 mentum,
1224 4277 1410 4370 quia
1489 4281 1679 4351 tunc
1759 4297 1918 4349 non
1991 4277 2292 4369 indiget

743 4395 987 4468 homo
1064 4394 1605 4479 sensibilibus,
1689 4400 1778 4470 ut
1849 4401 2292 4487 cognoscat

743 4511 1286 4604 intelligibilia
1358 4511 1847 4605 pertinentia
1914 4512 2009 4583 ad
2059 4513 2293 4585 ‚salu-

741 4633 907 4703 tem
952 4651 1206 4712 suam,
1252 4650 1510 4721 neque
1562 4631 1753 4703 tunc
1804 4628 2105 4720 indiget
2156 4650 2292 4701 ex-

742 4746 989 4821 citari
1056 4746 1152 4818 ad
1211 4746 1727 4836 quaerendum
1795 4745 2290 4838 pertinentia

743 4865 836 4937 ad
881 4863 1251 4944 salutem,
1308 4861 1494 4952 quia
1549 4864 1671 4933 est
1717 4860 2075 4954 perfecte
2109 4882 2291 4935 con-

742 4980 1068 5051 secutus
1126 4974 1501 5047 salutem.
1558 4977 1714 5046 Pro
1771 4979 1990 5049 statu
2038 4976 2289 5049 etiam

741 5092 1220 5167 innocentiae
1271 5112 1433 5164 non
1477 5089 1632 5166 fuit
1673 5111 2133 5183 congruum
2178 5093 2292 5164 in-

743 5209 974 5282 stitui
1071 5213 1716 5290 Sacramentum,
1809 5209 2019 5283 sicut
2106 5214 2291 5303 post

743 5325 1086 5417 lapsum,
1151 5325 1338 5418 quia
1390 5324 1546 5399 etsi
1604 5329 1793 5399 tunc
1860 5324 2102 5398 homo
2158 5347 2289 5419 po·

740 5442 998 5516 tuerit
1055 5463 1154 5514 ex
1213 5442 1725 5516 sensibilibus
1784 5462 2290 5534 cognoscere

744 5557 1316 5648 intelligibilia,
1382 5565 1650 5634 tamen
1726 5559 2037 5632 nullum
2120 5580 2290 5633 sen-

1880 380 2025 443 LIB.
2076 378 2174 441 tv.
2221 364 2820 440 SENTENTmRUu

2394 537 2628 612 sibile
2686 537 2836 611 fuit
2902 535 3486 618 necessarium,
3549 534 3930 625 tanquam

2391 655 2815 729 conferens
2905 655 3002 727 ad
3079 654 3452 733 salutem,
3528 669 3933 723 removen-

2387 770 2485 843 do
2546 772 2870 865 aliquod
2905 770 3571 865 impedimentum
3614 765 3927 848 salutis,

2395 891 2481 963 ut
2522 888 2834 962 scilicet
2878 888 3138 981 possit
3184 886 3340 960 dici
3391 881 3726 977 proprie
3776 900 3932 952 me-

2389 1003 2678 1077 dicina.
2768 1005 2889 1077 An
2983 1024 3181 1076 vero
3286 998 3925 1077 Matrimonium,

2393 1121 2653 1213 (quod
2722 1122 3039 1194 certum
3099 1124 3224 1194 est
3274 1118 3529 1192 fuisse
3583 1116 3666 1189 in
3714 1116 3929 1189 statu
3995 1119 4086 1169 Dis*-

2396 1235 2879 1312 innocentiae
2926 1242 2952 1329 )
2996 1238 3247 1311 fuerit
3289 1237 3931 1313 Sacramentum,

2394 1352 2488 1423 de
2535 1351 2686 1426 hoc
2745 1352 3112 1426 inferius.

2826 1610 3491 1675 COMMENTARIUS.

2488 1838 2573 1927 (c)
2614 1839 2710 1904 De
2776 1838 2970 1903 terlio
3025 1835 3316 1901 articulo
3353 1843 3638 1919 apparet
3667 1853 3752 1897 ex
3791 1833 3933 1919 pri-
4052 1851 4087 1898 9.

2398 1977 2523 2034 mc,
2560 1966 2681 2021 etc.
2718 1951 3062 2020 Conclusio
3093 1950 3292 2036 hujus
3330 1946 3590 2014 articuli
3619 1957 3723 2013 est
3757 1965 3930 2012 com·
3954 1913 4107 2024 omnim

2401 2071 2641 2152 munis,
2688 2091 2922 2156 nempe
2987 2089 3104 2156 pro
3160 2068 3338 2133 omni
3402 2078 3576 2134 statu
3635 2067 3787 2149 viae,
3840 2087 3932 2133 re·
4021 2039 4123 2149 suff,

2399 2200 2644 2276 gnante
2725 2188 2950 2254 morbo
3030 2187 3232 2255 fuisse
3316 2184 3679 2252 remedium
3754 2186 3929 2272 ejus;
3980 2176 4113 2274 ⁵³,m

2402 2306 2575 2395 quod
2615 2326 2772 2372 vero
2803 2304 2999 2372 suerit
3028 2302 3212 2385 illud,
3249 2315 3312 2370 et
3340 2323 3421 2370 an
3456 2302 3718 2391 proprie
3750 2300 3937 2367 fuerit
3997 2294 4138 2415 Ing-‘g‘

2404 2426 2890 2488 Sacramentum
2946 2421 3010 2487 in
3060 2420 3300 2507 specie,
3345 2417 3784 2485 declarabitur
3848 2417 3937 2483 in-

2406 2539 2524 2606 ira.
2569 2540 2791 2604 Solum
2839 2538 3014 2604 enim
3073 2548 3173 2603 est
3209 2536 3657 2603 controversia
3704 2536 3786 2601 de
3850 2555 3937 2600 re-

2405 2654 2616 2721 medio
2655 2653 2822 2741 legis
2871 2665 3147 2735 naturae,
3198 2674 3281 2719 an
3330 2652 3526 2719 fuerit
3555 2650 3939 2718 determina·

2402 2783 2575 2850 tum;
2620 2782 2682 2836 et
2733 2769 2814 2836 de
2854 2769 3362 2837 Circumcisione
3392 2768 3677 2837 fueritne
3715 2789 3832 2855 per
3875 2789 3939 2834 sc

2403 2886 2660 2967 efficax,
2703 2888 2783 2954 de
2846 2887 3087 2976 quibus
3151 2888 3268 2954 sub
3321 2889 3524 2971 finem
3583 2897 3813 2973 quoesl.
3872 2885 3931 2951 6.
4163 2888 4165 2995 l

2403 3015 2463 3069 ec
2497 3008 2560 3071 7.

2495 3122 2613 3189 Per
2642 3119 3013 3208 oppositum
3060 3119 3259 3210 hujus
3290 3120 3478 3187 docet
3517 3119 3580 3185 in
3625 3118 3833 3208 patria
3877 3129 3934 3183 et
3978 3112 4022 3181 ¹¹?
4041 3104 4150 3171 ΡΜ

4002 3178 4139 3221 miili!

2404 3248 2575 3302 statu
2626 3237 3037 3318 innocentiae,
3094 3237 3160 3302 in
3212 3238 3450 3325 quibus
3507 3256 3636 3301 non
3694 3246 3796 3302 est
3833 3245 3934 3300 aut
3970 3237 4161 3287 inum-⁰²¹

2405 3353 2527 3420 fuit
2575 3355 2865 3435 morbus,
2913 3376 3041 3420 non
3083 3355 3484 3421 instituenda
3523 3374 3671 3421 esse
3718 3356 3933 3419 Sacra·
3980 3305 4149 3410 §¹³3⁰ss

2407 3483 2647 3550 menta,
2682 3470 2984 3558 quamvis
3019 3471 3081 3536 in
3104 3482 3273 3539 statu
3308 3471 3701 3539 innocentiae
3729 3483 3936 3557 posset

2406 3604 2551 3649 esse
2582 3584 2907 3671 profectus
2948 3584 3399 3651 instructionis
3430 3595 3494 3651 et
3524 3585 3824 3651 scientiae
3866 3604 3939 3650 ex

2405 3699 2854 3783 sensibilibus,
2902 3721 3030 3766 non
3063 3700 3306 3768 sufficit
3345 3700 3423 3767 ad
3467 3700 3935 3768 institutionem

2405 3816 2826 3897 Sacramenti,
2862 3837 3009 3883 cum
3050 3817 3136 3883 ibi
3180 3816 3429 3883 nullum
3460 3829 3638 3883 esset
3675 3814 3936 3904 impedi·
4042 3845 4125 3908 Qui,

2406 3944 2695 3999 mentum
2755 3933 3010 4014 salutis,
3076 3932 3248 4022 quod
3302 3931 3626 4000 removeri
3685 3932 3937 3999 deberet

2405 4069 2519 4134 per
2557 4049 2979 4116 medicinam.

2494 4168 2645 4233 Haec
2690 4167 3011 4234 sententia
3060 4165 3428 4233 communis
3466 4177 3589 4250 est,
3633 4187 3775 4234 eam
3816 4181 3937 4234 tra-

2404 4278 2498 4347 dit
2536 4285 2608 4348 D.
2662 4282 2945 4349 Thomas
2974 4284 3048 4348 in
3087 4289 3150 4349 4.
3186 4283 3259 4348 d.
3284 4287 3344 4349 1.
3379 4295 3511 4350 are.
3547 4286 3612 4349 2.
3650 4305 3713 4370 q.
3750 4286 3815 4348 Ξ.
3848 4283 3935 4348 Ri·
3963 4252 4152 4367 ”fiffl

2404 4398 2684 4465 chardus
2715 4399 2958 4464 ibidem
3000 4423 3060 4487 q.
3099 4400 3161 4468 1.
3201 4399 3480 4466 Gabriel.
3516 4421 3578 4486 q.
3606 4403 3673 4464 Ξ.
3701 4410 3834 4467 art.
3877 4403 3933 4465 2.
3986 4372 4154 4492 ξῇξῗξῃ

2402 4538 2546 4583 con.
2614 4521 2675 4581 1.
2730 4516 3100 4583 Paludanus
3140 4538 3203 4603 q.
3268 4520 3326 4587 3.
3392 4537 3536 4582 con.
3611 4522 3674 4584 2.
3745 4519 3940 4607 Major
4019 4500 4138 4612 {ff

2404 4655 2466 4720 q.
2537 4637 2601 4698 4.
2666 4634 2820 4699 Soto
2867 4634 3025 4704 dist.
3075 4637 3133 4700 1.
3186 4654 3250 4719 q.
3306 4637 3368 4699 2.
3405 4645 3537 4699 art.
3583 4636 3646 4698 2.
3693 4634 3936 4720 Cajeta-
3993 4630 4155 4747 iffi?

2406 4768 2528 4814 nus
2594 4751 2658 4816 3.
2713 4771 2784 4835 p.
2860 4770 2924 4835 q.
2991 4752 3101 4815 61.
3171 4761 3303 4816 art.
3387 4751 3450 4815 Ξ.
3523 4760 3588 4816 et
3657 4752 3939 4837 vasquez

2404 4863 2580 4950 disp.
2664 4869 2815 4933 130.
2878 4888 3022 4954 cap.
3096 4872 3160 4932 2.
3227 4870 3293 4933 3.
3353 4878 3415 4932 et
3481 4871 3546 4934 4.
3604 4870 3794 4954 Hugo
3871 4867 3941 4933 dc

2405 4987 2470 5052 S.
2516 4984 2773 5050 Victore
2804 4984 2917 5049 lib.
2958 4988 3019 5049 1.
3056 4983 3137 5048 de
3177 4985 3653 5064 Sam-amentia,
3693 5005 3843 5071 cap.
3879 4988 3935 5051 3.

2403 5109 2464 5166 ει
2523 5103 2586 5165 5.
2653 5110 2714 5165 et
2772 5100 2847 5164 in
2900 5120 3070 5166 sum.
3122 5111 3303 5185 part.
3358 5102 3422 5165 9.
3458 5120 3608 5188 cap.
3658 5104 3720 5165 1.

2492 5221 2814 5284 Caeterum
2872 5217 3108 5283 Suarez
3144 5216 3396 5304 disput.
3458 5221 3525 5284 3.
3605 5230 3937 5305 postquam
4010 5173 4149 5288 stiget.

2403 5333 2724 5420 praemisit
2768 5346 2922 5399 sect.
2979 5336 3043 5398 Ξ.
3090 5332 3227 5399 fore
3274 5333 3360 5399 ibi
3419 5333 3670 5400 cultum
3720 5332 3938 5399 visibi·
3967 5300 4168 5416 ⁸³22&

2402 5449 2529 5514 lem
2570 5462 2635 5516 et
2672 5447 3067 5516 sacrificium
3124 5459 3278 5515 sect.
3334 5452 3399 5515 3.
3444 5448 3624 5530 dicit,
3671 5449 3728 5515 si
3768 5448 3939 5516 Chri·
3996 5485 4156 5557 peccante

2403 5576 2544 5634 stus
2593 5567 3066 5646 incarnaretur,
3137 5565 3377 5632 Adamo
3427 5585 3556 5631 non
3608 5579 3933 5653 peccante,
4009 5550 4145 5603 “mm‘'
