4255 6375
675 377 790 440 llo

675 542 1119 618 versaliter
1167 541 1251 615 in
1301 539 1898 616 definitionibus
1947 536 2235 611 relati-

681 679 922 731 onum
972 662 1052 732 et
1095 659 1665 739 relativorum,
1714 655 2026 729 scilicet
2061 653 2238 726 sub-

671 776 989 871 jectum
1028 778 1155 851 vel
1190 777 1827 854 fundamentum,
1882 772 2092 866 quod
2125 770 2237 843 in-

681 897 1081 991 telligitur
1113 918 1261 989 per
1308 899 1453 970 hoc
1487 894 1695 987 quod
1725 896 1851 967 est
1881 892 2235 971 sensibile,·

684 1014 1041 1086 alterurn
1097 1012 1374 1093 etiam,
1438 1008 1753 1084 scilicet
1814 1005 2238 1081 correlati-

678 1150 896 1212 vum,
939 1130 1141 1223 quod
1192 1130 1530 1202 notatur
1589 1145 1737 1219 per
1786 1124 1966 1207 hoc,
2032 1121 2239 1213 quod

685 1249 809 1321 est
849 1251 1142 1337 qratiam
1171 1248 1275 1315 vel
1308 1250 1612 1334 effectum
1660 1246 2058 1333 yraluitum.

778 1368 898 1438 Ex
959 1364 1083 1436 his
1127 1367 1340 1454 patet
1399 1360 1702 1437 solutio
1757 1363 1853 1450 (e)
1922 1354 2240 1450 quaesti-

691 1484 896 1557 onis.
931 1482 1372 1555 Dicendum
1415 1484 1539 1555 est
1584 1477 1800 1550 enim
1863 1474 2070 1567 quod
2101 1472 2243 1544 illa

688 1599 927 1681 ratio,
989 1600 1081 1672 de
1144 1618 1298 1690 qua
1368 1594 1791 1689 quaeritur,
1839 1591 1955 1681 (si
2023 1593 2243 1662 recte

683 1715 1221 1806 intelligatur,
1268 1715 1346 1785 et
1385 1732 1527 1806 per
1559 1710 1727 1783 alia
1778 1727 1937 1780 non
1994 1704 2244 1797 expli-

687 1838 874 1908 cata
906 1833 1413 1926 suppleatur,
1446 1838 1467 1918 )
1504 1832 1629 1901 est
1655 1823 1994 1919 propria
2028 1821 2243 1895 ratio

687 1949 1098 2024 definitiva
1133 1942 1644 2021 Sacramenti
1679 1962 1773 2013 eo
1820 1939 2050 2012 modo
2088 1956 2245 2028 quo

694 2070 1317 2143 Sacramentum
1396 2063 1517 2134 est
1593 2056 2018 2131 definibile.
2102 2056 2248 2126 Est

692 2184 906 2258 enim
975 2183 1118 2255 illa
1189 2179 1403 2253 ratio
1472 2178 1588 2250 sic
1668 2174 2080 2250 intellecta
2170 2174 2251 2244 et

697 2302 1070 2395 suppleta
1101 2298 1378 2371 eadem
1437 2314 1623 2368 cum
1669 2291 1987 2365 ratione
2045 2307 2251 2381 prae-

695 2415 1168 2499 dicta.Quod
1200 2413 1413 2485 enim
1450 2410 1785 2504 ponitur
1825 2388 2082 2493 formas
2121 2404 2250 2476 de-

696 2529 1210 2621 betintelligi
1255 2548 1404 2621 pro
1443 2527 1674 2617 signo
1721 2520 2109 2602 sensibili,
2156 2538 2250 2590 eo

699 2651 933 2723 modo
965 2669 1120 2741 quo
1191 2645 1462 2736 imago
1530 2639 1903 2714 Herculis
1955 2635 2255 2709 dicitur

696 2766 969 2841 forma
1016 2761 1431 2838 Herculis.
1497 2759 1718 2841 Quod
1769 2755 1875 2829 ibi
1935 2752 2256 2826 additur

699 2885 980 2964 visibile,
1019 2880 1248 2954 debet
1283 2874 1634 2967 intelligi
1724 2893 1871 2966 pro
1919 2866 2252 2943 sensibi-

698 3001 868 3074 liin
898 2995 1313 3074 communi
1349 3021 1364 3079 ;
1399 2997 1478 3067 et
1531 3012 1680 3085 pro
1724 2993 1953 3065 tanto
2021 2985 2251 3060 debet

700 3116 1046 3210 intelligi
1107 3117 1370 3184 visibile
1429 3110 1620 3207 poni
1693 3127 1841 3203 pro
1892 3101 2256 3177 sensibili

702 3236 1132 3331 cujuslibet
1169 3253 1482 3318 sensus,
1516 3229 1703 3322 quia
1725 3226 1951 3297 visus
1975 3227 2098 3296 est
2133 3243 2258 3293 ex-

705 3352 1138 3427 cellentior
1183 3348 1401 3422 omni
1463 3366 1734 3427 sensu,
1768 3347 1849 3418 et
1895 3341 2253 3433 plurium

706 3468 1359 3543 differentiarum
1420 3458 2058 3554 cognoscitivus,
2134 3477 2260 3527 se-

707 3590 1049 3664 cundum
1085 3580 1668 3674 Philosophum
1717 3583 1775 3649 1.
1801 3579 2090 3664 Metaph.
2120 3575 2263 3645 Po-

705 3707 942 3781 nitur
984 3703 1233 3777 etiam
1279 3699 1382 3772 ibi
1417 3699 1681 3767 visibile
1732 3713 1881 3787 pro
1927 3687 2256 3763 sensibi-

713 3824 794 3905 li,
842 3822 1010 3894 sive
1054 3839 1238 3900 uno,
1287 3816 1456 3888 sive
1518 3810 1918 3906 pluribus,
1976 3811 2058 3880 et
2109 3804 2258 3877 hoc

705 3923 838 4034 plu
857 3938 1074 4010 ribus
1110 3930 1703 4028 pertinentibus
1746 3926 1840 3998 ad
1894 3922 2258 3995 eumdem

707 4073 1059 4134 sensum,
1104 4049 1232 4121 vel
1291 4045 1540 4118 alium
1574 4048 1655 4116 et
1707 4039 1982 4113 alium.
2026 4033 2262 4107 Poni-

702 4179 843 4249 tur
913 4175 1185 4243 autem
1244 4165 1352 4238 ibi
1416 4166 1646 4254 qratia
1688 4158 2048 4227 invisibilis
2111 4173 2259 4245 pro

698 4290 988 4364 effectu
1038 4283 1183 4359 Dei
1227 4279 1594 4374 gratuito
1640 4271 2051 4351 interiori,
2125 4290 2263 4343 or-

697 4407 974 4482 dinato
1008 4404 1101 4476 ad
1129 4401 1476 4473 salutem
1503 4390 1857 4466 hominis
1879 4386 2264 4461 viatoris.

696 4526 998 4598 Utrum
1056 4524 1332 4592 autem
1373 4517 1620 4606 'qratia
1684 4509 1788 4582 ibi
1879 4507 2260 4580 sumatur

707 4637 1290 4716 universaliter
1326 4653 1472 4726 pro
1515 4628 1788 4722 gratia
1819 4624 2268 4699 inhaerente

710 4755 1003 4831 animae
1053 4749 1523 4844 subjective,
1597 4764 1696 4815 an
1772 4737 2265 4832 generalius,

503 4919 562 4968 1„
715 4880 802 4949 ut
834 4867 1203 4966 expressi
1257 4884 1530 4957 supra,
1559 4859 1987 4933 utscilicet
2021 4852 2269 4945 signi-

366 4981 683 5111 (ᾖξῗῗξῖξῗξ,
718 4998 900 5070 ficet
961 4991 1347 5066 effectum
1388 4984 1532 5058 Dei
1569 4983 2049 5074 gratuitum,
2113 4979 2267 5048 etc.

720 5120 797 5183 in
888 5111 1173 5180 materia
1258 5107 1340 5173 de
1413 5102 1850 5169 Eucharistia
1937 5091 2268 5187 patebit,

722 5229 910 5326 quia
976 5226 1086 5300 ibi
1152 5245 1283 5296 res
1346 5213 1856 5294 Sacramenti
1928 5231 2088 5283 non
2146 5211 2273 5282 est

718 5348 990 5441 aliqua
1013 5341 1284 5436 gratia
1308 5333 1833 5413 accidentalis
1864 5329 2273 5404 inhaerens

719 5465 1043 5540 animae.
1082 5454 1459 5551 Suppleri
1502 5455 1774 5526 autem
1807 5448 2096 5522 debent
2137 5441 2279 5516 dif-

715 5581 1088 5660 ferentiae
1130 5572 1689 5669 specificantes
1733 5567 2082 5660 signum,
2137 5582 2268 5654 pu-

453 1353 536 1406 10.

447 2388 585 2450 Quid

384 2452 632 2565 ⁸253?

354 3560 413 3610 In
466 3572 670 3625 proaem.

1788 376 1934 439 LIB.
1981 376 2085 440 IV.
2131 371 2723 439 SENTENTIARUM

2346 538 2433 610 ta
2463 561 2548 604 ex
2582 538 3023 617 institutione,
3058 531 3350 605 contra
3425 525 3749 619 signum
3790 519 3892 592 si·

2347 653 2739 745 gnificans
2780 648 3328 728 naturaliter;
3373 647 3455 719 et
3493 643 3885 729 efficaciter,

2349 774 2640 844 contra
2681 768 3004 860 signum
3072 763 3606 857 aequivocum,
3642 760 3724 829 et
3787 753 3901 825 si·

2351 907 2595 980 gnum
2667 906 3007 979 sequens
3076 880 3576 956 naturaliter
3655 871 3899 964 signi-

2349 1006 2707 1080 ficatum.

2439 1125 2551 1197 Ad
2602 1122 2956 1217 primum
3007 1120 3089 1210 (f)
3158 1114 3751 1210 argumentum
3794 1107 3905 1179 di-

2352 1259 2473 1320 co,
2512 1236 2943 1330 quodlicet
2995 1233 3607 1307 fundamentum
3655 1222 3899 1316 hujus

2353 1355 2782 1430 relationis
2838 1355 3073 1448 plura
3122 1351 3505 1431 includat,
3561 1367 3663 1418 ex
3737 1341 3901 1435 qui·

2352 1475 2499 1547 bus
2541 1493 2702 1546 non
2748 1471 2836 1544 fit
2874 1490 3019 1564 per
3050 1490 3135 1542 se
3178 1486 3449 1547 unum,
3488 1467 3576 1539 ut
3619 1459 3908 1554 proba-

2352 1594 2493 1663 tur
2548 1590 2639 1663 de
2699 1586 3161 1661 successivo
3213 1588 3292 1657 et
3346 1580 3908 1675 permanente,

2355 1711 2627 1780 tamen
2685 1726 2845 1778 non
2907 1703 3272 1796 sequitur
3350 1697 3538 1792 quin
3617 1699 3908 1769 Sacra-

2359 1824 3159 1917 mentum‚quantum
3204 1817 3297 1890 ad
3332 1834 3561 1888 suam
3606 1811 3916 1885 forma-

2358 1943 2517 2014 lem
2569 1939 2975 2013 rationem
3030 1936 3137 2009 sit
3182 1954 3324 2027 per
3366 1953 3450 2004 se
3486 1949 3759 2001 unum.
3809 1930 3917 1999 Et

2357 2055 2426 2128 si
2451 2053 2834 2145 arguitur
2865 2055 3157 2125 contra
3205 2043 3581 2137 hoc,quia
3619 2038 3918 2113 relatio

2363 2191 2520 2243 non
2551 2173 2676 2243 est
2710 2189 2855 2262 per
2882 2189 2964 2239 se
2999 2185 3182 2247 una,
3218 2161 3375 2235 nisi
3415 2159 3712 2232 habeat
3742 2154 3917 2227 fun·

2364 2287 2961 2361 fundamentum
3038 2302 3313 2364 unum,
3441 2274 3914 2366 respondeo,

2366 2407 2573 2500 quod
2620 2406 2686 2478 si
2745 2405 2959 2479 forte
3004 2402 3155 2475 hoc
3206 2403 3422 2474 esset
3460 2415 3752 2469 verum
3822 2394 3919 2464 de

2364 2521 2901 2596 relationibus
2976 2517 3359 2598 realibus,
3439 2514 3532 2586 de
3626 2510 3918 2604 quibus

2361 2646 2487 2715 est
2530 2636 3114 2730 dubium,quia
3185 2635 3398 2707 forte
3478 2636 3558 2703 in
3630 2627 3921 2703 multis

2370 2756 2879 2832 trahentibus
2915 2774 3158 2825 unam
3193 2769 3485 2823 navem
3554 2750 3683 2821 est
3749 2765 3918 2817 una

2373 2876 2667 2950 relatio
2716 2873 3215 2947 trahentium
3267 2869 3361 2941 ad
3431 2885 3678 2939 unum
3741 2866 3923 2936 tra-

2366 2998 2612 3076 ctum,
2668 2996 2939 3065 tamen
2982 2988 3065 3061 in
3110 2983 3652 3060 relationibus
3719 2981 3923 3054 rati-

2371 3109 2572 3193 onis,
2619 3105 3081 3201 propositio
3124 3107 3249 3177 est
3284 3098 3713 3175 manifeste
3772 3096 3924 3169 fal-

2371 3248 2484 3310 sa,
2542 3227 2729 3319 quia
2784 3230 3525 3320 quantumcumque
3582 3218 3916 3291 diversa

2375 3347 2716 3437 possunt
2752 3358 3248 3416 concurrere
3283 3336 3364 3409 in
3392 3334 3922 3408 fundamento

2374 3460 2610 3531 unius
2730 3455 3161 3532 relationis
3268 3451 3647 3537 rationiS‚
3753 3468 3921 3521 non

2374 3578 2587 3651 enim
2635 3579 2962 3670 oportet
3005 3574 3166 3646 nisi
3223 3571 3430 3665 quod
3501 3566 3762 3643 multa
3817 3566 3925 3638 ibi

2374 3692 2950 3785 concipiantur
2992 3688 3225 3783 quasi
3268 3706 3541 3766 unum,
3590 3685 3669 3757 in
3711 3682 3927 3756 ordi-

2377 3832 2474 3884 ne
2509 3812 2602 3883 ad
2636 3808 2962 3901 aliquod
3011 3804 3636 3899 signatum.Hoc
3671 3802 3928 3894 patet.

2381 3927 2570 4020 quia
2619 3926 2862 4018 huius
2909 3923 3338 3998 relationis
3406 3918 3674 3999 unius,
3752 3935 3929 4007 quae

2377 4046 2501 4118 est
2541 4048 2811 4132 siynare
2858 4056 3143 4111 must-um
3210 4042 3468 4120 bonum,
3517 4035 3716 4107 bene
3801 4053 3931 4126 po·

2378 4173 2538 4244 test
2632 4189 2809 4241 esse
2933 4164 3548 4239 fundamentum
3654 4163 3926 4234 totum

2378 4294 2616 4376 istud,
2658 4292 2970 4366 scilicet
2997 4294 3287 4360 circulus
3326 4301 3669 4376 coopertus
3735 4287 3931 4372 foliis

2378 4424 2639 4491 hederae
2668 4425 2740 4489 in
2789 4444 2981 4489 cruce
3009 4423 3286 4509 positu-5,
3360 4413 3642 4488 emmila
3673 4412 3927 4486 etiam

2383 4547 2660 4621 multae
2741 4545 3160 4619 orationes
3273 4541 3707 4619 contextae,
3797 4535 3931 4607 vel

2382 4691 2540 4743 una
2582 4671 2794 4744 ratio
2838 4691 2937 4742 ex
3000 4666 3279 4740 multis
3323 4663 3687 4755 syllabiS,
3746 4680 3920 4754 quae

2383 4796 2585 4870 nihil
2646 4816 2892 4867 unum
2968 4814 3114 4887 per
3173 4813 3257 4864 se
3324 4789 3659 4872 faciunt,
3744 4789 3931 4860 sunt

2384 4923 2995 4997 fundamentum
3043 4920 3281 4992 unius
3321 4914 3751 4991 relationis
3794 4913 3931 4985 hu-

2379 5049 2541 5142 jus,
2588 5068 2764 5140 quae
2805 5051 2929 5120 est
2969 5050 3242 5135 siynare
3270 5048 3406 5111 Deo
3446 5046 3660 5111 inesse
3703 5045 3934 5130 aliqua

2385 5199 2529 5264 quoe
2564 5177 2693 5242 sibi
2731 5176 3096 5242 intrinsece
3136 5175 3387 5252 insunt,
3426 5188 3615 5242 oum
3660 5173 3931 5245 tamen

2392 5299 2585 5372 illud
2629 5299 3043 5390 signatum
3078 5296 3187 5369 sit
3237 5316 3483 5367 unum
3557 5299 3639 5368 et
3724 5296 3927 5368 idem

2391 5407 3126 5519 simplicissimum.

2390 5553 2503 5625 Ad
2544 5553 3124 5644 argumentum
3160 5547 3593 5620 secundum
3629 5551 3708 5620 et
3774 5552 3928 5624 ter-

3937 1185 4018 1236 ia
4046 1123 4183 1251 {igi

3962 5512 4188 5575 Adaei&
