4255 6375
1583 418 1781 483 DlST.
1829 420 1874 484 l.
1914 419 2276 495 QUAEs'rto
2314 421 2355 484 Ι.
3486 420 3558 484 31

309 580 689 659 principali,
753 588 818 645 et
886 584 1013 645 hoc
1060 584 1334 646 denotat
1382 585 1488 647 illa
1553 584 1866 661 particula

37 702 282 809 affauen-
308 704 674 776 propriam
719 707 1054 773 adsonem,
1103 707 1231 763 etc.
1276 708 1341 763 et
1380 702 1474 763 sic
1519 717 1653 763 non
1704 705 1878 762 esset

37 824 226 932 ξέῑῗόῗὲ
316 815 863 890 instrumentum,
926 817 1105 896 quod
1178 821 1251 878 ut
1310 823 1559 879 motum
1628 820 1873 887 movet,

1989 584 2096 646 ille
2129 587 2552 662 disputatione
2592 589 2653 650 2.
2688 587 2791 648 hic
2834 590 3068 665 disput.
3122 587 3252 650 176.
3300 604 3439 666 cap.
3472 588 3534 649 2.

1989 707 2055 761 et
2127 700 2455 764 difficilem
2525 710 2760 782 putant
2829 706 2933 766 alii
2992 704 3314 766 rationem
3374 718 3533 780 prae-

1987 824 2253 882 missam
2325 823 2401 883 D.
2474 824 2758 897 Thomas,
2824 825 2982 903 quin
3042 824 3232 886 etiam
3303 823 3538 885 Molina

38 946 229 1016 ‚wopria
316 949 545 1011 neque
601 934 803 996 habet
863 935 1256 1013 principium
1313 935 1559 1015 agendi
1616 934 1680 996 in
1728 949 1876 995 esse
1986 940 2223 1001 asserit
2272 954 2445 1018 {egre
2518 939 2909 1018 responderi
2969 956 3165 1017 posse
3224 940 3309 1002 ad
3382 939 3541 1001 rati-

37 1015 287 1119 3533-
317 1048 579 1125 quieto,
629 1049 750 1111 sed
781 1047 845 1110 in
888 1050 1125 1111 actuali
1176 1051 1494 1122 motione,
1539 1049 1876 1127 loquendo

66 1140 191 1183 ‘⁰¹¹¹'
318 1163 408 1225 de
469 1166 907 1228 instrumento
966 1166 1255 1244 proprie,
1309 1171 1375 1227 et
1428 1181 1559 1227 non
1604 1164 1761 1235 late,
1806 1168 1881 1225 ut

319 1281 712 1343 extenditur
763 1281 844 1343 ad
919 1299 1183 1344 causam
1237 1281 1599 1344 secundam
1656 1298 1878 1361 respe-

318 1405 434 1461 ctu
498 1400 641 1472 Dei,
701 1397 804 1459 vel
849 1396 932 1458 ad
990 1396 1300 1459 accidens
1362 1403 1674 1475 respectu
1728 1399 1878 1460 sub-

315 1516 617 1577 stantiae.

404 1632 802 1712 intelligitur
879 1648 1036 1712 ergo
1125 1632 1303 1711 quod
1374 1632 1878 1694 instrumentum

317 1765 449 1827 per
495 1748 762 1827 aliquod
807 1749 926 1810 sibi
981 1750 1315 1827 proprium
1370 1752 1525 1826 agat
1568 1746 1653 1808 ad
1715 1745 1875 1808 effe·

321 1868 514 1925 ctum
568 1880 771 1925 causae
814 1863 1210 1941 principalia,
1257 1868 1324 1925 et
1364 1868 1612 1926 tantum
1664 1863 1880 1941 dispo-

317 1980 545 2040 sitive.
599 1980 811 2042 Prima
855 1996 1004 2057 pars
1048 1978 1246 2058 hujus
1303 1978 1687 2056 copulativae
1729 1993 1882 2040 con-

320 2095 481 2156 cedi
571 2102 790 2174 potest
880 2112 1028 2156 cum
1118 2096 1253 2157 suis
1336 2096 1875 2170 probationibus;

318 2214 538 2274 altera
580 2229 759 2285 vero,
807 2228 1050 2289 nempe
1109 2210 1286 2290 quod
1343 2216 1498 2290 agat
1559 2211 1880 2288 dispositi-

321 2347 429 2403 ve,
477 2330 637 2390 licet
675 2329 1026 2407 aliquando
1071 2329 1155 2390 sit
1210 2344 1387 2401 vera,
1433 2328 1885 2389 universaliter

323 2454 557 2508 tamen
586 2446 926 2507 intellectu
956 2442 1268 2520 estfalsa,
1302 2444 1449 2522 quia
1502 2460 1617 2522 per
1666 2443 1881 2521 ipsum

319 2571 635 2629 sanctum
703 2566 1015 2627 'rhomam
1074 2566 1143 2625 in
1185 2565 1308 2625 hac
1363 2565 1505 2626 dise.
1557 2572 1772 2641 quoest.
1818 2567 1879 2625 4.

321 2688 834 2750 instrumentum
897 2687 1221 2766 attingere
1282 2691 1502 2763 potest
1572 2686 1881 2748 effectum

324 2823 547 2869 causae
609 2807 1022 2885 principalis;
1072 2810 1140 2867 et
1196 2809 1377 2884 patet
1416 2804 1479 2864 in
1527 2805 1746 2866 multis
1792 2802 1881 2864 in·

323 2928 714 2988 strumentis
769 2931 834 2986 et
895 2924 1244 2985 effectibus
1293 2926 1473 2997 artiS,
1533 2927 1597 2987 in
1645 2923 1882 2999 quibus

324 3041 565 3104 artifex
610 3058 730 3121 per
765 3044 1268 3104 instrumentum
1312 3040 1563 3102 inducit
1602 3037 1881 3100 formam

326 3159 791 3239 principalem,
830 3173 955 3219 seu
992 3158 1218 3220 ultimo
1249 3157 1599 3228 intentam,
1647 3160 1714 3217 ut
1744 3170 1881 3218 mo-

328 3279 631 3340 netarius
680 3276 1181 3355 impressionem
1234 3289 1564 3334 armorum
1613 3273 1678 3334 in
1736 3289 1877 3332 mo-

324 3400 581 3465 netam,
631 3392 949 3471 sigillator
988 3394 1051 3451 in
1111 3406 1327 3451 ceram
1378 3389 1877 3466 impressionem

320 3510 561 3588 sigilli:
615 3513 769 3569 tunc
826 3525 985 3587 ergo
1045 3523 1197 3567 vera
1258 3512 1357 3567 est
1407 3505 1617 3585 major
1681 3508 1745 3566 in
1804 3505 1879 3566 iis

321 3624 805 3696 instrumentis,
852 3640 1132 3703 quorum
1185 3639 1345 3684 usus
1401 3627 1503 3683 est
1573 3628 1883 3700 respectu

321 3748 611 3825 alicujus
669 3745 945 3806 actionis
1021 3744 1255 3821 prioris
1314 3746 1381 3803 et
1434 3742 1883 3804 subordinatae

319 3861 408 3924 ad
453 3861 786 3923 actionem
857 3858 1083 3922 formae
1155 3860 1385 3922 ultimo
1458 3861 1750 3930 intentae,
1811 3860 1884 3916 ut

319 3985 505 4057 patet
552 3979 746 4040 etiam
796 3981 861 4040 in
909 3978 1212 4054 exemplo
1260 3975 1344 4037 de
1388 3976 1631 4046 securi,
1692 3975 1882 4053 quod

321 4092 603 4155 adhibet
648 4095 725 4153 D.
785 4093 1095 4153 Thomas.

408 4211 776 4288 propositio
852 4224 1012 4288 ergo
1083 4208 1545 4270 universaliter
1626 4211 1885 4284 sumpta

331 4335 432 4392 est
475 4327 643 4388 falsa
703 4341 783 4387 ex
831 4324 1058 4396 dictis;
1109 4330 1367 4400 sumpta
1415 4327 1637 4383 autem
1684 4325 1882 4398 parti-

334 4444 662 4512 culariter,
724 4413 1032 4502 videlicet
1093 4439 1348 4516 adjecta
1438 4439 1559 4499 hac
1644 4437 1880 4498 limita·

336 4563 537 4634 tione,
623 4573 865 4633 nempe
942 4555 1121 4636 quod
1180 4556 1688 4617 instrumentum
1766 4570 1886 4631 per

331 4674 606 4756 aliquod
649 4673 771 4735 sibi
819 4674 1147 4750 proprium
1210 4679 1359 4750 agat
1428 4687 1695 4748 semper
1751 4669 1881 4730 dis-

331 4794 616 4873 positive
677 4790 761 4852 ad
828 4789 1139 4852 effectum
1228 4804 1439 4849 causae
1484 4786 1882 4864 principalis,

333 4910 605 4990 quando
679 4908 908 4985 nequit
978 4908 1306 4985 attingere
1354 4903 1665 4966 eumdem
1720 4903 1880 4965 effe-

335 5032 511 5087 ctum
571 5025 637 5084 in
696 5023 931 5086 virtute
1005 5037 1215 5083 causae
1289 5019 1688 5096 principaliS,
1751 5033 1885 5079 non

336 5143 677 5220 probatur,
726 5143 794 5200 et
835 5140 928 5201 sic
986 5136 1186 5198 etiam
1257 5139 1594 5212 assumpta
1649 5132 1885 5194 minori

337 5258 764 5320 committitur
820 5254 1069 5315 fallacia
1119 5252 1613 5329 consequentis,
1669 5251 1888 5325 lmpu-

335 5376 720 5455 gnationem
762 5372 931 5433 hanc
975 5369 1176 5447 aliqui
1219 5369 1588 5447 approbant
1619 5363 1883 5426 moder-

68 5504 250 5582 }101ina,
338 5497 427 5568 ni,
499 5497 574 5554 ut
639 5491 871 5552 Molina
938 5494 1004 5550 et
1084 5489 1386 5564 vasquez
1457 5485 1510 5547 l.
1582 5488 1760 5561 part.
1820 5459 1887 5541 Ἴὺι

51 5565 275 5634 ηψπ·
338 5616 581 5676 dictam
635 5612 1074 5688 quaestionem,
1135 5613 1190 5669 et
1268 5613 1395 5668 arc.
1465 5608 1540 5667 D.
1608 5605 1883 5675 Thomae,

96 1675 170 1724 it.

88 3073 195 3137 Agit

38 3140 295 3201 uamdoque

40 3199 61 3246 d
77 3200 295 3250 effectum

79 3278 233 3312 causa

39 3324 267 3391 rinoipulis
276 3368 290 3382 .

70 4492 237 4543 Deficit

46 4558 272 4618 probatio,

1989 1072 2187 1118 onem
2231 1058 2431 1121 Scoti.
2506 1059 2613 1120 Hic
2674 1059 2951 1136 praecise
3006 1064 3266 1137 tangam
3331 1062 3537 1137 ipsam

1990 1175 2310 1236 rationem
2406 1176 2730 1245 Doctoris,
2801 1163 3200 1238 remittendo
3272 1176 3337 1237 in
3417 1193 3538 1238 sua

1992 1292 2135 1352 loca
2209 1308 2349 1369 quae
2396 1289 2478 1352 de
2525 1292 2978 1355 instrumentis
3042 1292 3212 1366 dicit,
3273 1307 3532 1354 earum·

1993 1423 2121 1484 que
2155 1411 2433 1479 actione,
2482 1413 2556 1469 ut
2598 1410 2802 1484 infra,
2836 1410 2958 1469 hac
2995 1409 3138 1486 ipsa
3171 1411 3537 1487 quaestione,

1992 1526 2048 1581 ee
2078 1525 2420 1598 quaescz'one
2474 1525 2535 1586 4.
2585 1526 2647 1586 d.
2709 1527 2770 1589 6.
2821 1542 2882 1601 q.
2918 1526 2978 1587 5.

2071 1637 2452 1714 Respondet
2524 1640 2952 1700 Fen-rartensis
2999 1639 3333 1717 duplicem
3389 1657 3538 1702 esse
3684 1678 3765 1728 22.

1995 1753 2307 1815 effectum
2357 1754 2770 1816 instrumenti
2818 1759 2882 1815 et
2926 1756 3295 1828 actionem;
3332 1769 3538 1816 unum
3587 1738 3866 1811 Responsio

3567 1804 3866 1852 Ferramen-

1996 1869 2106 1946 qui
2151 1872 2453 1948 proprius
2511 1878 2610 1933 est
2681 1870 2887 1948 ipsius
2954 1872 3391 1947 instrumenti,
3454 1888 3537 1933 ex
3655 1865 3801 1977 ffias

1992 1987 2197 2049 forma
2246 1991 2506 2065 propria
2553 1992 2617 2049 et
2659 1990 3130 2064 permanente;
3181 1988 3376 2048 alium
3426 1986 3539 2065 qui
3611 1990 3839 2102 ffiiigssgss

1995 2119 2095 2178 est
2163 2113 2438 2175 effectus
2513 2118 2580 2175 et
2652 2115 2822 2175 actio
2912 2114 3079 2191 ejuS,
3166 2114 3232 2175 in
3301 2114 3536 2176 virtute
3567 2114 3880 2187 instrumen-

1993 2231 2253 2309 agentis
2308 2227 2706 2306 principalis,
2770 2244 2890 2305 per
2930 2229 3232 2292 virtutem
3292 2230 3536 2307 agendi
3686 2183 3749 2230 ω’

1992 2343 2517 2423 superadditam,
2580 2349 2646 2405 et
2688 2345 2782 2407 sic
2828 2345 3087 2425 attingit
3144 2345 3392 2425 aliquid
3432 2362 3536 2407 su·

1993 2476 2110 2538 pra
2157 2460 2488 2536 propriam
2517 2458 2843 2529 virtutem,
2880 2459 2962 2519 ita
3011 2465 3231 2522 tamen
3260 2466 3332 2521 ut
3369 2476 3537 2521 sem·

1994 2593 2113 2654 per
2157 2581 2308 2655 agat
2349 2574 2595 2653 aliquid
2640 2592 2721 2636 ex
2764 2577 3023 2654 propria
3082 2578 3312 2652 forma,
3360 2577 3540 2656 quod

1998 2691 2372 2772 dispositive
2415 2710 2488 2754 se
2546 2693 2746 2755 habet
2802 2691 2887 2756 ad
2947 2695 3257 2756 effectum
3329 2711 3541 2757 causae

1995 2810 2393 2887 principaliS,
2465 2815 2651 2887 putat
2710 2810 3005 2873 actiones
3055 2811 3171 2872 has
3236 2827 3384 2874 esse
3435 2828 3538 2873 re-

1995 2927 2184 2988 aliter
2232 2925 2550 3001 diversas,
2599 2927 2750 3004 quia
2795 2925 3158 3004 procedunt
3188 2945 3224 2987 a
3268 2928 3541 2990 diversis

1995 3042 2350 3118 principiis,
2401 3048 2463 3104 et
2510 3039 2594 3103 ad
2649 3042 2943 3104 diversos
3003 3047 3340 3107 terminos.

2073 3157 2419 3237 CaJetanus
2477 3164 2699 3222 autem
2755 3160 3031 3239 perinde
3077 3162 3381 3225 eamdem
3421 3162 3544 3226 do·
3593 3177 3871 3254 Responsio

1996 3275 2267 3336 ctrinam
2297 3277 2619 3355 sequitur,
2656 3277 2774 3338 nisi
2807 3275 2989 3354 quod
3020 3284 3222 3357 neget
3249 3281 3543 3340 actiones
3600 3244 3850 3310 Quem*

1995 3406 2144 3451 esse
2205 3390 2519 3464 diversas,
2579 3390 2700 3453 sed
2746 3391 3072 3465 eamdem,
3119 3400 3193 3453 ut
3247 3393 3546 3470 procedit

1994 3521 2029 3566 a
2092 3521 2288 3566 causa
2352 3505 2687 3582 principali
2757 3512 2822 3569 et
2879 3508 3385 3581 instrumentali,
3458 3509 3544 3572 ita

1996 3626 2217 3683 tamen
2279 3627 2352 3683 ut
2411 3622 2729 3701 procedat
2799 3624 2880 3684 ab
2934 3624 3368 3687 instrumento
3429 3624 3544 3686 du·

1996 3740 2271 3814 pliciter.
2317 3738 2530 3801 Primo
2600 3739 2973 3803 secundum
3039 3743 3371 3819 propriam
3412 3744 3547 3803 vir-

1996 3859 2224 3926 tutem,
2261 3869 2410 3932 quae
2443 3855 2646 3918 influit
2697 3858 2763 3918 in
2813 3859 3138 3919 actionem
3187 3855 3544 3936 quamdam

1997 3970 2143 4048 ejus
2189 3969 2739 4034 modificationem
2783 3989 2905 4034 seu
2947 3973 3240 4045 modurn,
3308 3978 3376 4034 et
3433 3990 3546 4034 se-

1997 4086 2287 4148 cundum
2333 4091 2514 4165 prius
2557 4094 2793 4150 natura
2839 4093 3029 4162 actio,
3060 4096 3133 4151 ut
3170 4088 3545 4152 modificata
3628 4106 3769 4158 Ordo
3791 4105 3845 4154 iu

1999 4209 2101 4266 est
2139 4206 2339 4281 prior,
2403 4213 2467 4267 et
2521 4206 2858 4281 dispositio
2904 4207 2987 4265 ad
3045 4206 3275 4284 ipsam,
3329 4212 3399 4267 ut
3445 4212 3545 4268 est
3630 4169 3843 4282 &3¹53

1997 4338 2034 4382 a
2093 4322 2431 4400 principali
2490 4327 2767 4403 agente;
2818 4322 3063 4385 deinde
3118 4323 3416 4401 procedit
3462 4325 3545 4385 ab

1996 4444 2457 4512 instrumentO,
2518 4446 2591 4501 ut
2647 4443 2905 4521 attingit
2963 4443 3315 4502 terminum
3372 4445 3548 4518 prin·

1999 4555 2296 4631 cipaliter
2365 4556 2712 4626 intentum,
2783 4556 3175 4634 inquantum
3255 4557 3548 4618 elevatur

1997 4685 2117 4747 per
2172 4669 2475 4731 virtutem
2536 4673 3081 4732 communicatam
3128 4671 3249 4732 sibi
3294 4670 3377 4733 ad
3420 4671 3546 4734 hoc

2000 4803 2033 4847 a
2087 4785 2427 4864 principali
2477 4792 2749 4866 agente.

2079 4905 2366 4981 Uterque
2407 4920 2566 4982 ergo
2615 4903 2770 4966 dicit
2815 4905 3324 4968 instrumentum
3371 4920 3541 4966 sem·

1996 5034 2118 5095 per
2158 5018 2405 5079 habere
2450 5020 2779 5081 actionem
2811 5021 3162 5098 propriam,
3187 5037 3386 5099 quam
3416 5036 3548 5084 non

1996 5137 2199 5198 habet
2253 5137 2319 5197 in
2356 5139 2593 5200 virtute
2647 5139 2905 5217 agentis
2953 5139 3348 5216 principaliS,
3422 5140 3540 5202 sed

2000 5267 2082 5312 ex
2115 5250 2371 5329 propria
2414 5248 2645 5327 forma,
2680 5268 2831 5331 quae
2862 5270 3130 5331 semper
3163 5259 3263 5316 est
3306 5258 3545 5332 activa,

1999 5366 2157 5428 alias
2210 5364 2448 5429 frustra
2521 5373 2987 5441 assumeretur,
3064 5374 3131 5431 et
3185 5370 3281 5432 sic
3339 5374 3546 5448 prima

1999 5483 2361 5561 propositio
2421 5483 2715 5546 Doctoris
2761 5483 3001 5545 corruit
3044 5500 3192 5546 cum
3241 5502 3358 5549 sua
3402 5504 3548 5565 pro-

1998 5599 2290 5662 batione.
2323 5598 2631 5661 Secundo
2679 5597 2928 5675 dicunt,
2963 5601 3144 5679 quod
3187 5604 3356 5667 actio
3395 5619 3543 5681 pro-
