<?xml version="1.0" encoding="UTF-8"?>
<!DOCTYPE html PUBLIC "-//W3C//DTD XHTML 1.0 Transitional//EN"
    "http://www.w3.org/TR/xhtml1/DTD/xhtml1-transitional.dtd">
<html xmlns="http://www.w3.org/1999/xhtml" xml:lang="en" lang="en">
 <head>
  <title>
</title>
<meta http-equiv="Content-Type" content="text/html;charset=utf-8" />
  <meta name='ocr-system' content='tesseract 3.04.00' />
  <meta name='ocr-capabilities' content='ocr_page ocr_carea ocr_par ocr_line ocrx_word'/>
</head>
<body>
  <div class='ocr_page' id='page_1' title='image "./joannisdunsscot02waddgoog_0286.png"; bbox 0 0 4255 6375; ppageno 0'>
   <div class='ocr_carea' id='block_1_1' title="bbox 507 1536 825 2411">
    <p class='ocr_par' dir='ltr' id='par_1_1' title="bbox 507 1536 825 2348">
     <span class='ocr_line' id='line_1_1' title="bbox 523 1536 814 1594; baseline -0.024 -1"><span class='ocrx_word' id='word_1_1' title='bbox 523 1536 814 1594; x_wconf 88' lang='lat' dir='ltr'>Communis</span> 
     </span>
     <span class='ocr_line' id='line_1_2' title="bbox 540 1600 787 1669; baseline -0.008 -16"><span class='ocrx_word' id='word_1_2' title='bbox 540 1600 787 1669; x_wconf 84' lang='lat' dir='ltr'>antiquio·</span> 
     </span>
     <span class='ocr_line' id='line_1_3' title="bbox 598 1681 737 1717; baseline 0.007 -1"><span class='ocrx_word' id='word_1_3' title='bbox 598 1681 737 1717; x_wconf 85' lang='lat' dir='ltr'>rum.</span> 
     </span>
     <span class='ocr_line' id='line_1_4' title="bbox 507 1729 824 1782; baseline 0 -2"><span class='ocrx_word' id='word_1_4' title='bbox 507 1731 579 1782; x_wconf 90' lang='lat' dir='ltr'>D.</span> <span class='ocrx_word' id='word_1_5' title='bbox 635 1729 824 1780; x_wconf 83' lang='lat' dir='ltr'>Thom.</span> 
     </span>
     <span class='ocr_line' id='line_1_5' title="bbox 508 1794 823 1843; baseline -0.003 0"><span class='ocrx_word' id='word_1_6' title='bbox 508 1794 579 1843; x_wconf 92' lang='lat' dir='ltr'>D.</span> <span class='ocrx_word' id='word_1_7' title='bbox 625 1794 823 1843; x_wconf 77' lang='lat' dir='ltr'>Bonav.</span> 
     </span>
     <span class='ocr_line' id='line_1_6' title="bbox 550 1854 798 1905; baseline -0.004 -1"><span class='ocrx_word' id='word_1_8' title='bbox 550 1854 798 1905; x_wconf 66' lang='lat' dir='ltr'>Paludan.</span> 
     </span>
     <span class='ocr_line' id='line_1_7' title="bbox 538 1916 788 1968; baseline 0.004 -1"><span class='ocrx_word' id='word_1_9' title='bbox 538 1916 788 1968; x_wconf 84' lang='lat' dir='ltr'>Richard.</span> 
     </span>
     <span class='ocr_line' id='line_1_8' title="bbox 573 1980 757 2044; baseline 0.011 -15"><span class='ocrx_word' id='word_1_10' title='bbox 573 1980 757 2044; x_wconf 85' lang='lat' dir='ltr'>Major.</span> 
     </span>
     <span class='ocr_line' id='line_1_9' title="bbox 563 2044 772 2092; baseline -0.005 0"><span class='ocrx_word' id='word_1_11' title='bbox 563 2044 772 2092; x_wconf 84' lang='lat' dir='ltr'>Doctor.</span> 
     </span>
     <span class='ocr_line' id='line_1_10' title="bbox 550 2106 793 2158; baseline 0.021 -5"><span class='ocrx_word' id='word_1_12' title='bbox 550 2106 793 2158; x_wconf 74' lang='lat' dir='ltr'>Bassolis.</span> 
     </span>
     <span class='ocr_line' id='line_1_11' title="bbox 507 2167 825 2221; baseline 0.013 -4"><span class='ocrx_word' id='word_1_13' title='bbox 507 2167 825 2221; x_wconf 72' lang='lat' dir='ltr'>Tartar-etus.</span> 
     </span>
     <span class='ocr_line' id='line_1_12' title="bbox 548 2230 780 2284; baseline 0.017 -4"><span class='ocrx_word' id='word_1_14' title='bbox 548 2230 780 2284; x_wconf 82' lang='lat' dir='ltr'>Gabriel.</span> 
     </span>
     <span class='ocr_line' id='line_1_13' title="bbox 594 2296 737 2348; baseline 0.014 -2"><span class='ocrx_word' id='word_1_15' title='bbox 594 2296 737 2348; x_wconf 84' lang='lat' dir='ltr'>Nisa.</span> 
     </span>
    </p>

    <p class='ocr_par' dir='ltr' id='par_1_2' title="bbox 525 2359 778 2411">
     <span class='ocr_line' id='line_1_14' title="bbox 525 2359 778 2411; baseline 0 -2"><span class='ocrx_word' id='word_1_16' title='bbox 525 2403 530 2409; x_wconf 87' lang='lat'><strong>.</strong></span> <span class='ocrx_word' id='word_1_17' title='bbox 568 2359 778 2411; x_wconf 77' lang='lat' dir='ltr'>Sum-ez.</span> 
     </span>
    </p>
   </div>
   <div class='ocr_carea' id='block_1_2' title="bbox 539 2422 789 2489">
    <p class='ocr_par' dir='ltr' id='par_1_3' title="bbox 539 2422 789 2489">
     <span class='ocr_line' id='line_1_15' title="bbox 539 2422 789 2489; baseline 0.004 -16"><span class='ocrx_word' id='word_1_18' title='bbox 539 2422 768 2489; x_wconf 79' lang='lat' dir='ltr'><strong>vasquez</strong></span> <span class='ocrx_word' id='word_1_19' title='bbox 778 2461 789 2474; x_wconf 93' lang='lat'><strong>.</strong></span> 
     </span>
    </p>
   </div>
   <div class='ocr_carea' id='block_1_3' title="bbox 502 3617 822 3859">
    <p class='ocr_par' dir='ltr' id='par_1_4' title="bbox 502 3617 822 3797">
     <span class='ocr_line' id='line_1_16' title="bbox 518 3617 805 3684; baseline -0.003 -16"><span class='ocrx_word' id='word_1_20' title='bbox 518 3617 805 3684; x_wconf 76' lang='lat' dir='ltr'>Suppositio</span> 
     </span>
     <span class='ocr_line' id='line_1_17' title="bbox 502 3680 822 3733; baseline 0.003 -3"><span class='ocrx_word' id='word_1_21' title='bbox 502 3680 822 3733; x_wconf 54' lang='lat' dir='ltr'>definitionis</span> 
     </span>
     <span class='ocr_line' id='line_1_18' title="bbox 578 3745 753 3797; baseline 0.011 -2"><span class='ocrx_word' id='word_1_22' title='bbox 578 3745 753 3797; x_wconf 81' lang='lat' dir='ltr'>Prima</span> 
     </span>
    </p>

    <p class='ocr_par' dir='ltr' id='par_1_5' title="bbox 504 3809 775 3859">
     <span class='ocr_line' id='line_1_19' title="bbox 504 3809 775 3859; baseline 0.004 -2"><span class='ocrx_word' id='word_1_23' title='bbox 504 3809 752 3859; x_wconf 78' lang='lat' dir='ltr'>sententia</span> <span class='ocrx_word' id='word_1_24' title='bbox 763 3847 775 3858; x_wconf 91' lang='lat'><strong>.</strong></span> 
     </span>
    </p>
   </div>
   <div class='ocr_carea' id='block_1_4' title="bbox 520 4327 794 4504">
    <p class='ocr_par' dir='ltr' id='par_1_6' title="bbox 520 4327 794 4504">
     <span class='ocr_line' id='line_1_20' title="bbox 557 4327 794 4400; baseline -0.013 -20"><span class='ocrx_word' id='word_1_25' title='bbox 557 4327 794 4400; x_wconf 78' lang='lat' dir='ltr'>Secunda</span> 
     </span>
     <span class='ocr_line' id='line_1_21' title="bbox 520 4396 794 4444; baseline 0.011 -3"><span class='ocrx_word' id='word_1_26' title='bbox 520 4396 766 4441; x_wconf 77' lang='lat' dir='ltr'>sententia</span> <span class='ocrx_word' id='word_1_27' title='bbox 780 4430 794 4444; x_wconf 88' lang='lat'><strong>.</strong></span> 
     </span>
     <span class='ocr_line' id='line_1_22' title="bbox 539 4454 778 4504; baseline 0.004 -1"><span class='ocrx_word' id='word_1_28' title='bbox 539 4454 778 4504; x_wconf 74' lang='lat' dir='ltr'>Definitio</span> 
     </span>
    </p>
   </div>
   <div class='ocr_carea' id='block_1_5' title="bbox 537 4516 774 4589">
    <p class='ocr_par' dir='ltr' id='par_1_7' title="bbox 537 4516 774 4589">
     <span class='ocr_line' id='line_1_23' title="bbox 537 4516 774 4589; baseline -0.004 -24"><span class='ocrx_word' id='word_1_29' title='bbox 537 4516 774 4589; x_wconf 76' lang='lat' dir='ltr'>supponit</span> 
     </span>
    </p>
   </div>
   <div class='ocr_carea' id='block_1_6' title="bbox 856 423 2937 490">
    <p class='ocr_par' dir='ltr' id='par_1_8' title="bbox 856 423 2937 490">
     <span class='ocr_line' id='line_1_24' title="bbox 856 423 2937 490; baseline 0.012 -30"><span class='ocrx_word' id='word_1_30' title='bbox 856 423 970 485; x_wconf 46' lang='grc' dir='ltr'>ἐς)</span> <span class='ocrx_word' id='word_1_31' title='bbox 2039 423 2315 486; x_wconf 74' lang='lat' dir='ltr'>mss.1v.</span> <span class='ocrx_word' id='word_1_32' title='bbox 2348 425 2937 490; x_wconf 70' lang='lat' dir='ltr'>SEN&#39;rssN’rmnnM</span> 
     </span>
    </p>
   </div>
   <div class='ocr_carea' id='block_1_7' title="bbox 845 585 4099 2541">
    <p class='ocr_par' dir='ltr' id='par_1_9' title="bbox 845 585 4099 2541">
     <span class='ocr_line' id='line_1_25' title="bbox 852 585 4099 669; baseline 0.004 -24"><span class='ocrx_word' id='word_1_33' title='bbox 852 585 1230 664; x_wconf 88' lang='lat' dir='ltr'>principalis</span> <span class='ocrx_word' id='word_1_34' title='bbox 1299 587 1546 661; x_wconf 79' lang='lat' dir='ltr'>salutiS,</span> <span class='ocrx_word' id='word_1_35' title='bbox 1592 594 1664 650; x_wconf 85' lang='lat' dir='ltr'>ut</span> <span class='ocrx_word' id='word_1_36' title='bbox 1726 588 1878 650; x_wconf 87' lang='lat' dir='ltr'>dicit</span> <span class='ocrx_word' id='word_1_37' title='bbox 1929 588 2401 661; x_wconf 73' lang='lat' dir='ltr'>Florentinum,</span> <span class='ocrx_word' id='word_1_38' title='bbox 2520 588 2921 653; x_wconf 77' lang='lat' dir='ltr'>ablutionem</span> <span class='ocrx_word' id='word_1_39' title='bbox 2980 607 3214 653; x_wconf 62' lang='lat' dir='ltr'>ammae</span> <span class='ocrx_word' id='word_1_40' title='bbox 3282 593 3670 669; x_wconf 66' lang='lat' dir='ltr'>siqnillcans,</span> <span class='ocrx_word' id='word_1_41' title='bbox 3741 600 3847 654; x_wconf 84' lang='lat' dir='ltr'>etc.</span> <span class='ocrx_word' id='word_1_42' title='bbox 3892 612 3985 657; x_wconf 84' lang='lat' dir='ltr'>non</span> <span class='ocrx_word' id='word_1_43' title='bbox 4098 636 4099 659; x_wconf 32' lang='grc' dir='ltr'><strong>η</strong></span> 
     </span>
     <span class='ocr_line' id='line_1_26' title="bbox 849 702 3985 788; baseline 0.004 -26"><span class='ocrx_word' id='word_1_44' title='bbox 849 702 1020 764; x_wconf 90' lang='lat' dir='ltr'>sicut</span> <span class='ocrx_word' id='word_1_45' title='bbox 1101 706 1166 764; x_wconf 91' lang='lat' dir='ltr'>et</span> <span class='ocrx_word' id='word_1_46' title='bbox 1235 703 1505 765; x_wconf 86' lang='lat' dir='ltr'>minlstri</span> <span class='ocrx_word' id='word_1_47' title='bbox 1580 710 1787 777; x_wconf 66' lang='lat' dir='ltr'>actm,</span> <span class='ocrx_word' id='word_1_48' title='bbox 1864 703 1973 783; x_wconf 92' lang='lat' dir='ltr'>qui</span> <span class='ocrx_word' id='word_1_49' title='bbox 2045 710 2146 765; x_wconf 89' lang='lat' dir='ltr'>est</span> <span class='ocrx_word' id='word_1_50' title='bbox 2204 721 2402 766; x_wconf 87' lang='lat' dir='ltr'>causa</span> <span class='ocrx_word' id='word_1_51' title='bbox 2515 712 2670 768; x_wconf 89' lang='lat' dir='ltr'>sunt</span> <span class='ocrx_word' id='word_1_52' title='bbox 2717 705 3303 772; x_wconf 73' lang='lat' dir='ltr'>determinationes</span> <span class='ocrx_word' id='word_1_53' title='bbox 3344 710 3636 788; x_wconf 87' lang='lat' dir='ltr'>ipsarum</span> <span class='ocrx_word' id='word_1_54' title='bbox 3678 711 3740 772; x_wconf 93' lang='lat' dir='ltr'>in</span> <span class='ocrx_word' id='word_1_55' title='bbox 3780 729 3985 776; x_wconf 69' lang='lat' dir='ltr'>essens·</span> 
     </span>
     <span class='ocr_line' id='line_1_27' title="bbox 852 820 3991 907; baseline 0.005 -29"><span class='ocrx_word' id='word_1_56' title='bbox 852 820 1388 895; x_wconf 82' lang='lat' dir='ltr'>instrumentalis,</span> <span class='ocrx_word' id='word_1_57' title='bbox 1460 821 1585 881; x_wconf 89' lang='lat' dir='ltr'>hoc</span> <span class='ocrx_word' id='word_1_58' title='bbox 1630 838 1760 881; x_wconf 92' lang='lat' dir='ltr'>non</span> <span class='ocrx_word' id='word_1_59' title='bbox 1828 821 1987 882; x_wconf 92' lang='lat' dir='ltr'>tollit</span> <span class='ocrx_word' id='word_1_60' title='bbox 2046 821 2201 898; x_wconf 89' lang='lat' dir='ltr'>quin</span> <span class='ocrx_word' id='word_1_61' title='bbox 2265 825 2400 881; x_wconf 88' lang='lat' dir='ltr'>tota</span> <span class='ocrx_word' id='word_1_62' title='bbox 2513 823 2700 885; x_wconf 87' lang='lat' dir='ltr'>turali</span> <span class='ocrx_word' id='word_1_63' title='bbox 2733 830 2796 887; x_wconf 92' lang='lat' dir='ltr'>et</span> <span class='ocrx_word' id='word_1_64' title='bbox 2853 822 3326 889; x_wconf 82' lang='lat' dir='ltr'>fundamentali</span> <span class='ocrx_word' id='word_1_65' title='bbox 3375 833 3678 907; x_wconf 87' lang='lat' dir='ltr'>tanquam</span> <span class='ocrx_word' id='word_1_66' title='bbox 3727 832 3991 894; x_wconf 75' lang='lat' dir='ltr'>naturales</span> 
     </span>
     <span class='ocr_line' id='line_1_28' title="bbox 848 938 3992 1019; baseline 0.003 -20"><span class='ocrx_word' id='word_1_67' title='bbox 848 939 1338 1000; x_wconf 81' lang='lat' dir='ltr'>sacramentalis</span> <span class='ocrx_word' id='word_1_68' title='bbox 1383 938 1765 1019; x_wconf 74' lang='lat' dir='ltr'>significatio</span> <span class='ocrx_word' id='word_1_69' title='bbox 1810 938 2129 1002; x_wconf 88' lang='lat' dir='ltr'>fundetur</span> <span class='ocrx_word' id='word_1_70' title='bbox 2164 940 2228 999; x_wconf 79' lang='lat' dir='ltr'>in</span> <span class='ocrx_word' id='word_1_71' title='bbox 2260 939 2400 1018; x_wconf 87' lang='lat' dir='ltr'>ipsa</span> <span class='ocrx_word' id='word_1_72' title='bbox 2513 939 3034 1019; x_wconf 88' lang='lat' dir='ltr'>specificationes</span> <span class='ocrx_word' id='word_1_73' title='bbox 3079 946 3143 1007; x_wconf 91' lang='lat' dir='ltr'>in</span> <span class='ocrx_word' id='word_1_74' title='bbox 3174 962 3305 1007; x_wconf 81' lang='lat' dir='ltr'>esse</span> <span class='ocrx_word' id='word_1_75' title='bbox 3333 947 3454 1017; x_wconf 89' lang='lat' dir='ltr'>rei,</span> <span class='ocrx_word' id='word_1_76' title='bbox 3486 946 3606 1008; x_wconf 83' lang='lat' dir='ltr'>sed</span> <span class='ocrx_word' id='word_1_77' title='bbox 3655 947 3718 1007; x_wconf 90' lang='lat' dir='ltr'>in</span> <span class='ocrx_word' id='word_1_78' title='bbox 3761 946 3992 1008; x_wconf 75' lang='lat' dir='ltr'>essefor·</span> 
     </span>
     <span class='ocr_line' id='line_1_29' title="bbox 850 1053 3990 1142; baseline 0.003 -25"><span class='ocrx_word' id='word_1_79' title='bbox 850 1053 1211 1130; x_wconf 86' lang='lat' dir='ltr'>ablutione,</span> <span class='ocrx_word' id='word_1_80' title='bbox 1263 1059 1558 1136; x_wconf 88' lang='lat' dir='ltr'>quamvis</span> <span class='ocrx_word' id='word_1_81' title='bbox 1605 1074 1685 1118; x_wconf 79' lang='lat' dir='ltr'>ex</span> <span class='ocrx_word' id='word_1_82' title='bbox 1731 1056 1947 1118; x_wconf 88' lang='lat' dir='ltr'>divina</span> <span class='ocrx_word' id='word_1_83' title='bbox 1991 1057 2398 1119; x_wconf 81' lang='lat' dir='ltr'>institutione</span> <span class='ocrx_word' id='word_1_84' title='bbox 2512 1059 2685 1133; x_wconf 88' lang='lat' dir='ltr'>mali,</span> <span class='ocrx_word' id='word_1_85' title='bbox 2763 1076 2906 1137; x_wconf 82' lang='lat' dir='ltr'>quae</span> <span class='ocrx_word' id='word_1_86' title='bbox 2976 1061 3316 1124; x_wconf 79' lang='lat' dir='ltr'>continent</span> <span class='ocrx_word' id='word_1_87' title='bbox 3367 1067 3434 1124; x_wconf 88' lang='lat' dir='ltr'>et</span> <span class='ocrx_word' id='word_1_88' title='bbox 3488 1063 3840 1142; x_wconf 87' lang='lat' dir='ltr'>significant</span> <span class='ocrx_word' id='word_1_89' title='bbox 3873 1066 3990 1127; x_wconf 76' lang='lat' dir='ltr'>effe·</span> 
     </span>
     <span class='ocr_line' id='line_1_30' title="bbox 852 1174 3992 1258; baseline 0.002 -21"><span class='ocrx_word' id='word_1_90' title='bbox 852 1177 1225 1256; x_wconf 73' lang='lat' dir='ltr'>requiratur</span> <span class='ocrx_word' id='word_1_91' title='bbox 1252 1174 1460 1240; x_wconf 86' lang='lat' dir='ltr'>forma</span> <span class='ocrx_word' id='word_1_92' title='bbox 1487 1177 1867 1248; x_wconf 87' lang='lat' dir='ltr'>verborum,</span> <span class='ocrx_word' id='word_1_93' title='bbox 1912 1180 2082 1239; x_wconf 90' lang='lat' dir='ltr'>sicut</span> <span class='ocrx_word' id='word_1_94' title='bbox 2115 1182 2182 1239; x_wconf 90' lang='lat' dir='ltr'>et</span> <span class='ocrx_word' id='word_1_95' title='bbox 2210 1179 2398 1255; x_wconf 90' lang='lat' dir='ltr'>plura</span> <span class='ocrx_word' id='word_1_96' title='bbox 2512 1179 2693 1235; x_wconf 91' lang='lat' dir='ltr'>ctum</span> <span class='ocrx_word' id='word_1_97' title='bbox 2743 1177 3016 1254; x_wconf 80' lang='lat' dir='ltr'>gratiae3</span> <span class='ocrx_word' id='word_1_98' title='bbox 3074 1194 3233 1258; x_wconf 88' lang='lat' dir='ltr'>ergo</span> <span class='ocrx_word' id='word_1_99' title='bbox 3277 1181 3373 1241; x_wconf 91' lang='lat' dir='ltr'>sic</span> <span class='ocrx_word' id='word_1_100' title='bbox 3423 1187 3798 1258; x_wconf 87' lang='lat' dir='ltr'>supponunt</span> <span class='ocrx_word' id='word_1_101' title='bbox 3832 1181 3887 1242; x_wconf 87' lang='lat' dir='ltr'>in</span> <span class='ocrx_word' id='word_1_102' title='bbox 3907 1182 3992 1243; x_wconf 81' lang='lat' dir='ltr'>hac</span> 
     </span>
     <span class='ocr_line' id='line_1_31' title="bbox 852 1287 3991 1376; baseline 0.003 -26"><span class='ocrx_word' id='word_1_103' title='bbox 852 1294 1000 1365; x_wconf 68' lang='lat' dir='ltr'>alia,</span> <span class='ocrx_word' id='word_1_104' title='bbox 1084 1309 1227 1372; x_wconf 82' lang='lat' dir='ltr'>quae</span> <span class='ocrx_word' id='word_1_105' title='bbox 1303 1311 1435 1358; x_wconf 90' lang='lat' dir='ltr'>non</span> <span class='ocrx_word' id='word_1_106' title='bbox 1497 1293 1779 1356; x_wconf 79' lang='lat' dir='ltr'>fundant</span> <span class='ocrx_word' id='word_1_107' title='bbox 1834 1296 2221 1357; x_wconf 78' lang='lat' dir='ltr'>relationem</span> <span class='ocrx_word' id='word_1_108' title='bbox 2289 1313 2396 1360; x_wconf 80' lang='lat' dir='ltr'>sa-</span> <span class='ocrx_word' id='word_1_109' title='bbox 2511 1287 2887 1354; x_wconf 89' lang='lat' dir='ltr'>definitione</span> <span class='ocrx_word' id='word_1_110' title='bbox 2932 1290 3312 1368; x_wconf 78' lang='lat' dir='ltr'>formaliter,</span> <span class='ocrx_word' id='word_1_111' title='bbox 3368 1295 3431 1356; x_wconf 91' lang='lat' dir='ltr'>id</span> <span class='ocrx_word' id='word_1_112' title='bbox 3482 1301 3605 1369; x_wconf 88' lang='lat' dir='ltr'>est,</span> <span class='ocrx_word' id='word_1_113' title='bbox 3650 1313 3761 1373; x_wconf 90' lang='lat' dir='ltr'>pro</span> <span class='ocrx_word' id='word_1_114' title='bbox 3807 1298 3991 1376; x_wconf 85' lang='lat' dir='ltr'>signifi·</span> 
     </span>
     <span class='ocr_line' id='line_1_32' title="bbox 857 1408 3995 1485; baseline 0.002 -15"><span class='ocrx_word' id='word_1_115' title='bbox 857 1410 1346 1472; x_wconf 83' lang='lat' dir='ltr'>eramentalem.</span> <span class='ocrx_word' id='word_1_116' title='bbox 2516 1409 2770 1470; x_wconf 88' lang='lat' dir='ltr'>catione</span> <span class='ocrx_word' id='word_1_117' title='bbox 2843 1408 3307 1472; x_wconf 86' lang='lat' dir='ltr'>sacramentali</span> <span class='ocrx_word' id='word_1_118' title='bbox 3379 1414 3444 1474; x_wconf 92' lang='lat' dir='ltr'>in</span> <span class='ocrx_word' id='word_1_119' title='bbox 3505 1418 3827 1485; x_wconf 86' lang='lat' dir='ltr'>concreto,</span> <span class='ocrx_word' id='word_1_120' title='bbox 3875 1415 3995 1476; x_wconf 80' lang='lat' dir='ltr'>sicut</span> 
     </span>
     <span class='ocr_line' id='line_1_33' title="bbox 935 1524 3996 1610; baseline 0.003 -27"><span class='ocrx_word' id='word_1_121' title='bbox 935 1527 1075 1587; x_wconf 82' lang='lat' dir='ltr'>Haec</span> <span class='ocrx_word' id='word_1_122' title='bbox 1118 1527 1445 1588; x_wconf 79' lang='lat' dir='ltr'>sententia</span> <span class='ocrx_word' id='word_1_123' title='bbox 1503 1532 1604 1590; x_wconf 78' lang='lat' dir='ltr'>est</span> <span class='ocrx_word' id='word_1_124' title='bbox 1652 1534 2054 1594; x_wconf 84' lang='lat' dir='ltr'>communior</span> <span class='ocrx_word' id='word_1_125' title='bbox 2112 1532 2397 1610; x_wconf 80' lang='lat' dir='ltr'>antiqui-</span> <span class='ocrx_word' id='word_1_126' title='bbox 2510 1524 2843 1600; x_wconf 78' lang='lat' dir='ltr'>peculiare</span> <span class='ocrx_word' id='word_1_127' title='bbox 2918 1531 3017 1587; x_wconf 82' lang='lat' dir='ltr'>est</span> <span class='ocrx_word' id='word_1_128' title='bbox 3071 1526 3395 1600; x_wconf 77' lang='lat' dir='ltr'>relationi,</span> <span class='ocrx_word' id='word_1_129' title='bbox 3458 1533 3528 1589; x_wconf 78' lang='lat' dir='ltr'>ut</span> <span class='ocrx_word' id='word_1_130' title='bbox 3592 1526 3914 1590; x_wconf 79' lang='lat' dir='ltr'>definiatur</span> <span class='ocrx_word' id='word_1_131' title='bbox 3953 1537 3996 1591; x_wconf 77' lang='lat' dir='ltr'>el</span> 
     </span>
     <span class='ocr_line' id='line_1_34' title="bbox 857 1639 3995 1724; baseline 0.001 -21"><span class='ocrx_word' id='word_1_132' title='bbox 857 1658 1043 1704; x_wconf 91' lang='lat' dir='ltr'>orum</span> <span class='ocrx_word' id='word_1_133' title='bbox 1105 1659 1252 1703; x_wconf 89' lang='lat' dir='ltr'>cum</span> <span class='ocrx_word' id='word_1_134' title='bbox 1298 1644 1620 1722; x_wconf 78' lang='lat' dir='ltr'>Magistro,</span> <span class='ocrx_word' id='word_1_135' title='bbox 1683 1647 1792 1724; x_wconf 89' lang='lat' dir='ltr'>qui</span> <span class='ocrx_word' id='word_1_136' title='bbox 1854 1650 2177 1709; x_wconf 79' lang='lat' dir='ltr'>sustinent</span> <span class='ocrx_word' id='word_1_137' title='bbox 2235 1646 2400 1710; x_wconf 82' lang='lat' dir='ltr'>defi·</span> <span class='ocrx_word' id='word_1_138' title='bbox 2509 1639 2909 1719; x_wconf 79' lang='lat' dir='ltr'>intelligatur</span> <span class='ocrx_word' id='word_1_139' title='bbox 2965 1657 3087 1717; x_wconf 92' lang='lat' dir='ltr'>per</span> <span class='ocrx_word' id='word_1_140' title='bbox 3150 1647 3465 1705; x_wconf 77' lang='lat' dir='ltr'>extrema.</span> <span class='ocrx_word' id='word_1_141' title='bbox 3529 1645 3716 1707; x_wconf 89' lang='lat' dir='ltr'>Unde</span> <span class='ocrx_word' id='word_1_142' title='bbox 3774 1645 3995 1707; x_wconf 81' lang='lat' dir='ltr'>definitio</span> 
     </span>
     <span class='ocr_line' id='line_1_35' title="bbox 857 1741 3995 1841; baseline 0.001 -22"><span class='ocrx_word' id='word_1_143' title='bbox 857 1760 1173 1820; x_wconf 87' lang='lat' dir='ltr'>nitlonem</span> <span class='ocrx_word' id='word_1_144' title='bbox 1209 1741 1298 1820; x_wconf 63' lang='lat' dir='ltr'>=ab</span> <span class='ocrx_word' id='word_1_145' title='bbox 1346 1777 1424 1820; x_wconf 90' lang='lat' dir='ltr'>eo</span> <span class='ocrx_word' id='word_1_146' title='bbox 1487 1760 1808 1825; x_wconf 82' lang='lat' dir='ltr'>traditam.</span> <span class='ocrx_word' id='word_1_147' title='bbox 1871 1766 1944 1823; x_wconf 90' lang='lat' dir='ltr'>D.</span> <span class='ocrx_word' id='word_1_148' title='bbox 2005 1765 2285 1825; x_wconf 84' lang='lat' dir='ltr'>Thomas</span> <span class='ocrx_word' id='word_1_149' title='bbox 2336 1767 2395 1826; x_wconf 89' lang='lat'>3.</span> <span class='ocrx_word' id='word_1_150' title='bbox 2511 1757 2793 1838; x_wconf 77' lang='lat' dir='ltr'>Magistri</span> <span class='ocrx_word' id='word_1_151' title='bbox 2826 1758 3116 1820; x_wconf 82' lang='lat' dir='ltr'>adhunc</span> <span class='ocrx_word' id='word_1_152' title='bbox 3154 1777 3448 1833; x_wconf 86' lang='lat' dir='ltr'>sensum,</span> <span class='ocrx_word' id='word_1_153' title='bbox 3502 1779 3699 1841; x_wconf 88' lang='lat' dir='ltr'>quem</span> <span class='ocrx_word' id='word_1_154' title='bbox 3750 1764 3995 1841; x_wconf 78' lang='lat' dir='ltr'>implicite</span> 
     </span>
     <span class='ocr_line' id='line_1_36' title="bbox 845 1871 3998 1952; baseline 0.002 -16"><span class='ocrx_word' id='word_1_155' title='bbox 845 1880 1023 1952; x_wconf 84' lang='lat' dir='ltr'>part.</span> <span class='ocrx_word' id='word_1_156' title='bbox 1087 1882 1300 1952; x_wconf 75' lang='lat' dir='ltr'>quoesl.</span> <span class='ocrx_word' id='word_1_157' title='bbox 1360 1876 1461 1940; x_wconf 85' lang='lat'>66.</span> <span class='ocrx_word' id='word_1_158' title='bbox 1510 1883 1634 1938; x_wconf 78' lang='lat' dir='ltr'>art.</span> <span class='ocrx_word' id='word_1_159' title='bbox 1699 1882 1753 1940; x_wconf 91' lang='lat' dir='ltr'>l.</span> <span class='ocrx_word' id='word_1_160' title='bbox 1810 1882 1885 1941; x_wconf 89' lang='lat' dir='ltr'>D.</span> <span class='ocrx_word' id='word_1_161' title='bbox 1935 1882 2393 1942; x_wconf 85' lang='lat' dir='ltr'>Bonaventura</span> <span class='ocrx_word' id='word_1_162' title='bbox 2508 1871 2803 1945; x_wconf 76' lang='lat' dir='ltr'>includit,</span> <span class='ocrx_word' id='word_1_163' title='bbox 2847 1871 3234 1937; x_wconf 78' lang='lat' dir='ltr'>reducenda</span> <span class='ocrx_word' id='word_1_164' title='bbox 3298 1882 3419 1949; x_wconf 77' lang='lat' dir='ltr'>est,</span> <span class='ocrx_word' id='word_1_165' title='bbox 3479 1877 3639 1938; x_wconf 84' lang='lat' dir='ltr'>alias</span> <span class='ocrx_word' id='word_1_166' title='bbox 3686 1883 3852 1939; x_wconf 79' lang='lat' dir='ltr'>esset</span> <span class='ocrx_word' id='word_1_167' title='bbox 3886 1876 3998 1938; x_wconf 74' lang='lat' dir='ltr'>falsa</span> 
     </span>
     <span class='ocr_line' id='line_1_37' title="bbox 851 1989 3997 2071; baseline 0.001 -21"><span class='ocrx_word' id='word_1_168' title='bbox 851 1991 914 2053; x_wconf 83' lang='lat' dir='ltr'>in</span> <span class='ocrx_word' id='word_1_169' title='bbox 945 1994 1005 2051; x_wconf 86' lang='grc'>4.</span> <span class='ocrx_word' id='word_1_170' title='bbox 1056 1992 1201 2052; x_wconf 79' lang='lat' dir='ltr'>dist.</span> <span class='ocrx_word' id='word_1_171' title='bbox 1257 1994 1316 2054; x_wconf 91' lang='lat'>3.</span> <span class='ocrx_word' id='word_1_172' title='bbox 1369 2000 1581 2070; x_wconf 68' lang='lat' dir='ltr'>quaese.</span> <span class='ocrx_word' id='word_1_173' title='bbox 1634 1995 1685 2055; x_wconf 94' lang='lat' dir='ltr'>l.</span> <span class='ocrx_word' id='word_1_174' title='bbox 1742 1994 2114 2059; x_wconf 89' lang='lat' dir='ltr'>Paludanus</span> <span class='ocrx_word' id='word_1_175' title='bbox 2158 2002 2285 2058; x_wconf 85' lang='lat' dir='ltr'>art.</span> <span class='ocrx_word' id='word_1_176' title='bbox 2339 2000 2394 2059; x_wconf 92' lang='lat' dir='ltr'>l.</span> <span class='ocrx_word' id='word_1_177' title='bbox 2510 1989 2698 2049; x_wconf 75' lang='lat' dir='ltr'>aliter</span> <span class='ocrx_word' id='word_1_178' title='bbox 2739 1989 3089 2051; x_wconf 77' lang='lat' dir='ltr'>intellecta.</span> <span class='ocrx_word' id='word_1_179' title='bbox 3142 1991 3305 2054; x_wconf 87' lang='lat' dir='ltr'>Vide</span> <span class='ocrx_word' id='word_1_180' title='bbox 3357 2008 3508 2071; x_wconf 82' lang='lat' dir='ltr'>quae</span> <span class='ocrx_word' id='word_1_181' title='bbox 3562 1993 3732 2055; x_wconf 87' lang='lat' dir='ltr'>dicta</span> <span class='ocrx_word' id='word_1_182' title='bbox 3782 1996 3997 2055; x_wconf 76' lang='lat' dir='ltr'>suntin</span> 
     </span>
     <span class='ocr_line' id='line_1_38' title="bbox 853 2105 3751 2190; baseline 0 -24"><span class='ocrx_word' id='word_1_183' title='bbox 853 2105 1211 2170; x_wconf 85' lang='lat' dir='ltr'>Richardus</span> <span class='ocrx_word' id='word_1_184' title='bbox 1308 2111 1554 2172; x_wconf 80' lang='lat' dir='ltr'>eadem.</span> <span class='ocrx_word' id='word_1_185' title='bbox 1658 2112 1860 2190; x_wconf 83' lang='lat' dir='ltr'>Maj0r</span> <span class='ocrx_word' id='word_1_186' title='bbox 1927 2120 2056 2175; x_wconf 76' lang='lat' dir='ltr'>toto</span> <span class='ocrx_word' id='word_1_187' title='bbox 2146 2121 2271 2177; x_wconf 75' lang='lat' dir='ltr'>art.</span> <span class='ocrx_word' id='word_1_188' title='bbox 2338 2118 2392 2177; x_wconf 92' lang='lat' dir='ltr'>l.</span> <span class='ocrx_word' id='word_1_189' title='bbox 2510 2111 2860 2168; x_wconf 77' lang='lat' dir='ltr'>commento</span> <span class='ocrx_word' id='word_1_190' title='bbox 2892 2113 3107 2183; x_wconf 78' lang='lat' dir='ltr'>quaest.</span> <span class='ocrx_word' id='word_1_191' title='bbox 3153 2110 3213 2169; x_wconf 82' lang='lat'>2.</span> <span class='ocrx_word' id='word_1_192' title='bbox 3249 2110 3391 2171; x_wconf 65' lang='grc' dir='ltr'><strong><em>ἀίει.</em></strong></span> <span class='ocrx_word' id='word_1_193' title='bbox 3427 2110 3482 2172; x_wconf 89' lang='lat' dir='ltr'>l.</span> <span class='ocrx_word' id='word_1_194' title='bbox 3530 2117 3660 2171; x_wconf 80' lang='lat' dir='ltr'>art.</span> <span class='ocrx_word' id='word_1_195' title='bbox 3690 2111 3751 2171; x_wconf 81' lang='lat'>2.</span> 
     </span>
     <span class='ocr_line' id='line_1_39' title="bbox 853 2224 3995 2309; baseline 0.001 -25"><span class='ocrx_word' id='word_1_196' title='bbox 853 2229 1120 2300; x_wconf 72' lang='lat' dir='ltr'>quaest...</span> <span class='ocrx_word' id='word_1_197' title='bbox 1170 2243 1452 2306; x_wconf 87' lang='lat' dir='ltr'>eamque</span> <span class='ocrx_word' id='word_1_198' title='bbox 1505 2233 1685 2290; x_wconf 86' lang='lat' dir='ltr'>tenet</span> <span class='ocrx_word' id='word_1_199' title='bbox 1743 2230 1982 2291; x_wconf 90' lang='lat' dir='ltr'>Doctor</span> <span class='ocrx_word' id='word_1_200' title='bbox 2034 2234 2108 2290; x_wconf 89' lang='lat' dir='ltr'>ut</span> <span class='ocrx_word' id='word_1_201' title='bbox 2156 2232 2392 2309; x_wconf 80' lang='lat' dir='ltr'>proba·</span> <span class='ocrx_word' id='word_1_202' title='bbox 2590 2224 2782 2284; x_wconf 90' lang='lat' dir='ltr'>Sotus</span> <span class='ocrx_word' id='word_1_203' title='bbox 2852 2224 3285 2301; x_wconf 85' lang='lat' dir='ltr'>reprehendit</span> <span class='ocrx_word' id='word_1_204' title='bbox 3366 2226 3535 2288; x_wconf 86' lang='lat' dir='ltr'>hanc</span> <span class='ocrx_word' id='word_1_205' title='bbox 3609 2225 3995 2291; x_wconf 82' lang='lat' dir='ltr'>definitionem</span> 
     </span>
     <span class='ocr_line' id='line_1_40' title="bbox 855 2340 4031 2427; baseline 0 -22"><span class='ocrx_word' id='word_1_206' title='bbox 855 2343 1092 2419; x_wconf 80' lang='lat' dir='ltr'>bilem3</span> <span class='ocrx_word' id='word_1_207' title='bbox 1149 2345 1341 2408; x_wconf 88' lang='lat' dir='ltr'>aliam</span> <span class='ocrx_word' id='word_1_208' title='bbox 1383 2362 1539 2407; x_wconf 84' lang='lat' dir='ltr'>vero</span> <span class='ocrx_word' id='word_1_209' title='bbox 1579 2351 1651 2407; x_wconf 93' lang='lat' dir='ltr'>ut</span> <span class='ocrx_word' id='word_1_210' title='bbox 1694 2347 1903 2427; x_wconf 84' lang='lat' dir='ltr'>magis</span> <span class='ocrx_word' id='word_1_211' title='bbox 1963 2350 2393 2425; x_wconf 77' lang='lat' dir='ltr'>probabilem,</span> <span class='ocrx_word' id='word_1_212' title='bbox 2511 2340 2905 2418; x_wconf 80' lang='lat' dir='ltr'>assignatam</span> <span class='ocrx_word' id='word_1_213' title='bbox 2978 2357 3015 2401; x_wconf 89' lang='lat' dir='ltr'>a</span> <span class='ocrx_word' id='word_1_214' title='bbox 3084 2342 3391 2416; x_wconf 89' lang='lat' dir='ltr'>Doctore,</span> <span class='ocrx_word' id='word_1_215' title='bbox 3467 2346 3657 2422; x_wconf 85' lang='lat' dir='ltr'>quasi</span> <span class='ocrx_word' id='word_1_216' title='bbox 3726 2345 4031 2406; x_wconf 68' lang='lat' dir='ltr'>suffarcint</span> 
     </span>
     <span class='ocr_line' id='line_1_41' title="bbox 853 2459 3993 2541; baseline 0.001 -18"><span class='ocrx_word' id='word_1_217' title='bbox 853 2479 1052 2541; x_wconf 90' lang='lat' dir='ltr'>quem</span> <span class='ocrx_word' id='word_1_218' title='bbox 1109 2463 1410 2541; x_wconf 88' lang='lat' dir='ltr'>sequitur</span> <span class='ocrx_word' id='word_1_219' title='bbox 1452 2465 1734 2525; x_wconf 86' lang='lat' dir='ltr'>Bassolis</span> <span class='ocrx_word' id='word_1_220' title='bbox 1779 2471 1995 2541; x_wconf 74' lang='lat' dir='ltr'>quaese.</span> <span class='ocrx_word' id='word_1_221' title='bbox 2049 2469 2102 2528; x_wconf 93' lang='lat' dir='ltr'>l.</span> <span class='ocrx_word' id='word_1_222' title='bbox 2153 2475 2278 2529; x_wconf 80' lang='lat' dir='ltr'>art.</span> <span class='ocrx_word' id='word_1_223' title='bbox 2338 2473 2392 2530; x_wconf 92' lang='lat'>1.</span> <span class='ocrx_word' id='word_1_224' title='bbox 2509 2459 2724 2537; x_wconf 73' lang='lat' dir='ltr'>aliqua</span> <span class='ocrx_word' id='word_1_225' title='bbox 2796 2474 2930 2520; x_wconf 85' lang='lat' dir='ltr'>non</span> <span class='ocrx_word' id='word_1_226' title='bbox 3003 2462 3401 2535; x_wconf 76' lang='lat' dir='ltr'>necessaria,</span> <span class='ocrx_word' id='word_1_227' title='bbox 3462 2461 3587 2524; x_wconf 84' lang='lat' dir='ltr'>sed</span> <span class='ocrx_word' id='word_1_228' title='bbox 3641 2464 3786 2524; x_wconf 86' lang='lat' dir='ltr'>haec</span> <span class='ocrx_word' id='word_1_229' title='bbox 3849 2465 3993 2524; x_wconf 73' lang='lat' dir='ltr'>verba</span> 
     </span>
    </p>
   </div>
   <div class='ocr_carea' id='block_1_8' title="bbox 845 2576 3996 2776">
    <p class='ocr_par' dir='ltr' id='par_1_10' title="bbox 845 2576 3996 2776">
     <span class='ocr_line' id='line_1_42' title="bbox 852 2576 3994 2660; baseline 0.002 -21"><span class='ocrx_word' id='word_1_230' title='bbox 852 2581 1222 2641; x_wconf 75' lang='lat' dir='ltr'>&#39;l&#39;artaretus</span> <span class='ocrx_word' id='word_1_231' title='bbox 1254 2596 1446 2657; x_wconf 79' lang='lat' dir='ltr'>super</span> <span class='ocrx_word' id='word_1_232' title='bbox 1489 2586 1758 2642; x_wconf 66' lang='lat' dir='ltr'>temtum.</span> <span class='ocrx_word' id='word_1_233' title='bbox 1796 2580 2052 2643; x_wconf 85' lang='lat' dir='ltr'>Gabriel</span> <span class='ocrx_word' id='word_1_234' title='bbox 2082 2593 2296 2660; x_wconf 74' lang='lat' dir='ltr'>quaese.</span> <span class='ocrx_word' id='word_1_235' title='bbox 2336 2586 2390 2646; x_wconf 94' lang='lat' dir='ltr'>l.</span> <span class='ocrx_word' id='word_1_236' title='bbox 2507 2580 2661 2637; x_wconf 73' lang='lat' dir='ltr'>suni</span> <span class='ocrx_word' id='word_1_237' title='bbox 2693 2593 2709 2634; x_wconf 74' lang='lat' dir='ltr'>t</span> <span class='ocrx_word' id='word_1_238' title='bbox 2744 2576 2978 2638; x_wconf 78' lang='lat' dir='ltr'>melius</span> <span class='ocrx_word' id='word_1_239' title='bbox 3011 2576 3414 2653; x_wconf 77' lang='lat' dir='ltr'>praecidisset</span> <span class='ocrx_word' id='word_1_240' title='bbox 3454 2588 3838 2658; x_wconf 75' lang='lat' dir='ltr'>argumento</span> <span class='ocrx_word' id='word_1_241' title='bbox 3867 2580 3994 2659; x_wconf 78' lang='lat' dir='ltr'>quod</span> 
     </span>
     <span class='ocr_line' id='line_1_43' title="bbox 845 2691 3996 2776; baseline 0.002 -21"><span class='ocrx_word' id='word_1_242' title='bbox 845 2695 994 2756; x_wconf 79' lang='lat' dir='ltr'>Nisa</span> <span class='ocrx_word' id='word_1_243' title='bbox 1039 2700 1224 2756; x_wconf 79' lang='lat' dir='ltr'>tract.</span> <span class='ocrx_word' id='word_1_244' title='bbox 1284 2696 1347 2757; x_wconf 84' lang='lat'>6.</span> <span class='ocrx_word' id='word_1_245' title='bbox 1375 2702 1551 2774; x_wconf 79' lang='lat' dir='ltr'>part.</span> <span class='ocrx_word' id='word_1_246' title='bbox 1602 2698 1662 2757; x_wconf 89' lang='lat'>3.</span> <span class='ocrx_word' id='word_1_247' title='bbox 1723 2704 1937 2773; x_wconf 79' lang='lat' dir='ltr'>quaesc.</span> <span class='ocrx_word' id='word_1_248' title='bbox 2008 2702 2060 2760; x_wconf 92' lang='lat' dir='ltr'>l.</span> <span class='ocrx_word' id='word_1_249' title='bbox 2124 2705 2190 2760; x_wconf 85' lang='lat' dir='ltr'>et</span> <span class='ocrx_word' id='word_1_250' title='bbox 2254 2702 2391 2776; x_wconf 84' lang='lat' dir='ltr'>alii;</span> <span class='ocrx_word' id='word_1_251' title='bbox 2507 2691 2914 2768; x_wconf 79' lang='lat' dir='ltr'>superfluum</span> <span class='ocrx_word' id='word_1_252' title='bbox 2960 2696 3081 2753; x_wconf 68' lang='lat' dir='ltr'>est.</span> <span class='ocrx_word' id='word_1_253' title='bbox 3138 2691 3437 2756; x_wconf 78' lang='lat' dir='ltr'>Definitio</span> <span class='ocrx_word' id='word_1_254' title='bbox 3494 2698 3671 2758; x_wconf 87' lang='lat' dir='ltr'>enim</span> <span class='ocrx_word' id='word_1_255' title='bbox 3713 2712 3838 2757; x_wconf 89' lang='lat' dir='ltr'>non</span> <span class='ocrx_word' id='word_1_256' title='bbox 3869 2712 3996 2758; x_wconf 81' lang='lat' dir='ltr'>com·</span> 
     </span>
    </p>
   </div>
   <div class='ocr_carea' id='block_1_9' title="bbox 4096 1358 4099 1417">
    <p class='ocr_par' dir='ltr' id='par_1_11' title="bbox 4096 1358 4099 1417">
     <span class='ocr_line' id='line_1_44' title="bbox 4096 1358 4099 1417; baseline 0 0"><span class='ocrx_word' id='word_1_257' title='bbox 4096 1358 4099 1417; x_wconf 71' lang='lat' dir='ltr'>l</span> 
     </span>
    </p>
   </div>
   <div class='ocr_carea' id='block_1_10' title="bbox 839 2807 3998 2991">
    <p class='ocr_par' dir='ltr' id='par_1_12' title="bbox 839 2807 3998 2991">
     <span class='ocr_line' id='line_1_45' title="bbox 839 2807 3998 2891; baseline 0.002 -21"><span class='ocrx_word' id='word_1_258' title='bbox 839 2809 1251 2889; x_wconf 90' lang='lat' dir='ltr'>frequentior</span> <span class='ocrx_word' id='word_1_259' title='bbox 1309 2814 1497 2872; x_wconf 82' lang='lat' dir='ltr'>etiam</span> <span class='ocrx_word' id='word_1_260' title='bbox 1543 2810 2042 2885; x_wconf 87' lang='lat' dir='ltr'>modernorum,</span> <span class='ocrx_word' id='word_1_261' title='bbox 2093 2814 2203 2891; x_wconf 91' lang='lat' dir='ltr'>qui</span> <span class='ocrx_word' id='word_1_262' title='bbox 2255 2819 2394 2876; x_wconf 88' lang='lat' dir='ltr'>uni·</span> <span class='ocrx_word' id='word_1_263' title='bbox 2507 2807 2857 2885; x_wconf 74' lang='lat' dir='ltr'>prehendit</span> <span class='ocrx_word' id='word_1_264' title='bbox 2925 2808 3103 2872; x_wconf 77' lang='lat' dir='ltr'>aliud</span> <span class='ocrx_word' id='word_1_265' title='bbox 3167 2826 3363 2887; x_wconf 84' lang='lat' dir='ltr'>quam</span> <span class='ocrx_word' id='word_1_266' title='bbox 3414 2809 3907 2874; x_wconf 84' lang='lat' dir='ltr'>fundamentum</span> <span class='ocrx_word' id='word_1_267' title='bbox 3958 2819 3998 2872; x_wconf 77' lang='lat' dir='ltr'>et</span> 
     </span>
     <span class='ocr_line' id='line_1_46' title="bbox 840 2923 3993 2991; baseline 0.001 -8"><span class='ocrx_word' id='word_1_268' title='bbox 840 2924 1180 2986; x_wconf 86' lang='lat' dir='ltr'>versaliter</span> <span class='ocrx_word' id='word_1_269' title='bbox 1253 2931 1480 2988; x_wconf 89' lang='lat' dir='ltr'>tenent</span> <span class='ocrx_word' id='word_1_270' title='bbox 1550 2928 1894 2988; x_wconf 83' lang='lat' dir='ltr'>materiam</span> <span class='ocrx_word' id='word_1_271' title='bbox 1983 2934 2048 2988; x_wconf 87' lang='lat' dir='ltr'>et</span> <span class='ocrx_word' id='word_1_272' title='bbox 2116 2927 2391 2991; x_wconf 75' lang='lat' dir='ltr'>formam</span> <span class='ocrx_word' id='word_1_273' title='bbox 2510 2923 2880 2991; x_wconf 88' lang='lat' dir='ltr'>terminum,</span> <span class='ocrx_word' id='word_1_274' title='bbox 2917 2929 2981 2984; x_wconf 93' lang='lat' dir='ltr'>et</span> <span class='ocrx_word' id='word_1_275' title='bbox 3013 2925 3301 2987; x_wconf 90' lang='lat' dir='ltr'>rationes</span> <span class='ocrx_word' id='word_1_276' title='bbox 3333 2924 3657 2989; x_wconf 83' lang='lat' dir='ltr'>fundandi</span> <span class='ocrx_word' id='word_1_277' title='bbox 3690 2926 3993 2989; x_wconf 84' lang='lat' dir='ltr'>essentiali-</span> 
     </span>
    </p>
   </div>
   <div class='ocr_carea' id='block_1_11' title="bbox 843 3038 3993 3123">
    <p class='ocr_par' dir='ltr' id='par_1_13' title="bbox 843 3038 3993 3123">
     <span class='ocr_line' id='line_1_47' title="bbox 843 3038 3993 3123; baseline 0.004 -24"><span class='ocrx_word' id='word_1_278' title='bbox 843 3055 990 3100; x_wconf 89' lang='lat' dir='ltr'>esse</span> <span class='ocrx_word' id='word_1_279' title='bbox 1025 3038 1108 3101; x_wconf 91' lang='lat' dir='ltr'>de</span> <span class='ocrx_word' id='word_1_280' title='bbox 1155 3044 1438 3103; x_wconf 83' lang='lat' dir='ltr'>essentia</span> <span class='ocrx_word' id='word_1_281' title='bbox 1492 3043 1846 3121; x_wconf 87' lang='lat' dir='ltr'>cujuslibet</span> <span class='ocrx_word' id='word_1_282' title='bbox 1896 3045 2299 3106; x_wconf 85' lang='lat' dir='ltr'>Sacramenti</span> <span class='ocrx_word' id='word_1_283' title='bbox 2332 3050 2391 3109; x_wconf 87' lang='lat'>3.</span> <span class='ocrx_word' id='word_1_284' title='bbox 2511 3045 2607 3099; x_wconf 71' lang='lat' dir='ltr'>ter</span> <span class='ocrx_word' id='word_1_285' title='bbox 2676 3039 3048 3117; x_wconf 64' lang='lat' dir='ltr'>requisitas,</span> <span class='ocrx_word' id='word_1_286' title='bbox 3129 3042 3270 3102; x_wconf 75' lang='lat' dir='ltr'>Sine</span> <span class='ocrx_word' id='word_1_287' title='bbox 3344 3043 3583 3119; x_wconf 79' lang='lat' dir='ltr'>quibus</span> <span class='ocrx_word' id='word_1_288' title='bbox 3666 3042 3993 3123; x_wconf 64' lang='lat' dir='ltr'>significatio</span> 
     </span>
    </p>
   </div>
   <div class='ocr_carea' id='block_1_12' title="bbox 835 3156 3999 3355">
    <p class='ocr_par' dir='ltr' id='par_1_14' title="bbox 835 3156 3999 3355">
     <span class='ocr_line' id='line_1_48' title="bbox 835 3156 3993 3239; baseline 0 -21"><span class='ocrx_word' id='word_1_289' title='bbox 835 3160 1010 3234; x_wconf 78' lang='lat' dir='ltr'>part.</span> <span class='ocrx_word' id='word_1_290' title='bbox 1078 3163 1292 3233; x_wconf 78' lang='lat' dir='ltr'>quaest.</span> <span class='ocrx_word' id='word_1_291' title='bbox 1351 3157 1452 3220; x_wconf 88' lang='grc'>60.</span> <span class='ocrx_word' id='word_1_292' title='bbox 1515 3164 1641 3220; x_wconf 83' lang='lat' dir='ltr'>art.</span> <span class='ocrx_word' id='word_1_293' title='bbox 1692 3160 1751 3222; x_wconf 87' lang='lat'>8.</span> <span class='ocrx_word' id='word_1_294' title='bbox 1820 3158 2057 3221; x_wconf 85' lang='lat' dir='ltr'>Suarez</span> <span class='ocrx_word' id='word_1_295' title='bbox 2102 3164 2266 3239; x_wconf 77' lang='lat' dir='ltr'>disp.</span> <span class='ocrx_word' id='word_1_296' title='bbox 2320 3156 2389 3225; x_wconf 79' lang='grc'>’2,</span> <span class='ocrx_word' id='word_1_297' title='bbox 2506 3156 2993 3219; x_wconf 86' lang='lat' dir='ltr'>sacramentalis</span> <span class='ocrx_word' id='word_1_298' title='bbox 3024 3173 3157 3217; x_wconf 92' lang='lat' dir='ltr'>non</span> <span class='ocrx_word' id='word_1_299' title='bbox 3198 3158 3607 3231; x_wconf 88' lang='lat' dir='ltr'>subsisteret,</span> <span class='ocrx_word' id='word_1_300' title='bbox 3665 3167 3776 3222; x_wconf 90' lang='lat' dir='ltr'>aut</span> <span class='ocrx_word' id='word_1_301' title='bbox 3820 3161 3993 3220; x_wconf 79' lang='lat' dir='ltr'>Sacm·</span> 
     </span>
     <span class='ocr_line' id='line_1_49' title="bbox 839 3271 3999 3355; baseline -0.001 -19"><span class='ocrx_word' id='word_1_302' title='bbox 839 3278 984 3336; x_wconf 76' lang='lat' dir='ltr'>sect.</span> <span class='ocrx_word' id='word_1_303' title='bbox 1052 3277 1105 3336; x_wconf 95' lang='lat' dir='ltr'>l.</span> <span class='ocrx_word' id='word_1_304' title='bbox 1151 3275 1266 3334; x_wconf 80' lang='lat' dir='ltr'>sub</span> <span class='ocrx_word' id='word_1_305' title='bbox 1323 3275 1586 3349; x_wconf 82' lang='lat' dir='ltr'>calcem,</span> <span class='ocrx_word' id='word_1_306' title='bbox 1672 3277 1969 3354; x_wconf 81' lang='lat' dir='ltr'>Vasquez</span> <span class='ocrx_word' id='word_1_307' title='bbox 2021 3280 2186 3355; x_wconf 79' lang='lat' dir='ltr'>disp.</span> <span class='ocrx_word' id='word_1_308' title='bbox 2254 3283 2389 3347; x_wconf 75' lang='lat'><strong>129.</strong></span> <span class='ocrx_word' id='word_1_309' title='bbox 2507 3277 2824 3333; x_wconf 88' lang='lat' dir='ltr'>mentum.</span> <span class='ocrx_word' id='word_1_310' title='bbox 2888 3271 3258 3335; x_wconf 86' lang='lat' dir='ltr'>Definitioni</span> <span class='ocrx_word' id='word_1_311' title='bbox 3316 3279 3540 3336; x_wconf 91' lang='lat' dir='ltr'>autem</span> <span class='ocrx_word' id='word_1_312' title='bbox 3598 3275 3915 3337; x_wconf 86' lang='lat' dir='ltr'>relationis</span> <span class='ocrx_word' id='word_1_313' title='bbox 3958 3279 3999 3334; x_wconf 87' lang='lat' dir='ltr'>iu</span> 
     </span>
    </p>
   </div>
   <div class='ocr_carea' id='block_1_13' title="bbox 844 3386 4000 3465">
    <p class='ocr_par' dir='ltr' id='par_1_15' title="bbox 844 3386 4000 3465">
     <span class='ocr_line' id='line_1_50' title="bbox 844 3386 4000 3465; baseline 0 -16"><span class='ocrx_word' id='word_1_314' title='bbox 844 3407 989 3465; x_wconf 80' lang='lat' dir='ltr'>cap.</span> <span class='ocrx_word' id='word_1_315' title='bbox 1025 3390 1083 3450; x_wconf 88' lang='lat'>3.</span> <span class='ocrx_word' id='word_1_316' title='bbox 2505 3392 2810 3448; x_wconf 87' lang='lat' dir='ltr'>concreto</span> <span class='ocrx_word' id='word_1_317' title='bbox 2851 3386 3099 3449; x_wconf 83' lang='lat' dir='ltr'>addere</span> <span class='ocrx_word' id='word_1_318' title='bbox 3150 3388 3587 3462; x_wconf 82' lang='lat' dir='ltr'>conditioneS,</span> <span class='ocrx_word' id='word_1_319' title='bbox 3653 3398 3719 3453; x_wconf 89' lang='lat' dir='ltr'>et</span> <span class='ocrx_word' id='word_1_320' title='bbox 3766 3394 4000 3452; x_wconf 76' lang='lat' dir='ltr'>rationes</span> 
     </span>
    </p>
   </div>
   <div class='ocr_carea' id='block_1_14' title="bbox 848 3502 4003 4519">
    <p class='ocr_par' dir='ltr' id='par_1_16' title="bbox 848 3502 4003 4288">
     <span class='ocr_line' id='line_1_51' title="bbox 928 3502 3995 3586; baseline 0.001 -23"><span class='ocrx_word' id='word_1_321' title='bbox 928 3504 1035 3566; x_wconf 83' lang='lat' dir='ltr'>llis</span> <span class='ocrx_word' id='word_1_322' title='bbox 1066 3507 1286 3584; x_wconf 86' lang='lat' dir='ltr'>quoad</span> <span class='ocrx_word' id='word_1_323' title='bbox 1329 3512 1678 3586; x_wconf 81' lang='lat' dir='ltr'>utramque</span> <span class='ocrx_word' id='word_1_324' title='bbox 1729 3511 2125 3572; x_wconf 73' lang='lat' dir='ltr'>sententiam</span> <span class='ocrx_word' id='word_1_325' title='bbox 2178 3510 2388 3586; x_wconf 74' lang='lat' dir='ltr'>dietis,</span> <span class='ocrx_word' id='word_1_326' title='bbox 2502 3502 2846 3578; x_wconf 89' lang='lat' dir='ltr'>fundandi,</span> <span class='ocrx_word' id='word_1_327' title='bbox 2882 3521 3015 3567; x_wconf 92' lang='lat' dir='ltr'>non</span> <span class='ocrx_word' id='word_1_328' title='bbox 3047 3511 3147 3566; x_wconf 89' lang='lat' dir='ltr'>est</span> <span class='ocrx_word' id='word_1_329' title='bbox 3178 3512 3402 3568; x_wconf 71' lang='lat' dir='ltr'>contra</span> <span class='ocrx_word' id='word_1_330' title='bbox 3434 3517 3635 3568; x_wconf 86' lang='lat' dir='ltr'>artem</span> <span class='ocrx_word' id='word_1_331' title='bbox 3673 3506 3995 3578; x_wconf 83' lang='lat' dir='ltr'>definiendi,</span> 
     </span>
     <span class='ocr_line' id='line_1_52' title="bbox 851 3619 3999 3704; baseline 0 -21"><span class='ocrx_word' id='word_1_332' title='bbox 851 3626 1052 3685; x_wconf 89' lang='lat' dir='ltr'>restat</span> <span class='ocrx_word' id='word_1_333' title='bbox 1119 3621 1584 3701; x_wconf 88' lang='lat' dir='ltr'>inquirendum</span> <span class='ocrx_word' id='word_1_334' title='bbox 1659 3642 1773 3701; x_wconf 89' lang='lat' dir='ltr'>pro</span> <span class='ocrx_word' id='word_1_335' title='bbox 1855 3642 1985 3703; x_wconf 92' lang='lat' dir='ltr'>quo</span> <span class='ocrx_word' id='word_1_336' title='bbox 2064 3633 2395 3704; x_wconf 79' lang='lat' dir='ltr'>supponat</span> <span class='ocrx_word' id='word_1_337' title='bbox 2506 3635 2655 3698; x_wconf 80' lang='lat' dir='ltr'>quae</span> <span class='ocrx_word' id='word_1_338' title='bbox 2686 3619 2987 3696; x_wconf 84' lang='lat' dir='ltr'>specifica</span> <span class='ocrx_word' id='word_1_339' title='bbox 3019 3626 3086 3682; x_wconf 85' lang='lat' dir='ltr'>et</span> <span class='ocrx_word' id='word_1_340' title='bbox 3112 3624 3375 3700; x_wconf 84' lang='lat' dir='ltr'>propria</span> <span class='ocrx_word' id='word_1_341' title='bbox 3396 3627 3667 3701; x_wconf 85' lang='lat' dir='ltr'>exponit</span> <span class='ocrx_word' id='word_1_342' title='bbox 3692 3631 3758 3686; x_wconf 86' lang='lat' dir='ltr'>et</span> <span class='ocrx_word' id='word_1_343' title='bbox 3781 3642 3999 3689; x_wconf 80' lang='lat' dir='ltr'>conver·</span> 
     </span>
     <span class='ocr_line' id='line_1_53' title="bbox 851 3735 4003 3821; baseline 0.002 -26"><span class='ocrx_word' id='word_1_344' title='bbox 851 3736 1167 3800; x_wconf 84' lang='lat' dir='ltr'>definitio.</span> <span class='ocrx_word' id='word_1_345' title='bbox 1231 3738 1508 3814; x_wconf 83' lang='lat' dir='ltr'>Quidam</span> <span class='ocrx_word' id='word_1_346' title='bbox 1556 3738 1782 3801; x_wconf 82' lang='lat' dir='ltr'>dicunt</span> <span class='ocrx_word' id='word_1_347' title='bbox 1835 3758 2216 3820; x_wconf 76' lang='lat' dir='ltr'>supponere</span> <span class='ocrx_word' id='word_1_348' title='bbox 2276 3761 2391 3821; x_wconf 76' lang='lat' dir='ltr'>pro</span> <span class='ocrx_word' id='word_1_349' title='bbox 2503 3736 2655 3796; x_wconf 84' lang='lat' dir='ltr'>titur</span> <span class='ocrx_word' id='word_1_350' title='bbox 2700 3752 2849 3796; x_wconf 90' lang='lat' dir='ltr'>cum</span> <span class='ocrx_word' id='word_1_351' title='bbox 2880 3735 3182 3810; x_wconf 80' lang='lat' dir='ltr'>detlnito;</span> <span class='ocrx_word' id='word_1_352' title='bbox 3221 3753 3379 3818; x_wconf 85' lang='lat' dir='ltr'>ergo</span> <span class='ocrx_word' id='word_1_353' title='bbox 3409 3744 3483 3800; x_wconf 92' lang='lat' dir='ltr'>ut</span> <span class='ocrx_word' id='word_1_354' title='bbox 3509 3747 3926 3813; x_wconf 70' lang='lat' dir='ltr'>convertatur,</span> <span class='ocrx_word' id='word_1_355' title='bbox 3961 3747 4003 3802; x_wconf 84' lang='lat' dir='ltr'>et</span> 
     </span>
     <span class='ocr_line' id='line_1_54' title="bbox 849 3853 3999 3934; baseline 0.002 -16"><span class='ocrx_word' id='word_1_356' title='bbox 849 3856 1209 3928; x_wconf 88' lang='lat' dir='ltr'>ablutione,</span> <span class='ocrx_word' id='word_1_357' title='bbox 1271 3857 1423 3934; x_wconf 89' lang='lat' dir='ltr'>quia</span> <span class='ocrx_word' id='word_1_358' title='bbox 1478 3857 1541 3917; x_wconf 87' lang='lat' dir='ltr'>in</span> <span class='ocrx_word' id='word_1_359' title='bbox 1584 3855 2048 3920; x_wconf 86' lang='lat' dir='ltr'>&#39;artificialibus</span> <span class='ocrx_word' id='word_1_360' title='bbox 2120 3866 2394 3925; x_wconf 86' lang='lat' dir='ltr'>materia</span> <span class='ocrx_word' id='word_1_361' title='bbox 2502 3853 2587 3913; x_wconf 71' lang='lat' dir='ltr'>Sit</span> <span class='ocrx_word' id='word_1_362' title='bbox 2633 3854 2919 3931; x_wconf 69' lang='lat' dir='ltr'>propria,</span> <span class='ocrx_word' id='word_1_363' title='bbox 2974 3853 3224 3915; x_wconf 79' lang='lat' dir='ltr'>debent</span> <span class='ocrx_word' id='word_1_364' title='bbox 3274 3857 3655 3917; x_wconf 76' lang='lat' dir='ltr'>necessario</span> <span class='ocrx_word' id='word_1_365' title='bbox 3714 3857 3858 3919; x_wconf 82' lang='lat' dir='ltr'>addi</span> <span class='ocrx_word' id='word_1_366' title='bbox 3909 3866 3999 3919; x_wconf 82' lang='lat' dir='ltr'>tam</span> 
     </span>
     <span class='ocr_line' id='line_1_55' title="bbox 849 3971 3998 4055; baseline 0.001 -22"><span class='ocrx_word' id='word_1_367' title='bbox 849 3976 953 4033; x_wconf 90' lang='lat' dir='ltr'>est</span> <span class='ocrx_word' id='word_1_368' title='bbox 1009 3974 1139 4033; x_wconf 80' lang='lat' dir='ltr'>tota</span> <span class='ocrx_word' id='word_1_369' title='bbox 1195 3974 1361 4033; x_wconf 87' lang='lat' dir='ltr'>ratio</span> <span class='ocrx_word' id='word_1_370' title='bbox 1434 3973 1798 4050; x_wconf 87' lang='lat' dir='ltr'>compositi.</span> <span class='ocrx_word' id='word_1_371' title='bbox 1868 3978 1938 4034; x_wconf 93' lang='lat' dir='ltr'>ut</span> <span class='ocrx_word' id='word_1_372' title='bbox 2011 3976 2397 4052; x_wconf 78' lang='lat' dir='ltr'>praedicatur</span> <span class='ocrx_word' id='word_1_373' title='bbox 2508 3987 2585 4031; x_wconf 86' lang='lat' dir='ltr'>ex</span> <span class='ocrx_word' id='word_1_374' title='bbox 2630 3975 2817 4048; x_wconf 89' lang='lat' dir='ltr'>parte</span> <span class='ocrx_word' id='word_1_375' title='bbox 2849 3971 3154 4050; x_wconf 88' lang='lat' dir='ltr'>subjecti,</span> <span class='ocrx_word' id='word_1_376' title='bbox 3188 3988 3387 4051; x_wconf 87' lang='lat' dir='ltr'>quam</span> <span class='ocrx_word' id='word_1_377' title='bbox 3425 3976 3757 4052; x_wconf 83' lang='lat' dir='ltr'>praedicati</span> <span class='ocrx_word' id='word_1_378' title='bbox 3796 3973 3998 4055; x_wconf 85' lang='lat' dir='ltr'>specifi-</span> 
     </span>
     <span class='ocr_line' id='line_1_56' title="bbox 851 4086 3998 4171; baseline 0.001 -20"><span class='ocrx_word' id='word_1_379' title='bbox 851 4089 936 4151; x_wconf 90' lang='lat' dir='ltr'>de</span> <span class='ocrx_word' id='word_1_380' title='bbox 983 4093 1112 4149; x_wconf 82' lang='lat' dir='ltr'>toto</span> <span class='ocrx_word' id='word_1_381' title='bbox 1161 4094 1368 4151; x_wconf 80' lang='lat' dir='ltr'>recto,</span> <span class='ocrx_word' id='word_1_382' title='bbox 1413 4088 1533 4150; x_wconf 84' lang='lat' dir='ltr'>Alii</span> <span class='ocrx_word' id='word_1_383' title='bbox 1585 4088 1810 4150; x_wconf 90' lang='lat' dir='ltr'>dicunt</span> <span class='ocrx_word' id='word_1_384' title='bbox 1852 4107 2231 4168; x_wconf 86' lang='lat' dir='ltr'>supponere</span> <span class='ocrx_word' id='word_1_385' title='bbox 2278 4112 2394 4171; x_wconf 88' lang='lat' dir='ltr'>pro</span> <span class='ocrx_word' id='word_1_386' title='bbox 2510 4086 2674 4148; x_wconf 73' lang='lat' dir='ltr'>catio</span> <span class='ocrx_word' id='word_1_387' title='bbox 2728 4089 2812 4147; x_wconf 83' lang='lat' dir='ltr'>ad</span> <span class='ocrx_word' id='word_1_388' title='bbox 2858 4087 2991 4148; x_wconf 27' lang='lat' dir='ltr'>hoc.</span> <span class='ocrx_word' id='word_1_389' title='bbox 3032 4088 3366 4166; x_wconf 81' lang='lat' dir='ltr'>requisita,</span> <span class='ocrx_word' id='word_1_390' title='bbox 3414 4091 3536 4151; x_wconf 87' lang='lat' dir='ltr'>nisi</span> <span class='ocrx_word' id='word_1_391' title='bbox 3583 4091 3764 4155; x_wconf 83' lang='lat' dir='ltr'>dicas</span> <span class='ocrx_word' id='word_1_392' title='bbox 3805 4093 3998 4154; x_wconf 85' lang='lat' dir='ltr'>bonam</span> 
     </span>
     <span class='ocr_line' id='line_1_57' title="bbox 848 4203 3995 4288; baseline 0.001 -21"><span class='ocrx_word' id='word_1_393' title='bbox 848 4206 1209 4283; x_wconf 90' lang='lat' dir='ltr'>composito</span> <span class='ocrx_word' id='word_1_394' title='bbox 1246 4221 1326 4266; x_wconf 85' lang='lat' dir='ltr'>ex</span> <span class='ocrx_word' id='word_1_395' title='bbox 1360 4205 1625 4267; x_wconf 86' lang='lat' dir='ltr'>materia</span> <span class='ocrx_word' id='word_1_396' title='bbox 1657 4213 1722 4267; x_wconf 90' lang='lat' dir='ltr'>et</span> <span class='ocrx_word' id='word_1_397' title='bbox 1762 4203 1971 4267; x_wconf 85' lang='lat' dir='ltr'>forma</span> <span class='ocrx_word' id='word_1_398' title='bbox 2000 4207 2270 4270; x_wconf 88' lang='lat' dir='ltr'>verbali.</span> <span class='ocrx_word' id='word_1_399' title='bbox 2509 4221 2654 4269; x_wconf 89' lang='lat' dir='ltr'>esse</span> <span class='ocrx_word' id='word_1_400' title='bbox 2701 4204 3146 4268; x_wconf 88' lang='lat' dir='ltr'>definitionem</span> <span class='ocrx_word' id='word_1_401' title='bbox 3178 4207 3481 4281; x_wconf 71' lang='lat' dir='ltr'>Platonis.</span> <span class='ocrx_word' id='word_1_402' title='bbox 3540 4227 3669 4288; x_wconf 88' lang='lat' dir='ltr'>qua</span> <span class='ocrx_word' id='word_1_403' title='bbox 3719 4209 3995 4272; x_wconf 82' lang='lat' dir='ltr'>definiisse</span> 
     </span>
    </p>

    <p class='ocr_par' dir='ltr' id='par_1_17' title="bbox 849 4320 3993 4519">
     <span class='ocr_line' id='line_1_58' title="bbox 927 4320 3993 4404; baseline -0.001 -19"><span class='ocrx_word' id='word_1_404' title='bbox 927 4323 1262 4385; x_wconf 85' lang='lat' dir='ltr'>Sententia</span> <span class='ocrx_word' id='word_1_405' title='bbox 1307 4324 1605 4386; x_wconf 87' lang='lat' dir='ltr'>Doctoris</span> <span class='ocrx_word' id='word_1_406' title='bbox 1650 4329 1772 4395; x_wconf 88' lang='lat' dir='ltr'>est,</span> <span class='ocrx_word' id='word_1_407' title='bbox 1835 4341 2213 4402; x_wconf 83' lang='lat' dir='ltr'>supponere</span> <span class='ocrx_word' id='word_1_408' title='bbox 2276 4344 2393 4404; x_wconf 91' lang='lat' dir='ltr'>pro</span> <span class='ocrx_word' id='word_1_409' title='bbox 2510 4320 2745 4384; x_wconf 90' lang='lat' dir='ltr'>dicitur</span> <span class='ocrx_word' id='word_1_410' title='bbox 2798 4321 3132 4382; x_wconf 89' lang='lat' dir='ltr'>hominem</span> <span class='ocrx_word' id='word_1_411' title='bbox 3185 4323 3364 4400; x_wconf 93' lang='lat' dir='ltr'>quod</span> <span class='ocrx_word' id='word_1_412' title='bbox 3410 4321 3605 4386; x_wconf 89' lang='lat' dir='ltr'>fuerit</span> <span class='ocrx_word' id='word_1_413' title='bbox 3653 4327 3874 4387; x_wconf 84' lang='lat' dir='ltr'>animal</span> <span class='ocrx_word' id='word_1_414' title='bbox 3905 4328 3993 4384; x_wconf 89' lang='lat' dir='ltr'>im-</span> 
     </span>
     <span class='ocr_line' id='line_1_59' title="bbox 849 4436 3992 4519; baseline 0.003 -18"><span class='ocrx_word' id='word_1_415' title='bbox 849 4438 1330 4519; x_wconf 83' lang='lat' dir='ltr'>significatione</span> <span class='ocrx_word' id='word_1_416' title='bbox 1401 4440 1857 4503; x_wconf 84' lang='lat' dir='ltr'>sacramentali</span> <span class='ocrx_word' id='word_1_417' title='bbox 1929 4442 1993 4502; x_wconf 91' lang='lat' dir='ltr'>in</span> <span class='ocrx_word' id='word_1_418' title='bbox 2067 4449 2392 4518; x_wconf 77' lang='lat' dir='ltr'>concrete,</span> <span class='ocrx_word' id='word_1_419' title='bbox 2508 4436 2725 4514; x_wconf 66' lang='lat' dir='ltr'>plume</span> <span class='ocrx_word' id='word_1_420' title='bbox 2771 4438 2998 4514; x_wconf 68' lang='lat' dir='ltr'>bipsss3</span> <span class='ocrx_word' id='word_1_421' title='bbox 3051 4438 3233 4500; x_wconf 70' lang='lat' dir='ltr'>unde</span> <span class='ocrx_word' id='word_1_422' title='bbox 3283 4440 3439 4501; x_wconf 69' lang='lat' dir='ltr'>licet</span> <span class='ocrx_word' id='word_1_423' title='bbox 3485 4438 3771 4502; x_wconf 72' lang='lat' dir='ltr'>definitio</span> <span class='ocrx_word' id='word_1_424' title='bbox 3802 4440 3992 4502; x_wconf 80' lang='lat' dir='ltr'>debeat</span> 
     </span>
    </p>
   </div>
   <div class='ocr_carea' id='block_1_15' title="bbox 502 4554 3987 4651">
    <p class='ocr_par' dir='ltr' id='par_1_18' title="bbox 502 4554 3987 4651">
     <span class='ocr_line' id='line_1_60' title="bbox 502 4554 3987 4651; baseline -0.005 -22"><span class='ocrx_word' id='word_1_425' title='bbox 502 4594 594 4644; x_wconf 83' lang='lat' dir='ltr'>pro</span> <span class='ocrx_word' id='word_1_426' title='bbox 630 4580 826 4651; x_wconf 63' lang='lat' dir='ltr'>qngnifl-</span> <span class='ocrx_word' id='word_1_427' title='bbox 850 4563 1046 4636; x_wconf 84' lang='lat' dir='ltr'>atque</span> <span class='ocrx_word' id='word_1_428' title='bbox 1108 4554 1550 4618; x_wconf 83' lang='lat' dir='ltr'>definitionem</span> <span class='ocrx_word' id='word_1_429' title='bbox 1613 4574 1753 4617; x_wconf 84' lang='lat' dir='ltr'>esse</span> <span class='ocrx_word' id='word_1_430' title='bbox 1812 4574 1931 4634; x_wconf 83' lang='lat' dir='ltr'>per</span> <span class='ocrx_word' id='word_1_431' title='bbox 1985 4557 2390 4621; x_wconf 87' lang='lat' dir='ltr'>additamen-</span> <span class='ocrx_word' id='word_1_432' title='bbox 2508 4570 2655 4615; x_wconf 86' lang='lat' dir='ltr'>esse</span> <span class='ocrx_word' id='word_1_433' title='bbox 2686 4554 2845 4614; x_wconf 85' lang='lat' dir='ltr'>ratio</span> <span class='ocrx_word' id='word_1_434' title='bbox 2880 4554 3119 4628; x_wconf 80' lang='lat' dir='ltr'>breviS,</span> <span class='ocrx_word' id='word_1_435' title='bbox 3159 4554 3358 4618; x_wconf 87' lang='lat' dir='ltr'>debet</span> <span class='ocrx_word' id='word_1_436' title='bbox 3384 4560 3600 4618; x_wconf 85' lang='lat' dir='ltr'>tamen</span> <span class='ocrx_word' id='word_1_437' title='bbox 3625 4573 3769 4619; x_wconf 87' lang='lat' dir='ltr'>esse</span> <span class='ocrx_word' id='word_1_438' title='bbox 3796 4556 3987 4633; x_wconf 83' lang='lat' dir='ltr'>speciei</span> 
     </span>
    </p>
   </div>
   <div class='ocr_carea' id='block_1_16' title="bbox 527 4647 788 4820">
    <p class='ocr_par' dir='ltr' id='par_1_19' title="bbox 527 4647 788 4820">
     <span class='ocr_line' id='line_1_61' title="bbox 562 4647 759 4713; baseline -0.01 -21"><span class='ocrx_word' id='word_1_439' title='bbox 562 4647 759 4713; x_wconf 59' lang='lat' dir='ltr'>catione</span> 
     </span>
     <span class='ocr_line' id='line_1_62' title="bbox 640 4719 692 4752; baseline 0 0"><span class='ocrx_word' id='word_1_440' title='bbox 640 4719 692 4752; x_wconf 86' lang='lat' dir='ltr'>m</span> 
     </span>
     <span class='ocr_line' id='line_1_63' title="bbox 527 4772 788 4820; baseline 0.019 -5"><span class='ocrx_word' id='word_1_441' title='bbox 527 4772 766 4816; x_wconf 68' lang='lat' dir='ltr'>concreto</span> <span class='ocrx_word' id='word_1_442' title='bbox 775 4806 788 4820; x_wconf 91' lang='lat'><strong>.</strong></span> 
     </span>
    </p>
   </div>
   <div class='ocr_carea' id='block_1_17' title="bbox 837 4668 4067 5683">
    <p class='ocr_par' dir='ltr' id='par_1_20' title="bbox 837 4668 4067 5683">
     <span class='ocr_line' id='line_1_64' title="bbox 852 4668 3776 4750; baseline -0.001 -15"><span class='ocrx_word' id='word_1_443' title='bbox 852 4681 1027 4747; x_wconf 89' lang='lat' dir='ltr'>tum;</span> <span class='ocrx_word' id='word_1_444' title='bbox 1100 4671 1407 4734; x_wconf 87' lang='lat' dir='ltr'>definitur</span> <span class='ocrx_word' id='word_1_445' title='bbox 1478 4673 1652 4735; x_wconf 90' lang='lat' dir='ltr'>enim</span> <span class='ocrx_word' id='word_1_446' title='bbox 1714 4674 2082 4750; x_wconf 87' lang='lat' dir='ltr'>Baptismus</span> <span class='ocrx_word' id='word_1_447' title='bbox 2152 4682 2223 4736; x_wconf 87' lang='lat' dir='ltr'>ut</span> <span class='ocrx_word' id='word_1_448' title='bbox 2295 4681 2397 4737; x_wconf 86' lang='lat' dir='ltr'>est</span> <span class='ocrx_word' id='word_1_449' title='bbox 2507 4668 2841 4747; x_wconf 85' lang='lat' dir='ltr'>expressio</span> <span class='ocrx_word' id='word_1_450' title='bbox 2876 4674 2941 4730; x_wconf 90' lang='lat' dir='ltr'>et</span> <span class='ocrx_word' id='word_1_451' title='bbox 2974 4671 3409 4734; x_wconf 85' lang='lat' dir='ltr'>convertibilis</span> <span class='ocrx_word' id='word_1_452' title='bbox 3442 4688 3587 4732; x_wconf 92' lang='lat' dir='ltr'>cum</span> <span class='ocrx_word' id='word_1_453' title='bbox 3618 4673 3776 4750; x_wconf 88' lang='lat' dir='ltr'>ipsa.</span> 
     </span>
     <span class='ocr_line' id='line_1_65' title="bbox 851 4786 4044 4870; baseline -0.003 -18"><span class='ocrx_word' id='word_1_454' title='bbox 851 4791 1106 4870; x_wconf 86' lang='lat' dir='ltr'>signum</span> <span class='ocrx_word' id='word_1_455' title='bbox 1162 4786 1393 4850; x_wconf 83' lang='lat' dir='ltr'>efficax</span> <span class='ocrx_word' id='word_1_456' title='bbox 1449 4792 1702 4868; x_wconf 86' lang='lat' dir='ltr'>gratiae,</span> <span class='ocrx_word' id='word_1_457' title='bbox 1766 4789 2041 4851; x_wconf 84' lang='lat' dir='ltr'>abluens</span> <span class='ocrx_word' id='word_1_458' title='bbox 2081 4791 2389 4861; x_wconf 84' lang='lat' dir='ltr'>animam,</span> <span class='ocrx_word' id='word_1_459' title='bbox 2583 4788 2661 4849; x_wconf 91' lang='lat' dir='ltr'>Ut</span> <span class='ocrx_word' id='word_1_460' title='bbox 2718 4786 2997 4862; x_wconf 86' lang='lat' dir='ltr'>amplius</span> <span class='ocrx_word' id='word_1_461' title='bbox 3055 4802 3214 4864; x_wconf 84' lang='lat' dir='ltr'>ergo</span> <span class='ocrx_word' id='word_1_462' title='bbox 3273 4786 3340 4849; x_wconf 90' lang='lat' dir='ltr'>id</span> <span class='ocrx_word' id='word_1_463' title='bbox 3395 4787 3615 4865; x_wconf 88' lang='lat' dir='ltr'>ipsum</span> <span class='ocrx_word' id='word_1_464' title='bbox 3641 4787 3975 4854; x_wconf 81' lang='lat' dir='ltr'>declaretur.</span> <span class='ocrx_word' id='word_1_465' title='bbox 4018 4807 4044 4856; x_wconf 71' lang='lat' dir='ltr'>p</span> 
     </span>
     <span class='ocr_line' id='line_1_66' title="bbox 846 4900 4067 4984; baseline -0.002 -16"><span class='ocrx_word' id='word_1_466' title='bbox 846 4915 971 4969; x_wconf 88' lang='lat' dir='ltr'>etc.</span> <span class='ocrx_word' id='word_1_467' title='bbox 1019 4908 1120 4968; x_wconf 89' lang='lat' dir='ltr'>Sic</span> <span class='ocrx_word' id='word_1_468' title='bbox 1169 4906 1414 4977; x_wconf 84' lang='lat' dir='ltr'>Patres,</span> <span class='ocrx_word' id='word_1_469' title='bbox 1450 4907 1541 4967; x_wconf 91' lang='lat' dir='ltr'>sic</span> <span class='ocrx_word' id='word_1_470' title='bbox 1573 4906 1875 4979; x_wconf 76' lang='lat' dir='ltr'>concilia,</span> <span class='ocrx_word' id='word_1_471' title='bbox 1910 4907 1999 4967; x_wconf 89' lang='lat' dir='ltr'>sic</span> <span class='ocrx_word' id='word_1_472' title='bbox 2033 4908 2385 4984; x_wconf 88' lang='lat' dir='ltr'>Scriptura,</span> <span class='ocrx_word' id='word_1_473' title='bbox 2500 4904 2813 4965; x_wconf 87' lang='lat' dir='ltr'>sumendo</span> <span class='ocrx_word' id='word_1_474' title='bbox 2848 4900 3290 4963; x_wconf 87' lang='lat' dir='ltr'>definitionem</span> <span class='ocrx_word' id='word_1_475' title='bbox 3324 4903 3618 4965; x_wconf 88' lang='lat' dir='ltr'>traditam</span> <span class='ocrx_word' id='word_1_476' title='bbox 3643 4921 3676 4966; x_wconf 87' lang='lat' dir='ltr'>a</span> <span class='ocrx_word' id='word_1_477' title='bbox 3702 4905 3972 4980; x_wconf 83' lang='lat' dir='ltr'>Magistr0‚</span> <span class='ocrx_word' id='word_1_478' title='bbox 4014 4944 4067 4982; x_wconf 60' lang='lat' dir='ltr'>m,</span> 
     </span>
     <span class='ocr_line' id='line_1_67' title="bbox 841 5013 4045 5109; baseline -0.002 -24"><span class='ocrx_word' id='word_1_479' title='bbox 841 5027 977 5105; x_wconf 86' lang='lat' dir='ltr'>agit</span> <span class='ocrx_word' id='word_1_480' title='bbox 1020 5022 1104 5083; x_wconf 91' lang='lat' dir='ltr'>de</span> <span class='ocrx_word' id='word_1_481' title='bbox 1153 5023 1506 5100; x_wconf 82' lang='lat' dir='ltr'>BaptismO,</span> <span class='ocrx_word' id='word_1_482' title='bbox 1560 5027 1626 5083; x_wconf 91' lang='lat' dir='ltr'>et</span> <span class='ocrx_word' id='word_1_483' title='bbox 1675 5027 1929 5099; x_wconf 87' lang='lat' dir='ltr'>spectat</span> <span class='ocrx_word' id='word_1_484' title='bbox 1967 5021 2049 5084; x_wconf 88' lang='lat' dir='ltr'>ad</span> <span class='ocrx_word' id='word_1_485' title='bbox 2084 5024 2388 5085; x_wconf 86' lang='lat' dir='ltr'>conside·</span> <span class='ocrx_word' id='word_1_486' title='bbox 2489 5023 2679 5102; x_wconf 72' lang='lat' dir='ltr'>juxta</span> <span class='ocrx_word' id='word_1_487' title='bbox 2723 5020 3265 5100; x_wconf 87' lang='lat' dir='ltr'>significationem</span> <span class='ocrx_word' id='word_1_488' title='bbox 3339 5026 3585 5082; x_wconf 89' lang='lat' dir='ltr'>tantum</span> <span class='ocrx_word' id='word_1_489' title='bbox 3640 5013 4045 5109; x_wconf 40' lang='lat' dir='ltr'>explicitam&amp;</span> 
     </span>
     <span class='ocr_line' id='line_1_68' title="bbox 838 5136 3971 5218; baseline -0.003 -18"><span class='ocrx_word' id='word_1_490' title='bbox 838 5142 1154 5202; x_wconf 87' lang='lat' dir='ltr'>rationem</span> <span class='ocrx_word' id='word_1_491' title='bbox 1226 5138 1711 5218; x_wconf 67' lang='lat' dir='ltr'>&#39;theologicam</span> <span class='ocrx_word' id='word_1_492' title='bbox 1787 5136 1971 5200; x_wconf 90' lang='lat' dir='ltr'>Unde</span> <span class='ocrx_word' id='word_1_493' title='bbox 2043 5153 2177 5198; x_wconf 91' lang='lat' dir='ltr'>non</span> <span class='ocrx_word' id='word_1_494' title='bbox 2249 5139 2385 5199; x_wconf 92' lang='lat' dir='ltr'>sola</span> <span class='ocrx_word' id='word_1_495' title='bbox 2498 5155 2631 5200; x_wconf 90' lang='lat' dir='ltr'>non</span> <span class='ocrx_word' id='word_1_496' title='bbox 2670 5138 2788 5198; x_wconf 90' lang='lat' dir='ltr'>soli</span> <span class='ocrx_word' id='word_1_497' title='bbox 2837 5139 3167 5214; x_wconf 82' lang='lat' dir='ltr'>Baptismo</span> <span class='ocrx_word' id='word_1_498' title='bbox 3209 5140 3657 5203; x_wconf 83' lang='lat' dir='ltr'>sacramentali</span> <span class='ocrx_word' id='word_1_499' title='bbox 3700 5137 3971 5214; x_wconf 82' lang='lat' dir='ltr'>competit,</span> 
     </span>
     <span class='ocr_line' id='line_1_69' title="bbox 837 5236 3970 5334; baseline -0.003 -20"><span class='ocrx_word' id='word_1_500' title='bbox 837 5255 1085 5318; x_wconf 84' lang='lat' dir='ltr'>ablutio</span> <span class='ocrx_word' id='word_1_501' title='bbox 1119 5255 1416 5334; x_wconf 87' lang='lat' dir='ltr'>physica,</span> <span class='ocrx_word' id='word_1_502' title='bbox 1459 5258 1530 5314; x_wconf 90' lang='lat' dir='ltr'>ut</span> <span class='ocrx_word' id='word_1_503' title='bbox 1580 5251 1736 5314; x_wconf 89' lang='lat' dir='ltr'>dicit</span> <span class='ocrx_word' id='word_1_504' title='bbox 1781 5255 1985 5331; x_wconf 89' lang='lat' dir='ltr'>prima</span> <span class='ocrx_word' id='word_1_505' title='bbox 2034 5255 2386 5328; x_wconf 89' lang='lat' dir='ltr'>sententia,</span> <span class='ocrx_word' id='word_1_506' title='bbox 2497 5257 2569 5313; x_wconf 91' lang='lat' dir='ltr'>ut</span> <span class='ocrx_word' id='word_1_507' title='bbox 2596 5251 2647 5313; x_wconf 88' lang='lat' dir='ltr'>si</span> <span class='ocrx_word' id='word_1_508' title='bbox 2680 5251 2825 5329; x_wconf 91' lang='lat' dir='ltr'>quis</span> <span class='ocrx_word' id='word_1_509' title='bbox 2855 5251 3220 5325; x_wconf 86' lang='lat' dir='ltr'>baptizaret</span> <span class='ocrx_word' id='word_1_510' title='bbox 3251 5236 3642 5325; x_wconf 57' lang='lat' dir='ltr'>canemsvel</span> <span class='ocrx_word' id='word_1_511' title='bbox 3671 5249 3897 5318; x_wconf 84' lang='lat' dir='ltr'>animal,</span> <span class='ocrx_word' id='word_1_512' title='bbox 3921 5249 3970 5305; x_wconf 75' lang='lat' dir='ltr'>ut</span> 
     </span>
     <span class='ocr_line' id='line_1_70' title="bbox 842 5360 3968 5449; baseline -0.004 -17"><span class='ocrx_word' id='word_1_513' title='bbox 842 5388 1064 5449; x_wconf 88' lang='lat' dir='ltr'>neque</span> <span class='ocrx_word' id='word_1_514' title='bbox 1095 5371 1296 5433; x_wconf 88' lang='lat' dir='ltr'>verba</span> <span class='ocrx_word' id='word_1_515' title='bbox 1329 5368 1766 5449; x_wconf 82' lang='lat' dir='ltr'>praedicantur</span> <span class='ocrx_word' id='word_1_516' title='bbox 1798 5371 1880 5432; x_wconf 92' lang='lat' dir='ltr'>de</span> <span class='ocrx_word' id='word_1_517' title='bbox 1911 5371 2267 5449; x_wconf 87' lang='lat' dir='ltr'>Baptismo‚</span> <span class='ocrx_word' id='word_1_518' title='bbox 2304 5372 2385 5432; x_wconf 87' lang='lat' dir='ltr'>de</span> <span class='ocrx_word' id='word_1_519' title='bbox 2497 5365 2772 5430; x_wconf 87' lang='lat' dir='ltr'>malefici</span> <span class='ocrx_word' id='word_1_520' title='bbox 2821 5367 3221 5446; x_wconf 87' lang='lat' dir='ltr'>quandoque</span> <span class='ocrx_word' id='word_1_521' title='bbox 3264 5365 3512 5430; x_wconf 87' lang='lat' dir='ltr'>faciunt</span> <span class='ocrx_word' id='word_1_522' title='bbox 3555 5385 3697 5430; x_wconf 90' lang='lat' dir='ltr'>cum</span> <span class='ocrx_word' id='word_1_523' title='bbox 3740 5360 3968 5444; x_wconf 81' lang='lat' dir='ltr'>praescri·</span> 
     </span>
     <span class='ocr_line' id='line_1_71' title="bbox 842 5477 3954 5566; baseline -0.004 -19"><span class='ocrx_word' id='word_1_524' title='bbox 842 5486 1176 5548; x_wconf 86' lang='lat' dir='ltr'>ablutione</span> <span class='ocrx_word' id='word_1_525' title='bbox 1224 5493 1291 5548; x_wconf 83' lang='lat' dir='ltr'>et</span> <span class='ocrx_word' id='word_1_526' title='bbox 1345 5487 1588 5559; x_wconf 81' lang='lat' dir='ltr'>verbiS,</span> <span class='ocrx_word' id='word_1_527' title='bbox 1646 5488 1982 5566; x_wconf 90' lang='lat' dir='ltr'>loquendo</span> <span class='ocrx_word' id='word_1_528' title='bbox 2033 5489 2383 5550; x_wconf 88' lang='lat' dir='ltr'>materiali·</span> <span class='ocrx_word' id='word_1_529' title='bbox 2492 5490 2601 5561; x_wconf 88' lang='lat' dir='ltr'>pta</span> <span class='ocrx_word' id='word_1_530' title='bbox 2633 5485 2984 5545; x_wconf 87' lang='lat' dir='ltr'>verborum</span> <span class='ocrx_word' id='word_1_531' title='bbox 3002 5479 3234 5554; x_wconf 86' lang='lat' dir='ltr'>forma,</span> <span class='ocrx_word' id='word_1_532' title='bbox 3274 5499 3406 5545; x_wconf 89' lang='lat' dir='ltr'>non</span> <span class='ocrx_word' id='word_1_533' title='bbox 3438 5490 3612 5547; x_wconf 88' lang='lat' dir='ltr'>esset</span> <span class='ocrx_word' id='word_1_534' title='bbox 3636 5482 3851 5545; x_wconf 87' lang='lat' dir='ltr'>ablutio</span> <span class='ocrx_word' id='word_1_535' title='bbox 3876 5477 3954 5536; x_wconf 85' lang='lat' dir='ltr'>ba-</span> 
     </span>
     <span class='ocr_line' id='line_1_72' title="bbox 847 5592 3957 5683; baseline -0 -20"><span class='ocrx_word' id='word_1_536' title='bbox 847 5608 964 5665; x_wconf 85' lang='lat' dir='ltr'>tor.</span> <span class='ocrx_word' id='word_1_537' title='bbox 1023 5602 1176 5667; x_wconf 82' lang='lat' dir='ltr'>Aliae</span> <span class='ocrx_word' id='word_1_538' title='bbox 1223 5620 1380 5666; x_wconf 81' lang='lat' dir='ltr'>vero</span> <span class='ocrx_word' id='word_1_539' title='bbox 1432 5603 1549 5666; x_wconf 78' lang='lat' dir='ltr'>111ae</span> <span class='ocrx_word' id='word_1_540' title='bbox 1610 5603 2212 5678; x_wconf 77' lang='lat' dir='ltr'>determinationeS,</span> <span class='ocrx_word' id='word_1_541' title='bbox 2290 5610 2382 5683; x_wconf 89' lang='lat' dir='ltr'>ut,</span> <span class='ocrx_word' id='word_1_542' title='bbox 2497 5600 2836 5679; x_wconf 76' lang='lat' dir='ltr'>ptismaIiS,</span> <span class='ocrx_word' id='word_1_543' title='bbox 2869 5599 3167 5679; x_wconf 87' lang='lat' dir='ltr'>quamvis</span> <span class='ocrx_word' id='word_1_544' title='bbox 3198 5605 3375 5664; x_wconf 89' lang='lat' dir='ltr'>esset</span> <span class='ocrx_word' id='word_1_545' title='bbox 3404 5604 3684 5665; x_wconf 85' lang='lat' dir='ltr'>exterior</span> <span class='ocrx_word' id='word_1_546' title='bbox 3715 5592 3957 5676; x_wconf 76' lang='lat' dir='ltr'>corporis,</span> 
     </span>
    </p>
   </div>
  </div>
 </body>
</html>
