4255 6375
779 299 895 363 486

779 462 1271 525 sacramentalis
1327 480 1407 525 ex
1466 467 1653 541 parte
1696 464 2100 540 recipientiS,
2151 464 2326 524 inter

775 579 1119 656 parvulum
1152 583 1219 640 et
1249 579 1596 656 parvulum
1627 579 1805 640 nulla
1850 583 1954 639 est
1994 576 2324 657 inaequali-

776 701 875 757 tas
905 696 987 757 ab
1018 696 1398 770 intrinseco;
1432 697 1513 757 ab
1539 698 1908 758 extrinseco
1932 698 2157 772 potest
2177 710 2324 756 esse

783 826 859 871 ex
918 809 1377 887 impetratione
1435 816 1807 888 parentum,
1866 815 1979 872 aut
2024 811 2326 882 ministri,

776 931 885 987 aut
932 925 1376 988 offerentium.
1413 928 1554 988 llaec
1587 935 1686 988 est
1732 928 1958 1005 quinta
1994 926 2328 988 conclusio

774 1042 843 1102 in
886 1041 1142 1103 ordine.
1189 1043 1396 1105 Prima
1445 1047 1650 1120 patet,
1705 1045 1858 1123 quia
1915 1043 2169 1103 nullum
2213 1043 2326 1104 ha-

779 1156 941 1217 bent
970 1162 1186 1218 actum
1227 1159 1591 1236 proprium,
1642 1164 1753 1219 aut
1805 1157 2328 1237 dispositionem.

780 1269 1084 1332 Secunda
1143 1278 1346 1350 patet,
1382 1273 1533 1353 quia
1576 1272 1743 1335 fides
1790 1279 1858 1335 et
1903 1275 2135 1336 merita
2190 1275 2332 1350 ipsa

783 1393 1060 1464 possunt
1089 1388 1409 1468 majorem
1453 1391 1732 1469 gratiam
1773 1392 2130 1467 impetrare
2182 1406 2328 1467 par-

449 1537 745 1602 Explicatur
782 1513 952 1572 vula.
1012 1511 1194 1572 Circa
1237 1513 1407 1574 hanc
1461 1513 1638 1574 bene
1696 1513 1975 1577 advertit
2045 1514 2332 1576 Scholia-

475 1615 736 1717 Dgss‘t‘gssss·
785 1630 945 1700 stes,
995 1626 1497 1705 intelligendum
1531 1645 1678 1691 esse
1728 1644 1862 1692 non
1912 1628 1996 1690 de
2048 1630 2330 1691 sanctifi·

788 1748 1004 1817 cante,
1037 1744 1159 1805 sed
1189 1745 1272 1807 de
1323 1746 1540 1824 aliquo
1574 1747 1749 1807 dono
1781 1749 2090 1826 gratuite,
2154 1743 2337 1824 quod

783 1866 991 1941 gratia
1057 1863 1348 1934 actualiS,
1428 1866 1538 1923 aut
1596 1865 1797 1942 gratis
1861 1862 2011 1924 data
2076 1862 2336 1936 dicitur,

785 1979 936 2056 quia
994 1994 1196 2054 supra
1248 1986 1467 2055 quaest.
1526 1982 1588 2042 2.
1646 1981 1844 2057 hujus
1899 1996 2067 2056 resp.
2133 1982 2222 2042 ad
2274 1982 2335 2043 2.

780 2099 985 2175 negat
1047 2093 1187 2156 dari
1246 2096 1531 2174 aliquam
1597 2111 1865 2157 causam
1937 2096 2341 2194 meritoriam

782 2214 1009 2289 primae
1069 2213 1326 2293 gratiae,
1386 2215 1524 2274 sive
1595 2213 1678 2274 sit
1735 2211 1901 2277 fides
1965 2219 2340 2294 parentum,

784 2333 921 2393 sive
994 2331 1319 2402 Ecclesiae,
1396 2335 1631 2407 praeter
1697 2331 1911 2392 solum
1988 2332 2338 2394 Christum.

789 2448 932 2508 llaec
986 2445 1157 2508 dona
1207 2453 1432 2509 autern
1476 2462 1734 2509 annexa
1795 2449 2062 2511 effectui
2111 2450 2344 2511 Sacra-

792 2563 999 2624 menti
1058 2567 1337 2639 possunt
1393 2564 1728 2640 impetrari
1774 2581 1811 2626 a
1854 2564 2176 2631 ministrO.
2240 2565 2345 2626 vel

796 2677 959 2756 aliiS,
993 2688 1064 2743 ut
1092 2682 1323 2743 asserit
1367 2683 1430 2744 S.
1464 2682 1746 2742 Thomas
1777 2683 1834 2743 3.
1862 2700 1932 2758 p.
1968 2699 2029 2759 q.
2062 2683 2166 2745 64.
2215 2688 2320 2743 art

458 2793 764 2924 Ddajzffiff'
805 2799 858 2859 l.
905 2800 995 2859 ad
1033 2799 1094 2858 2.
1127 2797 1258 2858 imo
1288 2767 1576 2873 idipsum
1622 2796 1819 2861 docet
1859 2799 2212 2879 Cajetanus
2265 2797 2347 2862 de

799 2915 1009 2996 gratia
1066 2913 1540 2987 sanctificante,
1588 2933 1785 2994 posse
1836 2934 1982 2979 eam
2027 2920 2349 2999 majorem

801 3034 1133 3110 impetrari
1179 3049 1302 3110 per
1328 3034 1717 3107 ministrum,
1763 3036 1852 3095 ita
1889 3032 2155 3111 proefato
2200 3034 2347 3096 loco

800 3146 1175 3226 intelligens
1231 3146 1294 3207 S.
1349 3148 1691 3223 Thomam,
1750 3151 1817 3210 et
1863 3146 1973 3210 alii
2020 3154 2348 3221 auctoreS,

803 3279 970 3343 quos
1004 3263 1153 3326 citat
1182 3265 1602 3329 ScholiasteS.

885 3381 1127 3444 Citatur
1182 3385 1380 3447 etiam
1448 3388 1676 3445 noster
1743 3386 1986 3449 Doctor
2049 3384 2155 3447 bic
2232 3401 2349 3462 pro

487 3460 662 3594 Priffi'i
699 3523 748 3572 ἰ,
803 3498 924 3559 hac
983 3500 1292 3578 opinione
1352 3501 1805 3573 communiter,
1851 3500 1974 3564 sed
2026 3502 2350 3564 immerito

490 3602 550 3636 ⁰¹
578 3600 661 3650 ‘³¹¹¹
701 3601 761 3636 ¹¹⁸
806 3632 887 3677 ex
946 3615 1154 3681 dictis.
1211 3616 1400 3693 Quod
1457 3620 1514 3680 si
1570 3618 1716 3697 quis
1781 3635 1927 3680 eam
1985 3617 2352 3681 defendere

804 3732 1082 3798 voluerit
1128 3739 1439 3812 tanquam
1485 3735 1654 3814 ejus,
1689 3735 1908 3799 videat
1935 3751 2087 3817 quae
2134 3734 2355 3797 dicant

803 3851 1027 3912 Patres
1099 3849 1182 3912 de
1270 3851 1511 3913 virtute
1585 3850 1738 3915 fidei
1828 3852 1912 3914 ad
1983 3852 2353 3930 impetrati-

804 3982 997 4028 onem
1058 3966 1142 4028 de
1180 3967 1442 4047 jejunio
1504 3967 1728 4029 matris
1772 3971 2105 4030 Samsonis
2150 3985 2354 4048 quan·

808 4087 944 4143 tum
988 4083 1189 4145 valuit
1230 4080 1399 4156 filio;
1450 4083 1606 4144 item
1667 4084 1950 4146 Matthaei
1993 4085 2054 4147 9.
2135 4087 2357 4146 Videns

801 4200 1187 4277 Jesussldem
1211 4200 1506 4271 illorum,
1539 4198 1810 4280 (nempe
1839 4203 2356 4279 supponentium

807 4317 1237 4396 paralyticum
1302 4332 1383 4378 ex
1441 4315 1641 4395 tecto)
1697 4318 1887 4390 dixit,
1954 4318 2199 4394 confide
2233 4318 2353 4394 fili,

806 4437 1225 4496 remittuntur
1252 4436 1371 4496 tibi
1404 4441 1677 4512 peccata
1724 4440 1882 4509 tem,-
1925 4436 2036 4497 ubi
2082 4436 2355 4514 glossa:

813 4555 1138 4624 Quantum
1178 4554 1394 4614 valeat
1440 4554 1619 4630 apud
1643 4558 1848 4615 Deum
1876 4553 2033 4629 sides
2053 4554 2358 4631 propria,

815 4674 993 4747 apud
1041 4688 1231 4748 quem
1273 4673 1367 4732 sic
1425 4670 1631 4734 valuit
1683 4670 1925 4742 aliena,
1977 4677 2046 4732 uc
2091 4672 2262 4731 intus
2306 4674 2363 4729 et

815 4792 1007 4847 extra
1062 4792 1322 4848 sanaret
1378 4787 1746 4847 hominem?
1802 4788 1985 4861 Item,
2044 4789 2363 4865 quantum

815 4905 1018 4969 valuit
1047 4906 1253 4966 oratio
1291 4904 1601 4983 Stephani
1638 4921 1751 4980 pro
1802 4904 2026 4976 Paulo,
2062 4905 2131 4964 et
2178 4903 2365 4963 innu-

814 5037 998 5085 mera
1052 5018 1483 5101 hujusmodi?
1532 5020 1662 5080 lloc
1715 5024 1934 5080 tamen
1994 5020 2117 5079 erit
2174 5017 2364 5079 meri-

818 5121 1071 5202 tum'de
1104 5153 1397 5219 congruo
1436 5142 1708 5209 tantum,
1753 5152 1834 5197 ex
1884 5136 2073 5215 cujus
2123 5135 2366 5197 motivo

817 5258 994 5317 Deus
1050 5255 1116 5315 in
1166 5256 1587 5315 sacramento
1639 5251 1752 5313 dat
1793 5251 2170 5312 uberiorem
2214 5265 2365 5326 gra·

819 5375 999 5445 tiam,
1047 5387 1248 5450 quam
1292 5371 1451 5432 alias
1480 5368 1871 5449 regulariter
1909 5383 2044 5429 non
2086 5364 2365 5429 confert.

826 5487 1017 5566 Quod
1048 5493 1272 5550 autem
1303 5491 1527 5549 contra
1578 5487 1704 5548 hoc
1749 5485 1964 5548 afferri
2011 5490 2241 5563 posset
2289 5500 2372 5545 ex

542 3663 638 3709 maj
646 3663 705 3697 or

510 3713 718 3762 effectus

461 3775 747 3841 acquiritur
757 3813 770 3826 .

1962 299 2108 361 [ΑΒ.
2153 299 2255 362 tv.
2296 297 2893 364 smumtffltm

2435 461 2546 530 illa
2589 463 2982 543 quaestione,
3033 481 3164 544 qua
3213 464 3465 527 dicitur
3510 463 3923 524 Sacramentum

2437 591 2571 637 non
2629 576 3016 655 dependere
3073 598 3111 640 a
3178 579 3433 642 malitia
3531 581 3647 638 aut
3714 576 3924 640 bonitate

2439 689 2735 765 ministri,
2771 694 3148 773 intelligitur
3179 701 3520 772 quantum
3572 690 3657 753 ad
3698 692 3926 755 substan·

2441 808 2598 868 tiam
2665 809 3094 883 sacramenti,
3168 812 3501 873 effectum
3572 815 3639 872 et
3694 808 3927 876 fruc-tum.

2445 925 2592 1004 ejus
2622 926 2912 1006 exlege,
2960 931 3030 988 et
3077 928 3526 990 ordinarium.
3585 927 3816 1002 Quibus
3847 944 3932 988 uon

2445 1041 2879 1118 obstantibus,
2914 1046 3090 1106 Deus
3134 1045 3424 1125 adjicere
3462 1049 3691 1122 potest
3718 1059 3789 1104 ex
3823 1044 3934 1104 libe-

2445 1154 2702 1217 ralitate
2764 1157 3013 1234 aliquid
3083 1160 3167 1222 ob
3247 1160 3789 1238 impetrationem
3863 1159 3936 1218 ali·

2448 1287 2657 1332 orum.
2702 1272 3039 1336 Contraria
3095 1275 3314 1354 opinio
3375 1276 3607 1354 magis
3663 1274 3861 1352 placet,
3896 1284 3983 1353 uti,

2450 1400 2594 1462 quae
2624 1388 2990 1450 communis
3021 1394 3143 1464 est,
3187 1398 3253 1453 et
3291 1391 3520 1471 magis
3568 1357 3961 1453 consentanea⁸

2448 1503 2782 1580 principiis
2813 1507 3133 1570 DoctoriS.

2529 1619 2801 1696 Subjicit
2854 1623 2920 1683 in
2971 1624 3211 1686 adultis
3273 1623 3567 1686 inveniri
3617 1620 3948 1698 inaequalita·

2450 1741 2582 1796 tem
2617 1736 2890 1799 effectus
2922 1755 3004 1800 ex
3046 1739 3342 1819 inaequali
3393 1739 3858 1818 dispositione;
3882 1743 3947 1797 est

2448 1852 2807 1917 Tridentini
2853 1874 2907 1918 c.
2952 1859 3014 1918 7.
3049 1860 3201 1935 jam
3249 1860 3472 1932 citata,
3534 1862 3608 1919 et
3652 1860 3949 1916 communis

2449 1970 2977 2051 Theologorum;
3039 1990 3121 2035 ex
3178 1991 3306 2053 quo
3357 1974 3683 2054 sequitur
3731 1975 3944 2036 tertium.

2454 2087 2634 2165 quod
2712 2087 2960 2168 adjicit,
3028 2092 3417 2170 inaequalem
3486 2107 3649 2153 esse
3708 2089 3995 2191 effectum?

2454 2203 2855 2269 Sacramenti
2900 2205 2967 2267 in
3015 2207 3287 2284 parvulo
3319 2213 3386 2269 et
3424 2208 3697 2279 adulte,
3752 2204 3876 2284 quia
3909 2206 3950 2263 in

2455 2324 2581 2385 hoc
2624 2325 2835 2404 major
2865 2332 2965 2387 est
2991 2327 3244 2388 ratione
3291 2343 3696 2396 consensus,
3728 2331 3787 2386 et
3825 2323 3948 2384 fidei.

2457 2444 2526 2500 et
2598 2446 2780 2501 actus
2829 2441 2985 2502 boni
3062 2441 3492 2521 disponentis
3564 2443 3861 2520 Loquitur
3899 2439 3950 2500 de

2459 2553 2682 2618 adulto
2730 2558 3052 2631 absolute,
3097 2560 3267 2621 sicut
3308 2560 3462 2622 alias
3537 2575 3737 2637 supra
3801 2557 3948 2633 expli·

2463 2674 2737 2749 cuimuS,
2795 2692 3034 2754 nempe
3081 2682 3156 2739 ut
3214 2678 3414 2740 habet
3473 2676 3801 2756 originale
3856 2681 3949 2733 tan·

2461 2798 2621 2866 tum,
2657 2800 2720 2854 et
2761 2809 2891 2854 non
2937 2794 3212 2856 mortale
3253 2793 3542 2864 actuale,
3581 2794 3736 2855 licet
3768 2789 3947 2852 habere

2461 2909 2667 2986 possit
2712 2911 3012 2984 veniale;
3071 2910 3328 2992 reliqua
3359 2917 3620 2990 patent.

2846 3247 3303 3329 QUAESTIO
3397 3247 3630 3318 VIII.

2534 3535 2711 3611 Quid
2741 3534 3127 3621 faciendum
3149 3535 3232 3602 de
3247 3535 3539 3621 parvulo
3580 3534 3857 3621 exposito
3880 3527 3903 3593 5²

2470 3773 2533 3825 D.
2559 3767 2751 3824 Thom.
2782 3783 2834 3836 q.
2865 3767 2956 3822 66.
2982 3782 3034 3823 a.
3081 3767 3132 3821 9.
3165 3763 3420 3826 Richard.
3455 3762 3559 3823 Ιιίο
3590 3771 3704 3821 are.
3734 3766 3833 3820 uu.
3855 3763 3941 3827 q.l.

2540 3843 2698 3896 Sotus
2725 3842 2780 3894 d.
2804 3840 2858 3894 3.
2892 3854 2947 3894 a.
2970 3839 3021 3894 9.
3052 3840 3210 3895 Suar.
3253 3845 3392 3894 tom.
3426 3839 3475 3894 3.
3504 3840 3564 3893 3.
3594 3855 3649 3906 p.
3683 3838 3735 3891 d.
3764 3837 3838 3889 22.
3864 3834 3941 3887 ιὲ.

2538 3916 2588 3967 et
2626 3914 2681 3967 d.
2713 3912 2803 3968 31.
2847 3929 2891 3965 S.
2922 3913 2977 3965 6.
3010 3927 3130 3978 cap.
3173 3926 3317 3967 ctam
3346 3911 3556 3978 itaque.
3590 3927 3640 3965 c.
3671 3909 3886 3963 similia.
3910 3908 3938 3953 et

2540 4001 2586 4041 c.
2612 3987 2919 4053 parvulos,
2949 3984 3014 4037 de
3041 3997 3250 4038 consec.
3273 3983 3331 4036 d.
3358 3984 3408 4037 4.
3430 3987 3567 4037 sunt
3593 3983 3752 4037 Leon.
3781 3982 3825 4032 et
3846 3977 3944 4042 ὡς·

2561 4198 2812 4267 Juxta
2864 4194 3024 4266 ista
3070 4193 3350 4285 patent
3399 4192 3757 4283 quaedam
3801 4203 3942 4277 quae-

2475 4310 2781 4383 stiones
2850 4308 3021 4380 sine
3097 4307 3631 4399 argumentis.
3712 4302 3937 4378 Primo,

2474 4427 2657 4519 qnid
2699 4425 3147 4499 faciendum
3189 4429 3311 4497 est
3344 4424 3437 4497 de
3489 4422 3817 4516 parvulo
3858 4434 3942 4487 ex-

2478 4546 2744 4639 posito
2780 4549 2814 4615 Ῥ
2850 4543 3353 4636 Respondeo,
3417 4545 3558 4614 aut
3612 4536 3941 4613 inveniun-

2478 4666 2616 4736 tur
2657 4662 2737 4733 in
2802 4680 2897 4732 eo
2967 4666 3194 4734 certa
3264 4661 3525 4749 signa,
3592 4655 3786 4749 quod
3836 4666 3941 4721 non

2479 4782 2600 4850 est
2685 4778 3171 4870 baptizatus,
3232 4775 3442 4848 sicut
3522 4763 3941 4846 mulierculae

2480 4898 3080 4968 consueverunt
3173 4912 3358 4964 cum
3443 4910 3540 4963 eo
3615 4898 3939 4983 apponere-

2484 5013 2630 5097 saI,
2693 5012 2900 5085 sicut
2936 5031 3118 5084 cum
3150 5008 3668 5101 deportandis
3728 5005 3804 5078 ad
3844 5003 3939 5072 Ba-

2483 5129 2873 5223 ptismum
2916 5128 3030 5208 fit,
3066 5129 3143 5199 et
3192 5129 3381 5200 tunc
3414 5123 3713 5217 absque
3752 5120 3936 5209 aliqua

2486 5244 2997 5318 haesitatione
3031 5241 3556 5334 baptizandus
3615 5245 3738 5314 est
3791 5235 3935 5309 abso

2483 5360 2675 5432 lute.
2758 5360 2913 5431 Aut
2991 5376 3151 5429 non
3218 5356 3739 5430 inveniuntur
3818 5362 3932 5423 cum

2483 5491 2578 5545 eo
2664 5471 2863 5546 talia
2940 5471 3197 5562 signa,
3277 5474 3358 5545 et
3452 5469 3729 5551 adhuc,
3798 5454 3930 5555 quod
