4255 6375
1371 380 1574 444 DIS'r.
1623 380 1730 444 Πῐ.
1777 378 2145 457 QUAES'rlo
2179 380 2250 443 n.

243 561 394 630 que
503 543 743 610 horum
838 545 1093 611 asserit.
1206 545 1330 611 Sed
1449 544 1842 630 ambiguitas

245 659 604 727 statuitur
641 659 705 727 in
736 682 835 740 ec,
873 682 955 727 an
1014 662 1262 729 scilicet
1294 662 1584 750 Apostoli
1641 660 1841 746 bapti·

246 787 509 843 zantes
579 778 644 843 in
711 778 850 845 solo
910 779 1173 845 nomine
1207 782 1384 855 Iesu,
1431 776 1846 864 peccaverint

247 905 514 958 contra
585 906 980 981 praeceptum
1045 894 1267 961 datum
1304 892 1337 958 ‘?
1392 892 1704 980 alioquin,
1787 892 1843 958 si

253 1007 690 1096 intelligeret
741 1031 869 1075 non
926 1010 1288 1095 baptizasse
1344 1022 1569 1076 contra
1606 1029 1844 1096 praece·

252 1133 499 1207 ptum,
542 1145 669 1190 non
703 1137 879 1191 esset
908 1125 1088 1191 locus
1116 1124 1483 1192 dubitandi.
1519 1126 1652 1189 Nec
1674 1123 1843 1188 Hila-

252 1240 413 1307 rius
488 1240 676 1320 dicit,
750 1242 922 1328 quod
999 1242 1303 1327 legantur
1361 1241 1723 1326 baptizasse
1770 1244 1842 1307 in

247 1358 408 1421 solo
465 1359 745 1424 nomine
809 1359 982 1437 Iesu,
1022 1378 1433 1445 quacumque
1466 1357 1716 1422 ratione
1748 1356 1842 1422 in-

247 1475 630 1559 terpretari
663 1475 784 1539 hoc
815 1472 1066 1551 debeat,
1112 1474 1221 1539 sed
1255 1472 1578 1539 assertive
1608 1471 1844 1538 asserit

251 1610 379 1654 eos
426 1590 539 1655 sic
570 1590 931 1675 baptizasse
968 1592 1041 1655 in
1084 1590 1356 1655 nomine
1391 1589 1563 1665 Iesu,
1638 1600 1701 1654 et
1757 1589 1842 1654 fa·

247 1716 449 1771 ctum
529 1718 852 1792 praecepto
905 1706 1199 1793 opponit,
1249 1724 1377 1770 non
1428 1717 1644 1770 autem
1707 1724 1840 1768 mo-

257 1822 434 1887 dum
474 1821 788 1910 loquendi
821 1821 1202 1908 Scripturae,
1227 1841 1357 1907 quo
1397 1820 1493 1887 sic
1526 1820 1842 1907 baptizas-

258 1959 338 2004 se
381 1938 734 2006 dicuntur.

136 2129 142 2135 ‚
356 2059 626 2122 Praeter
680 2056 824 2122 haec
877 2054 1242 2121 concedunt
1289 2052 1414 2138 ipsi
1455 2052 1836 2132 adversarii,

116 2144 226 2243 1⁵¹,¹¹⁸'
259 2171 737 2249 Ambrosium,
810 2171 1068 2249 Bedam,
1171 2170 1516 2257 Nicolaum·
1572 2172 1622 2235 Ι.
1687 2172 1841 2235 Ber-

116 2254 227 2365 {21³2
259 2288 597 2367 nardum,
670 2291 1041 2371 Hugonem‚
1086 2285 1498 2372 Magistrum,
1572 2297 1636 2351 et
1695 2285 1842 2351 reli-

116 2395 202 2491 ἓν,
263 2425 449 2491 quos
502 2403 810 2490 antiquos
852 2401 1290 2468 Scholasticos
1324 2422 1473 2467 esse
1506 2401 1572 2466 in
1613 2401 1839 2466 eadem

116 2503 228 2618 {21⁶2
263 2520 639 2597 sententia,
692 2518 863 2604 quod
921 2517 1533 2605 verissimum'esu
1602 2516 1841 2602 quibus

134 2618 148 2629 ’
261 2635 563 2722 adjungi
596 2646 838 2721 posset,
875 2632 1495 2719 etTheophylactus
1535 2632 1602 2698 in
1647 2644 1843 2719 caput

266 2753 591 2818 ultimum
633 2757 822 2819 Lucae
854 2751 1042 2819 tertia
1073 2750 1525 2836 responsione,
1558 2751 1636 2816 ad
1661 2771 1842 2837 quae-

261 2868 563 2935 stionem
595 2856 1016 2955 propositam,
1062 2888 1210 2954 quae
1238 2866 1385 2933 talis
1451 2878 1549 2933 est
1599 2891 1614 2935 ε
1669 2869 1840 2943 Quo-

268 2987 477 3051 modo
519 2997 739 3051 autem
795 2987 1143 3071 Baptisma
1207 2987 1280 3051 in
1313 2987 1578 3050 nomine
1632 2986 1840 3050 solius

271 3103 549 3169 Chr-isti
576 3103 734 3186 fieri
762 3103 1228 3189 intelliqemtts,
1289 3104 1664 3189 proesertim
1691 3123 1838 3167 cum

116 3284 184 3318 ma
271 3223 461 3287 alias
501 3221 858 3288 doceamur
886 3221 1233 3307 baptizare
1261 3222 1336 3286 in
1381 3221 1652 3287 nomine
1701 3221 1836 3285 Ρα-

116 3333 217 3383 ¹³³⁰·
279 3341 409 3404 tris
451 3350 517 3404 et
548 3338 715 3404 Filii
742 3338 832 3425 etj
861 3339 1162 3423 Spiritus
1189 3339 1429 3402 sancti.
1467 3336 1838 3422 Respondet

281 3454 532 3539 primu,
602 3453 755 3540 quia
825 3453 1187 3543 Baptisma,
1207 3452 1450 3520 Christi
1497 3453 1836 3539 spirituale

281 3581 406 3648 est,
456 3588 589 3634 non
628 3566 991 3647 Iudaicum,
1026 3568 1113 3633 ita
1154 3568 1304 3648 dici,
1369 3588 1498 3634 non
1556 3569 1726 3655 quod
1769 3569 1834 3635 in

282 3704 354 3749 ea
405 3685 619 3751 forma
669 3686 813 3756 sine
869 3684 1280 3751 invocatione
1321 3684 1657 3751 Trinitatis
1701 3682 1835 3750 sue-

284 3800 367 3866 rit
454 3821 870 3868 concessum.
966 3805 1119 3867 Haec
1208 3800 1463 3888 autem}
1494 3801 1834 3887 responsio

283 3917 683 3997 excluditur,
756 3919 907 4004 quia
989 3917 1312 4002 Baptisma
1390 3915 1629 3983 Christi
1689 3937 1836 3983 esse

284 4033 631 4121 spirituale
656 4031 817 4099 satis
846 4032 1212 4099 declaratur
1240 4052 1322 4098 ex
1354 4032 1574 4098 verbis
1605 4032 1834 4098 subse·

287 4150 640 4236 quentibus
671 4148 885 4215 Petri:
950 4149 1022 4215 ln
1078 4150 1555 4228 remissionem,
1594 4148 1829 4235 inquit,

287 4278 703 4351 peccatorum
722 4277 1109 4343 vestrorum,
1138 4276 1199 4329 et
1229 4265 1567 4350 recipietis
1587 4264 1836 4330 donum

291 4385 587 4469 Spiritus
613 4385 829 4449 sancti
843 4406 869 4462 ,²
910 4382 1124 4469 priora
1154 4402 1313 4468 ergo
1353 4381 1551 4449 verba
1587 4401 1715 4447 non
1755 4381 1830 4446 ad

297 4499 353 4566 id
393 4513 711 4587 spectant,
765 4499 877 4566 sed
932 4499 1012 4565 ad
1070 4498 1344 4564 formam
1410 4508 1475 4563 et
1515 4497 1833 4564 invocati-

295 4634 481 4682 onem
529 4617 814 4696 Christi;
868 4615 922 4683 si
963 4627 1180 4683 autem
1221 4613 1588 4679 referantur
1635 4615 1835 4681 verba

297 4734 369 4801 ad
401 4736 831 4825 Baptismum,
868 4753 997 4823 quo
1036 4733 1178 4821 ipse
1215 4732 1513 4800 Christus
1545 4734 1833 4820 baptiza-

296 4862 396 4917 tus
433 4866 557 4931 est,
594 4873 721 4918 non
746 4850 898 4917 facit
919 4849 995 4916 ad
1033 4849 1656 4936 interpretationem,
1685 4850 1834 4936 quia

300 4967 360 5033 in
408 4969 583 5036 Actis
628 4968 844 5055 agitur
891 4967 971 5033 de
1023 4966 1351 5051 Baptismo
1415 4966 1645 5034 collato
1693 4965 1836 5033 aliis

302 5083 372 5149 in
407 5086 856 5150 remissionem
882 5094 1322 5170 pcccatorum.

116 5203 244 5314 {5¹:¹⁰5
385 5200 679 5269 Secundo
745 5201 1093 5286 respondet
1132 5203 1206 5266 in
1256 5204 1521 5268 nomine
1581 5205 1837 5270 Christi

116 5307 262 5380 anmi.
305 5315 787 5407 intelligendum
839 5340 985 5385 esse
1036 5340 1154 5405 pro
1212 5340 1311 5400 eo,
1384 5321 1554 5408 quod
1616 5332 1712 5387 est
1761 5324 1837 5388 in

306 5447 569 5501 mortem
603 5437 881 5502 Christi.
929 5435 1053 5501 Sed
1097 5456 1309 5523 neque
1367 5438 1509 5503 haec
1547 5436 1830 5502 declara·

309 5550 390 5617 tio
435 5567 607 5621 recte
663 5553 960 5643 quadrat,
1013 5552 1165 5641 quia
1207 5554 1281 5619 in
1327 5554 1593 5621 nomine
1632 5554 1832 5620 deno-

116 3706 230 3763 itur.

3369 375 3480 440 311

1957 552 2052 609 tat
2147 543 2627 609 invocationem
2716 563 2834 609 seu
2920 540 3368 611 auctoritatem
3448 554 3513 608 et

1956 651 2356 728 efficaciam;
2397 655 2467 718 in
2523 664 2800 717 mortem
2854 665 3071 717 autem
3112 650 3382 729 Christi,
3420 650 3512 715 si-

1965 767 2401 834 militudinem
2451 767 2795 856 quamdam
2839 767 3243 853 analogicam
3298 765 3507 837 imita-

1956 883 2177 951 tionis.
2268 884 2485 950 Tertio
2570 884 2918 970 respondet
2993 883 3202 961 aliter,
3275 896 3337 949 et
3436 893 3506 947 ut
3616 960 3791 1010 Tertia

1881 1024 1898 1039 ·
1956 1001 2197 1068 Christi
2243 1020 2477 1067 nomen
2511 999 2577 1065 in
2624 1000 2843 1085 seipso
2882 1000 3194 1077 continet,
3250 1010 3314 1064 et
3369 1001 3506 1063 Pa-
3534 1023 3820 1089 responsio.

1959 1130 2125 1183 trem
2174 1130 2546 1205 unqentem,
2602 1129 2664 1184 et
2720 1119 3102 1183 unctionem
3145 1117 3498 1201 Spiritum,

1954 1249 2016 1302 et
2049 1236 2299 1300 Filium
2338 1246 2628 1313 unctum,
2666 1248 2789 1299 etc.
2828 1233 3148 1320 Supponit
3180 1253 3336 1318 ergo
3358 1253 3505 1298 cum
3581 1250 3647 1300 Se
3684 1248 3820 1299 uitur

1954 1353 2301 1419 Ambrosio
2368 1354 2536 1418 hanc
2622 1350 3098 1417 invocationem
3170 1350 3509 1421 Trinitatis
3703 1326 3813 1365 ros.

1955 1468 2377 1556 aequivalere,
2430 1469 2531 1533 vel
2573 1467 2982 1554 simpliciter,
3019 1469 3122 1534 vel
3162 1488 3277 1555 pro
3326 1480 3506 1549 tunc,

1955 1599 2017 1650 et
2051 1584 2455 1669 Baptismum
2525 1585 2604 1650 ab
2657 1583 2984 1669 Apostolis
3027 1584 3248 1650 datum
3281 1586 3356 1650 in
3396 1606 3510 1650 no-

1957 1700 2131 1765 mine
2168 1699 2319 1763 lesu
2376 1698 2951 1782 comprehendisse
2983 1697 3107 1762 hoc
3175 1697 3364 1764 modo
3418 1697 3514 1762 in-

1958 1814 2365 1881 vocationem
2453 1813 2789 1879 Trinitatis
2856 1813 2923 1879 in
3021 1813 3160 1899 ipso
3251 1814 3515 1879 nomine

1955 1933 2302 2011 inclusam,
2339 1933 2628 2020 alioquin
2692 1933 2833 1999 haec
2865 1933 3208 2018 responsio
3242 1953 3371 1998 non
3411 1953 3512 1998 es,

1957 2063 2056 2119 set
2139 2050 2216 2116 ad
2300 2050 2703 2137 propositum
2785 2048 3209 2137 quaestionis3
3273 2048 3513 2115 'minus

1954 2184 2171 2236 autem
2203 2168 2650 2254 interpretatio
2683 2165 3112 2253 quorumdam
3137 2165 3308 2231 circa
3335 2165 3509 2231 hunc

1956 2287 2195 2364 locum,
2240 2286 2426 2372 quasi
2468 2286 2531 2353 id
2592 2304 2721 2350 non
2767 2282 3120 2350 intenderit
3159 2281 3509 2371 Theophy-

1954 2400 2183 2477 lactuS,
2221 2401 2331 2488 qui
2364 2415 2495 2467 tres
2544 2400 2840 2467 diversas
2898 2399 3361 2483 responsiones
3396 2398 3501 2463 de-

1953 2522 2046 2587 dit
2085 2521 2160 2586 ad
2198 2519 2624 2606 propositum,
2662 2532 2726 2584 et
2759 2520 2900 2584 haec
2929 2529 3028 2583 est
3059 2518 3290 2594 tertia;
3326 2537 3505 2606 quae-

1954 2640 2110 2706 libet
2150 2660 2309 2725 ergo
2350 2637 2666 2704 satisfacit
2696 2657 2777 2701 ex
2819 2649 3036 2701 mente
3083 2635 3316 2722 ipsius.

2042 2756 2259 2821 Tertio
2318 2753 2602 2832 tandem,
2648 2751 3075 2838 congruentia
3134 2751 3329 2817 dandi
3381 2754 3502 2817 Ba·
3645 2744 3726 2795 5⁰·

3575 2804 3672 2855 orti
3748 2810 3850 2855 auo

1954 2873 2269 2959 ptismum
2303 2871 2371 2936 in
2422 2870 2685 2936 nomine
2743 2868 2981 2936 Christi
3026 2889 3140 2954 pro
3184 2867 3291 2934 illo
3332 2881 3498 2933 tem·
3529 2808 3805 2981 Ἑοῐέοὲξὶεὶ·

1955 3011 2134 3078 pore,
2171 3011 2365 3078 quam
2408 2989 2740 3056 adducunt
2780 2994 3111 3069 Doctores,
3150 3008 3278 3053 non
3322 2988 3497 3054 vide·
3530 3013 3589 3047 ex
3613 3010 3844 3109 ἒὲἓὲω-

1950 3122 2056 3177 tur
2121 3108 2619 3187 contemnenda,
2702 3127 2850 3172 nam
2929 3117 2993 3172 et
3052 3126 3269 3172 sermo
3328 3105 3499 3171 Petri

1949 3233 2262 3296 Actorum
2298 3228 2365 3296 2.
2409 3226 2488 3292 ad
2540 3226 2661 3292 hoc
2698 3224 3030 3311 dirigitur,
3076 3237 3147 3290 ut
3184 3223 3502 3289 exaltaret

1953 3364 2188 3410 nomen
2247 3347 2434 3433 ejus;
2500 3353 2565 3407 et
2604 3344 2752 3408 Act.
2802 3344 2888 3428 ὁ3.
2935 3351 2998 3404 et
3056 3343 3126 3405 4.
3198 3339 3349 3405 Non
3406 3351 3500 3405 est

1947 3459 2141 3543 aliu-d
2184 3479 2422 3525 nomen
2472 3457 2589 3522 sub
2645 3457 2804 3521 coelo
2852 3454 3083 3519 datum
3121 3453 3500 3520 hominibus

1947 3577 2022 3642 in
2061 3597 2187 3662 qno
2225 3585 2480 3660 oportet
2547 3593 2667 3638 nos
2720 3573 2939 3637 salvos
2977 3571 3153 3652 lieri,
3200 3581 3323 3635 etc.
3372 3573 3496 3633 Ac-

1948 3706 2161 3757 torum
2194 3695 2258 3757 8.
2295 3691 2617 3775 Aperiens
2654 3689 3015 3773 Philippus
3061 3707 3132 3751 os
3168 3707 3381 3764 suum,
3437 3695 3498 3749 et

1948 3808 2278 3893 incipiens
2308 3827 2350 3871 α
2397 3806 2754 3891 Scriptura
2808 3805 2958 3882 ista,
3007 3803 3497 3888 euanyelizavit

1949 3925 2059 3990 illi
2104 3925 2343 4003 lesum,
2383 3934 2512 3988 etc.
2570 3923 2733 3986 Ecce
2779 3942 2974 4005 aqua,
3030 3920 3177 4005 quis
3217 3940 3318 3983 mc
3346 3940 3493 4005 pro-

1947 4041 2120 4106 hibet
2171 4038 2573 4124 baptizari?
2631 4038 2811 4103 dimit
2852 4048 3071 4101 autem
3107 4035 3484 4120 Philippus,

1944 4159 2006 4222 si
2037 4157 2253 4221 credis
2283 4177 2365 4220 ea:
2408 4166 2539 4220 toto
2603 4155 2821 4234 corde,
2870 4156 3067 4233 licet,·
3120 4164 3179 4218 et
3218 4174 3495 4238 respon-

1947 4274 2109 4340 dens
2158 4276 2278 4351 ait,
2297 4273 2533 4361 {credo
2590 4272 2843 4337 Filium
2887 4274 3012 4337 Dei
3074 4292 3209 4337 esse
3274 4271 3495 4335 lesum

1951 4391 2311 4469 Christum,
2359 4399 2482 4455 etc.
2528 4400 2586 4454 et
2627 4389 2992 4475 baptisavit
3023 4408 3190 4452 eum.
3233 4389 3309 4451 Et
3346 4397 3497 4451 ante

1948 4508 2186 4574 dicitur
2224 4504 2304 4571 de
2342 4505 2666 4592 Philippo,
2712 4504 2881 4592 quod
2942 4503 3337 4592 praedicabat
3375 4503 3492 4566 Sa-

1950 4622 2287 4689 maritanis
2347 4620 2707 4701 Christum,
2790 4631 2852 4684 et
2899 4620 2971 4684 in
3030 4618 3298 4683 nomine
3343 4616 3496 4680 Jesu

1950 4740 2206 4805 Christi
2252 4737 2762 4824 baptizabantur
2792 4736 2927 4800 viri
2957 4755 3035 4798 ac
3064 4734 3397 4797 mulieres.

2036 4859 2176 4923 Huc
2248 4856 2444 4921 etiam
2476 4866 2735 4940 ‘spectat
2775 4848 3118 4917 instructio
3177 4861 3241 4914 et
3281 4866 3499 4915 sermo

1948 4973 2117 5040 Petri
2158 4972 2237 5039 ad
2287 4969 2658 5038 Cornelium
2699 4982 2762 5034 et
2791 4969 3056 5035 domum
3101 4969 3244 5055 eJus
3301 4967 3497 5030 Acto-

1944 5111 2095 5155 rum
2139 5091 2245 5155 10.
2308 5086 2419 5173 qui
2483 5086 2580 5152 sic
2636 5084 3001 5151 clauditur:
3078 5083 3241 5147 Huic
3278 5101 3501 5147 omnes

1948 5207 2296 5291 Propheta²
2330 5205 2792 5269 testimoninm·
2822 5200 3167 5287 perhibent
3207 5198 3501 5265 remissi-

1945 5343 2135 5388 onem
2160 5333 2582 5407 peccatorum
2610 5321 2911 5403 accipere
2940 5339 3059 5402 per
3093 5337 3328 5380 nome-n
3358 5320 3502 5402 ejus

1944 5460 2168 5504 omnes
2208 5439 2323 5524 qui
2379 5437 2656 5502 credunt
2721 5437 2795 5500 in
2836 5456 3004 5513 eum,
3053 5451 3175 5500 ete.
3223 5437 3300 5500 Et
3347 5454 3493 5501 cuin

1944 5561 2025 5628 ad
2059 5561 2204 5625 haec
2242 5558 2588 5624 cecidisset
2627 5556 2908 5642 Spiritus
2945 5569 3208 5622 sanctus
3250 5557 3313 5623 in
3356 5579 3491 5639 eos,
