<?xml version="1.0" encoding="UTF-8"?>
<!DOCTYPE html PUBLIC "-//W3C//DTD XHTML 1.0 Transitional//EN"
    "http://www.w3.org/TR/xhtml1/DTD/xhtml1-transitional.dtd">
<html xmlns="http://www.w3.org/1999/xhtml" xml:lang="en" lang="en">
 <head>
  <title>
</title>
<meta http-equiv="Content-Type" content="text/html;charset=utf-8" />
  <meta name='ocr-system' content='tesseract 3.04.00' />
  <meta name='ocr-capabilities' content='ocr_page ocr_carea ocr_par ocr_line ocrx_word'/>
</head>
<body>
  <div class='ocr_page' id='page_1' title='image "./joannisdunsscot02waddgoog_0025.png"; bbox 0 0 4255 6375; ppageno 0'>
   <div class='ocr_carea' id='block_1_1' title="bbox 1709 404 2502 481">
    <p class='ocr_par' dir='ltr' id='par_1_1' title="bbox 1709 404 2502 481">
     <span class='ocr_line' id='line_1_1' title="bbox 1709 404 2502 481; baseline 0.003 -14"><span class='ocrx_word' id='word_1_1' title='bbox 1709 408 1902 469; x_wconf 78' lang='lat' dir='ltr'>DlS&#39;l&#39;.</span> <span class='ocrx_word' id='word_1_2' title='bbox 1952 407 1996 468; x_wconf 86' lang='lat'>1.</span> <span class='ocrx_word' id='word_1_3' title='bbox 2047 404 2409 481; x_wconf 84' lang='lat' dir='ltr'>QUAESTlo</span> <span class='ocrx_word' id='word_1_4' title='bbox 2455 407 2502 470; x_wconf 86' lang='lat'>1.</span> 
     </span>
    </p>
   </div>
   <div class='ocr_carea' id='block_1_2' title="bbox 378 569 1983 3548">
    <p class='ocr_par' dir='ltr' id='par_1_2' title="bbox 378 569 1943 1241">
     <span class='ocr_line' id='line_1_2' title="bbox 378 569 1936 653; baseline -0.006 -14"><span class='ocrx_word' id='word_1_5' title='bbox 378 579 554 639; x_wconf 78' lang='lat' dir='ltr'>libro</span> <span class='ocrx_word' id='word_1_6' title='bbox 604 579 683 639; x_wconf 75' lang='lat' dir='ltr'>de</span> <span class='ocrx_word' id='word_1_7' title='bbox 724 580 936 640; x_wconf 75' lang='lat' dir='ltr'>causis</span> <span class='ocrx_word' id='word_1_8' title='bbox 992 575 1250 649; x_wconf 88' lang='lat' dir='ltr'>dicitur,</span> <span class='ocrx_word' id='word_1_9' title='bbox 1291 574 1471 653; x_wconf 87' lang='lat' dir='ltr'>quod</span> <span class='ocrx_word' id='word_1_10' title='bbox 1511 588 1638 634; x_wconf 91' lang='lat' dir='ltr'>nec</span> <span class='ocrx_word' id='word_1_11' title='bbox 1698 569 1936 632; x_wconf 89' lang='lat' dir='ltr'>lntelli·</span> 
     </span>
     <span class='ocr_line' id='line_1_3' title="bbox 379 688 1935 773; baseline -0.005 -19"><span class='ocrx_word' id='word_1_12' title='bbox 379 697 637 773; x_wconf 86' lang='lat' dir='ltr'>gentia,</span> <span class='ocrx_word' id='word_1_13' title='bbox 698 712 823 756; x_wconf 91' lang='lat' dir='ltr'>nec</span> <span class='ocrx_word' id='word_1_14' title='bbox 899 696 1112 756; x_wconf 84' lang='lat' dir='ltr'>anima</span> <span class='ocrx_word' id='word_1_15' title='bbox 1191 691 1525 752; x_wconf 84' lang='lat' dir='ltr'>rationalis</span> <span class='ocrx_word' id='word_1_16' title='bbox 1586 688 1697 750; x_wconf 91' lang='lat' dir='ltr'>dat</span> <span class='ocrx_word' id='word_1_17' title='bbox 1734 690 1935 758; x_wconf 71' lang='lat' dir='ltr'>esse,</span> 
     </span>
     <span class='ocr_line' id='line_1_4' title="bbox 381 799 1943 888; baseline -0.004 -20"><span class='ocrx_word' id='word_1_18' title='bbox 381 810 507 869; x_wconf 89' lang='lat' dir='ltr'>nisi</span> <span class='ocrx_word' id='word_1_19' title='bbox 565 810 955 888; x_wconf 78' lang='lat' dir='ltr'>inquantum</span> <span class='ocrx_word' id='word_1_20' title='bbox 1028 815 1339 887; x_wconf 87' lang='lat' dir='ltr'>operatur</span> <span class='ocrx_word' id='word_1_21' title='bbox 1408 805 1787 885; x_wconf 76' lang='lat' dir='ltr'>operatione</span> <span class='ocrx_word' id='word_1_22' title='bbox 1849 799 1943 862; x_wconf 92' lang='lat' dir='ltr'>di·</span> 
     </span>
     <span class='ocr_line' id='line_1_5' title="bbox 382 919 1940 999; baseline -0.004 -15"><span class='ocrx_word' id='word_1_23' title='bbox 382 926 578 999; x_wconf 88' lang='lat' dir='ltr'>vina;</span> <span class='ocrx_word' id='word_1_24' title='bbox 638 925 761 987; x_wconf 89' lang='lat' dir='ltr'>sed</span> <span class='ocrx_word' id='word_1_25' title='bbox 819 926 1060 987; x_wconf 76' lang='lat' dir='ltr'>creatio</span> <span class='ocrx_word' id='word_1_26' title='bbox 1115 933 1214 987; x_wconf 90' lang='lat' dir='ltr'>est</span> <span class='ocrx_word' id='word_1_27' title='bbox 1284 922 1367 983; x_wconf 91' lang='lat' dir='ltr'>ad</span> <span class='ocrx_word' id='word_1_28' title='bbox 1418 939 1564 984; x_wconf 85' lang='lat' dir='ltr'>esse</span> <span class='ocrx_word' id='word_1_29' title='bbox 1616 919 1940 990; x_wconf 88' lang='lat' dir='ltr'>absolute,</span> 
     </span>
     <span class='ocr_line' id='line_1_6' title="bbox 390 1041 1942 1117; baseline -0.003 -14"><span class='ocrx_word' id='word_1_30' title='bbox 390 1061 525 1107; x_wconf 91' lang='lat' dir='ltr'>non</span> <span class='ocrx_word' id='word_1_31' title='bbox 559 1052 779 1107; x_wconf 89' lang='lat' dir='ltr'>autem</span> <span class='ocrx_word' id='word_1_32' title='bbox 811 1045 894 1107; x_wconf 92' lang='lat' dir='ltr'>ad</span> <span class='ocrx_word' id='word_1_33' title='bbox 923 1047 1068 1117; x_wconf 86' lang='lat' dir='ltr'>hoc,</span> <span class='ocrx_word' id='word_1_34' title='bbox 1116 1050 1228 1105; x_wconf 92' lang='lat' dir='ltr'>aut</span> <span class='ocrx_word' id='word_1_35' title='bbox 1266 1042 1427 1105; x_wconf 86' lang='lat' dir='ltr'>illud</span> <span class='ocrx_word' id='word_1_36' title='bbox 1480 1041 1942 1109; x_wconf 86' lang='lat' dir='ltr'>determinate,</span> 
     </span>
     <span class='ocr_line' id='line_1_7' title="bbox 393 1161 1360 1241; baseline 0 -19"><span class='ocrx_word' id='word_1_37' title='bbox 393 1178 557 1241; x_wconf 81' lang='lat' dir='ltr'>ergo</span> <span class='ocrx_word' id='word_1_38' title='bbox 593 1168 692 1222; x_wconf 87' lang='lat' dir='ltr'>est</span> <span class='ocrx_word' id='word_1_39' title='bbox 721 1161 889 1223; x_wconf 89' lang='lat' dir='ltr'>actio</span> <span class='ocrx_word' id='word_1_40' title='bbox 924 1161 1183 1239; x_wconf 89' lang='lat' dir='ltr'>propria</span> <span class='ocrx_word' id='word_1_41' title='bbox 1219 1161 1360 1222; x_wconf 87' lang='lat' dir='ltr'>Dei.</span> 
     </span>
    </p>

    <p class='ocr_par' dir='ltr' id='par_1_3' title="bbox 395 1269 1983 3548">
     <span class='ocr_line' id='line_1_8' title="bbox 477 1269 1947 1351; baseline -0.008 -12"><span class='ocrx_word' id='word_1_42' title='bbox 477 1276 859 1338; x_wconf 88' lang='lat' dir='ltr'>Secundum</span> <span class='ocrx_word' id='word_1_43' title='bbox 938 1276 1308 1337; x_wconf 76' lang='lat' dir='ltr'>membrum</span> <span class='ocrx_word' id='word_1_44' title='bbox 1385 1279 1588 1351; x_wconf 87' lang='lat' dir='ltr'>patet,</span> <span class='ocrx_word' id='word_1_45' title='bbox 1649 1271 1798 1348; x_wconf 87' lang='lat' dir='ltr'>quia</span> <span class='ocrx_word' id='word_1_46' title='bbox 1855 1269 1947 1328; x_wconf 91' lang='lat' dir='ltr'>in-</span> 
     </span>
     <span class='ocr_line' id='line_1_9' title="bbox 395 1388 1952 1468; baseline -0.004 -17"><span class='ocrx_word' id='word_1_47' title='bbox 395 1397 841 1453; x_wconf 70' lang='lat' dir='ltr'>strumentum</span> <span class='ocrx_word' id='word_1_48' title='bbox 887 1408 1014 1453; x_wconf 86' lang='lat' dir='ltr'>non</span> <span class='ocrx_word' id='word_1_49' title='bbox 1048 1393 1389 1468; x_wconf 90' lang='lat' dir='ltr'>participat</span> <span class='ocrx_word' id='word_1_50' title='bbox 1435 1388 1765 1449; x_wconf 82' lang='lat' dir='ltr'>actionem</span> <span class='ocrx_word' id='word_1_51' title='bbox 1797 1400 1952 1444; x_wconf 88' lang='lat' dir='ltr'>cau-</span> 
     </span>
     <span class='ocr_line' id='line_1_10' title="bbox 398 1499 1952 1585; baseline -0.007 -17"><span class='ocrx_word' id='word_1_52' title='bbox 398 1524 487 1568; x_wconf 81' lang='lat' dir='ltr'>sae</span> <span class='ocrx_word' id='word_1_53' title='bbox 535 1508 918 1585; x_wconf 83' lang='lat' dir='ltr'>superioris,</span> <span class='ocrx_word' id='word_1_54' title='bbox 971 1509 1092 1567; x_wconf 89' lang='lat' dir='ltr'>nisi</span> <span class='ocrx_word' id='word_1_55' title='bbox 1139 1523 1256 1582; x_wconf 89' lang='lat' dir='ltr'>per</span> <span class='ocrx_word' id='word_1_56' title='bbox 1307 1502 1555 1582; x_wconf 78' lang='lat' dir='ltr'>aliquid</span> <span class='ocrx_word' id='word_1_57' title='bbox 1613 1499 1952 1580; x_wconf 89' lang='lat' dir='ltr'>proprium</span> 
     </span>
     <span class='ocr_line' id='line_1_11' title="bbox 399 1617 1946 1701; baseline -0.007 -16"><span class='ocrx_word' id='word_1_58' title='bbox 399 1630 720 1701; x_wconf 86' lang='lat' dir='ltr'>operetur</span> <span class='ocrx_word' id='word_1_59' title='bbox 777 1621 860 1683; x_wconf 88' lang='lat' dir='ltr'>ad</span> <span class='ocrx_word' id='word_1_60' title='bbox 919 1623 1229 1683; x_wconf 77' lang='lat' dir='ltr'>effectum</span> <span class='ocrx_word' id='word_1_61' title='bbox 1290 1636 1501 1682; x_wconf 78' lang='lat' dir='ltr'>causae</span> <span class='ocrx_word' id='word_1_62' title='bbox 1550 1617 1946 1696; x_wconf 87' lang='lat' dir='ltr'>principalis,</span> 
     </span>
     <span class='ocr_line' id='line_1_12' title="bbox 400 1738 1955 1818; baseline -0.006 -17"><span class='ocrx_word' id='word_1_63' title='bbox 400 1743 554 1818; x_wconf 83' lang='lat' dir='ltr'>quia</span> <span class='ocrx_word' id='word_1_64' title='bbox 620 1741 776 1801; x_wconf 84' lang='lat' dir='ltr'>alias</span> <span class='ocrx_word' id='word_1_65' title='bbox 868 1738 1104 1800; x_wconf 88' lang='lat' dir='ltr'>frustra</span> <span class='ocrx_word' id='word_1_66' title='bbox 1185 1740 1658 1809; x_wconf 80' lang='lat' dir='ltr'>assumeretur,</span> <span class='ocrx_word' id='word_1_67' title='bbox 1733 1747 1955 1809; x_wconf 89' lang='lat' dir='ltr'>neque</span> 
     </span>
     <span class='ocr_line' id='line_1_13' title="bbox 405 1854 1956 1918; baseline -0.006 -1"><span class='ocrx_word' id='word_1_68' title='bbox 405 1863 631 1918; x_wconf 81' lang='lat' dir='ltr'>essent</span> <span class='ocrx_word' id='word_1_69' title='bbox 662 1858 1088 1918; x_wconf 84' lang='lat' dir='ltr'>instrumenta</span> <span class='ocrx_word' id='word_1_70' title='bbox 1137 1854 1571 1918; x_wconf 88' lang='lat' dir='ltr'>determinata</span> <span class='ocrx_word' id='word_1_71' title='bbox 1621 1865 1956 1911; x_wconf 87' lang='lat' dir='ltr'>assumen-</span> 
     </span>
     <span class='ocr_line' id='line_1_14' title="bbox 410 1963 1959 2042; baseline -0.008 -8"><span class='ocrx_word' id='word_1_72' title='bbox 410 1973 493 2034; x_wconf 88' lang='lat' dir='ltr'>da</span> <span class='ocrx_word' id='word_1_73' title='bbox 525 1972 609 2033; x_wconf 86' lang='lat' dir='ltr'>ad</span> <span class='ocrx_word' id='word_1_74' title='bbox 659 1972 1128 2034; x_wconf 76' lang='lat' dir='ltr'>determinatas</span> <span class='ocrx_word' id='word_1_75' title='bbox 1178 1969 1498 2041; x_wconf 79' lang='lat' dir='ltr'>actiones,</span> <span class='ocrx_word' id='word_1_76' title='bbox 1552 1984 1700 2028; x_wconf 88' lang='lat' dir='ltr'>cum</span> <span class='ocrx_word' id='word_1_77' title='bbox 1753 1963 1959 2042; x_wconf 87' lang='lat' dir='ltr'>quod·</span> 
     </span>
     <span class='ocr_line' id='line_1_15' title="bbox 407 2083 1960 2162; baseline -0.007 -13"><span class='ocrx_word' id='word_1_78' title='bbox 407 2090 571 2149; x_wconf 88' lang='lat' dir='ltr'>libet</span> <span class='ocrx_word' id='word_1_79' title='bbox 627 2087 1081 2151; x_wconf 81' lang='lat' dir='ltr'>indifferenter</span> <span class='ocrx_word' id='word_1_80' title='bbox 1126 2087 1362 2149; x_wconf 86' lang='lat' dir='ltr'>assumi</span> <span class='ocrx_word' id='word_1_81' title='bbox 1421 2090 1667 2162; x_wconf 90' lang='lat' dir='ltr'>posset.</span> <span class='ocrx_word' id='word_1_82' title='bbox 1727 2083 1960 2142; x_wconf 84' lang='lat' dir='ltr'>Exem-</span> 
     </span>
     <span class='ocr_line' id='line_1_16' title="bbox 416 2203 1961 2285; baseline -0.006 -20"><span class='ocrx_word' id='word_1_83' title='bbox 416 2206 621 2285; x_wconf 87' lang='lat' dir='ltr'>plum,</span> <span class='ocrx_word' id='word_1_84' title='bbox 657 2206 905 2268; x_wconf 83' lang='lat' dir='ltr'>securis</span> <span class='ocrx_word' id='word_1_85' title='bbox 945 2205 1295 2267; x_wconf 85' lang='lat' dir='ltr'>assumitur</span> <span class='ocrx_word' id='word_1_86' title='bbox 1337 2210 1410 2263; x_wconf 91' lang='lat' dir='ltr'>ut</span> <span class='ocrx_word' id='word_1_87' title='bbox 1457 2203 1961 2262; x_wconf 80' lang='lat' dir='ltr'>instrumentum</span> 
     </span>
     <span class='ocr_line' id='line_1_17' title="bbox 418 2315 1969 2401; baseline -0.007 -18"><span class='ocrx_word' id='word_1_88' title='bbox 418 2322 769 2385; x_wconf 88' lang='lat' dir='ltr'>scindendi</span> <span class='ocrx_word' id='word_1_89' title='bbox 814 2324 1015 2401; x_wconf 85' lang='lat' dir='ltr'>ligna,</span> <span class='ocrx_word' id='word_1_90' title='bbox 1050 2336 1199 2400; x_wconf 85' lang='lat' dir='ltr'>quae</span> <span class='ocrx_word' id='word_1_91' title='bbox 1238 2326 1337 2381; x_wconf 87' lang='lat' dir='ltr'>est</span> <span class='ocrx_word' id='word_1_92' title='bbox 1370 2317 1702 2395; x_wconf 78' lang='lat' dir='ltr'>dispositio</span> <span class='ocrx_word' id='word_1_93' title='bbox 1736 2315 1969 2375; x_wconf 85' lang='lat' dir='ltr'>imme-</span> 
     </span>
     <span class='ocr_line' id='line_1_18' title="bbox 419 2426 1969 2512; baseline -0.008 -14"><span class='ocrx_word' id='word_1_94' title='bbox 419 2439 593 2500; x_wconf 84' lang='lat' dir='ltr'>diata</span> <span class='ocrx_word' id='word_1_95' title='bbox 653 2437 737 2498; x_wconf 90' lang='lat' dir='ltr'>ad</span> <span class='ocrx_word' id='word_1_96' title='bbox 784 2435 1058 2499; x_wconf 86' lang='lat' dir='ltr'>formam</span> <span class='ocrx_word' id='word_1_97' title='bbox 1126 2434 1375 2496; x_wconf 84' lang='lat' dir='ltr'>scamni</span> <span class='ocrx_word' id='word_1_98' title='bbox 1435 2450 1627 2512; x_wconf 89' lang='lat' dir='ltr'>quam</span> <span class='ocrx_word' id='word_1_99' title='bbox 1689 2426 1969 2491; x_wconf 86' lang='lat' dir='ltr'>intendit</span> 
     </span>
     <span class='ocr_line' id='line_1_19' title="bbox 416 2541 1970 2633; baseline -0.008 -19"><span class='ocrx_word' id='word_1_100' title='bbox 416 2555 781 2633; x_wconf 85' lang='lat' dir='ltr'>principale</span> <span class='ocrx_word' id='word_1_101' title='bbox 855 2570 1085 2632; x_wconf 82' lang='lat' dir='ltr'>agenS,</span> <span class='ocrx_word' id='word_1_102' title='bbox 1166 2568 1411 2629; x_wconf 88' lang='lat' dir='ltr'>nempe</span> <span class='ocrx_word' id='word_1_103' title='bbox 1497 2547 1751 2617; x_wconf 82' lang='lat' dir='ltr'>artifex,</span> <span class='ocrx_word' id='word_1_104' title='bbox 1845 2541 1970 2605; x_wconf 90' lang='lat' dir='ltr'>sed</span> 
     </span>
     <span class='ocr_line' id='line_1_20' title="bbox 421 2664 1970 2745; baseline -0.006 -14"><span class='ocrx_word' id='word_1_105' title='bbox 421 2672 668 2734; x_wconf 85' lang='lat' dir='ltr'>creatio</span> <span class='ocrx_word' id='word_1_106' title='bbox 714 2686 847 2731; x_wconf 92' lang='lat' dir='ltr'>non</span> <span class='ocrx_word' id='word_1_107' title='bbox 908 2674 1008 2731; x_wconf 88' lang='lat' dir='ltr'>est</span> <span class='ocrx_word' id='word_1_108' title='bbox 1065 2685 1147 2730; x_wconf 83' lang='lat' dir='ltr'>ex</span> <span class='ocrx_word' id='word_1_109' title='bbox 1198 2668 1419 2745; x_wconf 90' lang='lat' dir='ltr'>aliquo</span> <span class='ocrx_word' id='word_1_110' title='bbox 1468 2664 1970 2743; x_wconf 76' lang='lat' dir='ltr'>praesupposito,</span> 
     </span>
     <span class='ocr_line' id='line_1_21' title="bbox 422 2778 1970 2865; baseline -0.007 -17"><span class='ocrx_word' id='word_1_111' title='bbox 422 2785 603 2865; x_wconf 85' lang='lat' dir='ltr'>quod</span> <span class='ocrx_word' id='word_1_112' title='bbox 661 2790 889 2863; x_wconf 86' lang='lat' dir='ltr'>posset</span> <span class='ocrx_word' id='word_1_113' title='bbox 962 2782 1244 2860; x_wconf 89' lang='lat' dir='ltr'>disponi,</span> <span class='ocrx_word' id='word_1_114' title='bbox 1325 2798 1475 2842; x_wconf 88' lang='lat' dir='ltr'>cum</span> <span class='ocrx_word' id='word_1_115' title='bbox 1536 2781 1615 2840; x_wconf 90' lang='lat' dir='ltr'>sit</span> <span class='ocrx_word' id='word_1_116' title='bbox 1676 2778 1759 2839; x_wconf 89' lang='lat' dir='ltr'>ad</span> <span class='ocrx_word' id='word_1_117' title='bbox 1822 2793 1970 2837; x_wconf 85' lang='lat' dir='ltr'>esse</span> 
     </span>
     <span class='ocr_line' id='line_1_22' title="bbox 422 2893 1974 2979; baseline -0.007 -14"><span class='ocrx_word' id='word_1_118' title='bbox 422 2903 751 2975; x_wconf 87' lang='lat' dir='ltr'>absolute,</span> <span class='ocrx_word' id='word_1_119' title='bbox 795 2901 973 2979; x_wconf 89' lang='lat' dir='ltr'>quod</span> <span class='ocrx_word' id='word_1_120' title='bbox 1026 2904 1127 2960; x_wconf 88' lang='lat' dir='ltr'>est</span> <span class='ocrx_word' id='word_1_121' title='bbox 1174 2899 1452 2959; x_wconf 80' lang='lat' dir='ltr'>effectus</span> <span class='ocrx_word' id='word_1_122' title='bbox 1506 2898 1808 2975; x_wconf 86' lang='lat' dir='ltr'>proprius</span> <span class='ocrx_word' id='word_1_123' title='bbox 1857 2893 1974 2954; x_wconf 90' lang='lat' dir='ltr'>Dei</span> 
     </span>
     <span class='ocr_line' id='line_1_23' title="bbox 427 3011 1970 3095; baseline -0.009 -13"><span class='ocrx_word' id='word_1_124' title='bbox 427 3023 736 3091; x_wconf 61' lang='lat' dir='ltr'>creantis»,</span> <span class='ocrx_word' id='word_1_125' title='bbox 799 3024 864 3079; x_wconf 90' lang='lat' dir='ltr'>et</span> <span class='ocrx_word' id='word_1_126' title='bbox 912 3018 1182 3095; x_wconf 87' lang='lat' dir='ltr'>reliquis</span> <span class='ocrx_word' id='word_1_127' title='bbox 1248 3017 1812 3092; x_wconf 81' lang='lat' dir='ltr'>praesupponitur;</span> <span class='ocrx_word' id='word_1_128' title='bbox 1888 3011 1970 3069; x_wconf 88' lang='lat' dir='ltr'>ita</span> 
     </span>
     <span class='ocr_line' id='line_1_24' title="bbox 426 3132 1977 3207; baseline -0.01 -7"><span class='ocrx_word' id='word_1_129' title='bbox 426 3138 666 3200; x_wconf 87' lang='lat' dir='ltr'>format</span> <span class='ocrx_word' id='word_1_130' title='bbox 714 3138 958 3198; x_wconf 90' lang='lat' dir='ltr'>Doctor</span> <span class='ocrx_word' id='word_1_131' title='bbox 998 3137 1320 3197; x_wconf 86' lang='lat' dir='ltr'>rationem</span> <span class='ocrx_word' id='word_1_132' title='bbox 1355 3134 1430 3194; x_wconf 91' lang='lat' dir='ltr'>D.</span> <span class='ocrx_word' id='word_1_133' title='bbox 1462 3132 1746 3202; x_wconf 79' lang='lat' dir='ltr'>Thomae,</span> <span class='ocrx_word' id='word_1_134' title='bbox 1783 3143 1977 3207; x_wconf 89' lang='lat' dir='ltr'>quam</span> 
     </span>
     <span class='ocr_line' id='line_1_25' title="bbox 430 3249 1982 3331; baseline -0.009 -14"><span class='ocrx_word' id='word_1_135' title='bbox 430 3255 742 3317; x_wconf 87' lang='lat' dir='ltr'>claritatis</span> <span class='ocrx_word' id='word_1_136' title='bbox 785 3255 995 3331; x_wconf 81' lang='lat' dir='ltr'>gratia</span> <span class='ocrx_word' id='word_1_137' title='bbox 1039 3252 1389 3328; x_wconf 86' lang='lat' dir='ltr'>resumpsi,</span> <span class='ocrx_word' id='word_1_138' title='bbox 1444 3255 1514 3309; x_wconf 87' lang='lat' dir='ltr'>ut</span> <span class='ocrx_word' id='word_1_139' title='bbox 1571 3249 1982 3308; x_wconf 88' lang='lat' dir='ltr'>examinetur</span> 
     </span>
     <span class='ocr_line' id='line_1_26' title="bbox 427 3359 1983 3446; baseline -0.006 -17"><span class='ocrx_word' id='word_1_140' title='bbox 427 3374 792 3446; x_wconf 83' lang='lat' dir='ltr'>antequam</span> <span class='ocrx_word' id='word_1_141' title='bbox 853 3363 938 3426; x_wconf 93' lang='lat' dir='ltr'>ad</span> <span class='ocrx_word' id='word_1_142' title='bbox 996 3366 1155 3427; x_wconf 88' lang='lat' dir='ltr'>alias</span> <span class='ocrx_word' id='word_1_143' title='bbox 1214 3366 1505 3426; x_wconf 89' lang='lat' dir='ltr'>rationes</span> <span class='ocrx_word' id='word_1_144' title='bbox 1574 3378 1693 3423; x_wconf 89' lang='lat' dir='ltr'>suo</span> <span class='ocrx_word' id='word_1_145' title='bbox 1753 3359 1983 3423; x_wconf 84' lang='lat' dir='ltr'>ordine</span> 
     </span>
     <span class='ocr_line' id='line_1_27' title="bbox 433 3485 825 3548; baseline -0.008 -2"><span class='ocrx_word' id='word_1_146' title='bbox 433 3485 825 3548; x_wconf 82' lang='lat' dir='ltr'>deveniatur</span> 
     </span>
    </p>
   </div>
   <div class='ocr_carea' id='block_1_3' title="bbox 1014 3729 1416 3785">
    <p class='ocr_par' dir='ltr' id='par_1_4' title="bbox 1014 3729 1416 3785">
     <span class='ocr_line' id='line_1_28' title="bbox 1014 3729 1416 3785; baseline -0.007 0"><span class='ocrx_word' id='word_1_147' title='bbox 1014 3729 1416 3785; x_wconf 85' lang='lat' dir='ltr'>SCHOLIUM.</span> 
     </span>
    </p>
   </div>
   <div class='ocr_carea' id='block_1_4' title="bbox 445 3976 2011 4841">
    <p class='ocr_par' dir='ltr' id='par_1_5' title="bbox 445 3976 2011 4841">
     <span class='ocr_line' id='line_1_29' title="bbox 513 3976 1991 4053; baseline -0.01 -9"><span class='ocrx_word' id='word_1_148' title='bbox 513 3984 766 4044; x_wconf 80' lang='lat' dir='ltr'>Resutat</span> <span class='ocrx_word' id='word_1_149' title='bbox 851 3982 1118 4053; x_wconf 85' lang='lat' dir='ltr'>primam</span> <span class='ocrx_word' id='word_1_150' title='bbox 1193 3979 1502 4035; x_wconf 84' lang='lat' dir='ltr'>rationem</span> <span class='ocrx_word' id='word_1_151' title='bbox 1581 3978 1644 4031; x_wconf 90' lang='lat' dir='ltr'>D.</span> <span class='ocrx_word' id='word_1_152' title='bbox 1722 3976 1991 4043; x_wconf 78' lang='lat' dir='ltr'>Thomae,</span> 
     </span>
     <span class='ocr_line' id='line_1_30' title="bbox 446 4074 1998 4148; baseline -0.007 -8"><span class='ocrx_word' id='word_1_153' title='bbox 446 4083 864 4140; x_wconf 86' lang='lat' dir='ltr'>continentem</span> <span class='ocrx_word' id='word_1_154' title='bbox 908 4080 1017 4134; x_wconf 84' lang='lat' dir='ltr'>has</span> <span class='ocrx_word' id='word_1_155' title='bbox 1066 4078 1219 4134; x_wconf 86' lang='lat' dir='ltr'>duas</span> <span class='ocrx_word' id='word_1_156' title='bbox 1252 4077 1718 4148; x_wconf 62' lang='lat' dir='ltr'>propositionem,</span> <span class='ocrx_word' id='word_1_157' title='bbox 1753 4074 1998 4131; x_wconf 84' lang='lat' dir='ltr'>scilicet</span> 
     </span>
     <span class='ocr_line' id='line_1_31' title="bbox 445 4173 2003 4249; baseline -0.006 -12"><span class='ocrx_word' id='word_1_158' title='bbox 445 4197 568 4237; x_wconf 75' lang='lat' dir='ltr'>esse</span> <span class='ocrx_word' id='word_1_159' title='bbox 590 4178 965 4249; x_wconf 81' lang='lat' dir='ltr'>simpliciter</span> <span class='ocrx_word' id='word_1_160' title='bbox 994 4191 1130 4232; x_wconf 65' lang='lat' dir='ltr'>esse</span> <span class='ocrx_word' id='word_1_161' title='bbox 1162 4191 1193 4230; x_wconf 90' lang='lat' dir='ltr'>a</span> <span class='ocrx_word' id='word_1_162' title='bbox 1220 4178 1359 4241; x_wconf 84' lang='lat' dir='ltr'>Dec,</span> <span class='ocrx_word' id='word_1_163' title='bbox 1419 4177 1478 4230; x_wconf 89' lang='lat' dir='ltr'>et</span> <span class='ocrx_word' id='word_1_164' title='bbox 1508 4174 1619 4229; x_wconf 89' lang='lat' dir='ltr'>hoc</span> <span class='ocrx_word' id='word_1_165' title='bbox 1642 4173 1848 4244; x_wconf 72' lang='lat' dir='ltr'>ipsum</span> <span class='ocrx_word' id='word_1_166' title='bbox 1882 4186 2003 4228; x_wconf 77' lang='lat' dir='ltr'>esse</span> 
     </span>
     <span class='ocr_line' id='line_1_32' title="bbox 447 4271 2001 4336; baseline -0.007 -1"><span class='ocrx_word' id='word_1_167' title='bbox 447 4280 793 4336; x_wconf 85' lang='lat' dir='ltr'>terminare</span> <span class='ocrx_word' id='word_1_168' title='bbox 824 4276 1221 4331; x_wconf 88' lang='lat' dir='ltr'>creationem.</span> <span class='ocrx_word' id='word_1_169' title='bbox 1259 4273 1508 4331; x_wconf 78' lang='lat' dir='ltr'>Retutat</span> <span class='ocrx_word' id='word_1_170' title='bbox 1539 4273 1725 4327; x_wconf 88' lang='lat' dir='ltr'>etiam</span> <span class='ocrx_word' id='word_1_171' title='bbox 1776 4271 2001 4326; x_wconf 86' lang='lat' dir='ltr'>claris-</span> 
     </span>
     <span class='ocr_line' id='line_1_33' title="bbox 449 4370 2000 4446; baseline -0.007 -12"><span class='ocrx_word' id='word_1_172' title='bbox 449 4380 607 4434; x_wconf 80' lang='lat' dir='ltr'>sime</span> <span class='ocrx_word' id='word_1_173' title='bbox 667 4375 1085 4446; x_wconf 76' lang='lat' dir='ltr'>probationeS,</span> <span class='ocrx_word' id='word_1_174' title='bbox 1144 4372 1375 4444; x_wconf 87' lang='lat' dir='ltr'>quibus</span> <span class='ocrx_word' id='word_1_175' title='bbox 1436 4373 1498 4426; x_wconf 87' lang='lat' dir='ltr'>D.</span> <span class='ocrx_word' id='word_1_176' title='bbox 1560 4370 1771 4426; x_wconf 89' lang='lat' dir='ltr'>Thom.</span> <span class='ocrx_word' id='word_1_177' title='bbox 1826 4383 2000 4424; x_wconf 79' lang='lat' dir='ltr'>suam</span> 
     </span>
     <span class='ocr_line' id='line_1_34' title="bbox 453 4466 2006 4539; baseline -0.006 -9"><span class='ocrx_word' id='word_1_178' title='bbox 453 4479 757 4530; x_wconf 85' lang='lat' dir='ltr'>rationem</span> <span class='ocrx_word' id='word_1_179' title='bbox 818 4473 1163 4536; x_wconf 82' lang='lat' dir='ltr'>confirmat,</span> <span class='ocrx_word' id='word_1_180' title='bbox 1226 4472 1283 4524; x_wconf 87' lang='lat' dir='ltr'>et</span> <span class='ocrx_word' id='word_1_181' title='bbox 1342 4469 1612 4539; x_wconf 80' lang='lat' dir='ltr'>explicat</span> <span class='ocrx_word' id='word_1_182' title='bbox 1684 4466 1835 4538; x_wconf 87' lang='lat' dir='ltr'>quid</span> <span class='ocrx_word' id='word_1_183' title='bbox 1901 4481 2006 4521; x_wconf 85' lang='lat' dir='ltr'>re-</span> 
     </span>
     <span class='ocr_line' id='line_1_35' title="bbox 452 4566 2007 4646; baseline -0.006 -17"><span class='ocrx_word' id='word_1_184' title='bbox 452 4577 748 4646; x_wconf 85' lang='lat' dir='ltr'>quiratur</span> <span class='ocrx_word' id='word_1_185' title='bbox 793 4571 871 4626; x_wconf 88' lang='lat' dir='ltr'>ad</span> <span class='ocrx_word' id='word_1_186' title='bbox 920 4570 1229 4626; x_wconf 87' lang='lat' dir='ltr'>rationem</span> <span class='ocrx_word' id='word_1_187' title='bbox 1281 4569 1710 4632; x_wconf 75' lang='lat' dir='ltr'>instrumenti,</span> <span class='ocrx_word' id='word_1_188' title='bbox 1761 4566 1838 4621; x_wconf 88' lang='lat' dir='ltr'>de</span> <span class='ocrx_word' id='word_1_189' title='bbox 1889 4580 2007 4635; x_wconf 79' lang='lat' dir='ltr'>quo</span> 
     </span>
     <span class='ocr_line' id='line_1_36' title="bbox 453 4662 2011 4743; baseline -0.006 -15"><span class='ocrx_word' id='word_1_190' title='bbox 453 4675 585 4742; x_wconf 79' lang='lat' dir='ltr'>agit</span> <span class='ocrx_word' id='word_1_191' title='bbox 624 4688 683 4743; x_wconf 86' lang='lat' dir='ltr'>q.</span> <span class='ocrx_word' id='word_1_192' title='bbox 718 4672 770 4726; x_wconf 81' lang='lat'>4.</span> <span class='ocrx_word' id='word_1_193' title='bbox 806 4674 866 4727; x_wconf 81' lang='lat' dir='ltr'>et</span> <span class='ocrx_word' id='word_1_194' title='bbox 895 4668 953 4724; x_wconf 87' lang='lat' dir='ltr'>d.</span> <span class='ocrx_word' id='word_1_195' title='bbox 992 4670 1079 4724; x_wconf 83' lang='lat'>18.</span> <span class='ocrx_word' id='word_1_196' title='bbox 1141 4683 1198 4737; x_wconf 86' lang='lat' dir='ltr'>q.</span> <span class='ocrx_word' id='word_1_197' title='bbox 1252 4668 1299 4721; x_wconf 88' lang='lat'>1.</span> <span class='ocrx_word' id='word_1_198' title='bbox 1334 4665 1392 4721; x_wconf 87' lang='lat' dir='ltr'>d.</span> <span class='ocrx_word' id='word_1_199' title='bbox 1441 4667 1491 4720; x_wconf 90' lang='grc'>6.</span> <span class='ocrx_word' id='word_1_200' title='bbox 1530 4680 1587 4735; x_wconf 90' lang='lat' dir='ltr'>q.</span> <span class='ocrx_word' id='word_1_201' title='bbox 1620 4665 1673 4720; x_wconf 88' lang='lat'>5.</span> <span class='ocrx_word' id='word_1_202' title='bbox 1724 4667 1783 4720; x_wconf 87' lang='lat' dir='ltr'>et</span> <span class='ocrx_word' id='word_1_203' title='bbox 1829 4662 1888 4719; x_wconf 87' lang='lat' dir='ltr'>d.</span> <span class='ocrx_word' id='word_1_204' title='bbox 1928 4663 2011 4728; x_wconf 85' lang='grc'>13,</span> 
     </span>
     <span class='ocr_line' id='line_1_37' title="bbox 454 4768 799 4841; baseline -0.006 -15"><span class='ocrx_word' id='word_1_205' title='bbox 454 4786 512 4841; x_wconf 86' lang='lat' dir='ltr'>q.</span> <span class='ocrx_word' id='word_1_206' title='bbox 553 4771 601 4825; x_wconf 87' lang='lat' dir='ltr'>t.</span> <span class='ocrx_word' id='word_1_207' title='bbox 635 4768 712 4825; x_wconf 88' lang='lat' dir='ltr'>ad</span> <span class='ocrx_word' id='word_1_208' title='bbox 743 4771 799 4824; x_wconf 84' lang='lat'>5.</span> 
     </span>
    </p>
   </div>
   <div class='ocr_carea' id='block_1_5' title="bbox 3542 408 3612 468">
    <p class='ocr_par' dir='ltr' id='par_1_6' title="bbox 3542 408 3612 468">
     <span class='ocr_line' id='line_1_38' title="bbox 3542 408 3612 468; baseline 0.014 -1"><span class='ocrx_word' id='word_1_209' title='bbox 3542 408 3612 468; x_wconf 87' lang='grc'>17</span> 
     </span>
    </p>
   </div>
   <div class='ocr_carea' id='block_1_6' title="bbox 2047 568 3606 1478">
    <p class='ocr_par' dir='ltr' id='par_1_7' title="bbox 2047 568 3606 1478">
     <span class='ocr_line' id='line_1_39' title="bbox 2047 568 3595 642; baseline -0.002 0"><span class='ocrx_word' id='word_1_210' title='bbox 2047 592 2197 642; x_wconf 89' lang='lat' dir='ltr'>nus</span> <span class='ocrx_word' id='word_1_211' title='bbox 2320 569 2788 642; x_wconf 82' lang='lat' dir='ltr'>creationis.</span> <span class='ocrx_word' id='word_1_212' title='bbox 2893 568 3171 641; x_wconf 88' lang='lat' dir='ltr'>Prima</span> <span class='ocrx_word' id='word_1_213' title='bbox 3273 570 3595 642; x_wconf 84' lang='lat' dir='ltr'>videtur</span> 
     </span>
     <span class='ocr_line' id='line_1_40' title="bbox 2050 684 3604 778; baseline 0.001 -21"><span class='ocrx_word' id='word_1_214' title='bbox 2050 707 2227 758; x_wconf 87' lang='lat' dir='ltr'>esse</span> <span class='ocrx_word' id='word_1_215' title='bbox 2286 684 2520 768; x_wconf 86' lang='lat' dir='ltr'>falsa,</span> <span class='ocrx_word' id='word_1_216' title='bbox 2585 685 2774 776; x_wconf 85' lang='lat' dir='ltr'>quia</span> <span class='ocrx_word' id='word_1_217' title='bbox 2831 706 2877 758; x_wconf 86' lang='lat' dir='ltr'>a</span> <span class='ocrx_word' id='word_1_218' title='bbox 2930 706 3439 778; x_wconf 87' lang='lat' dir='ltr'>quocumque</span> <span class='ocrx_word' id='word_1_219' title='bbox 3501 686 3604 759; x_wconf 80' lang='lat' dir='ltr'>ef-</span> 
     </span>
     <span class='ocr_line' id='line_1_41' title="bbox 2052 802 3598 896; baseline 0.001 -22"><span class='ocrx_word' id='word_1_220' title='bbox 2052 803 2370 877; x_wconf 82' lang='lat' dir='ltr'>ficiente</span> <span class='ocrx_word' id='word_1_221' title='bbox 2472 806 2916 894; x_wconf 82' lang='lat' dir='ltr'>generatur</span> <span class='ocrx_word' id='word_1_222' title='bbox 3025 802 3598 896; x_wconf 90' lang='lat' dir='ltr'>compositum,</span> 
     </span>
     <span class='ocr_line' id='line_1_42' title="bbox 2055 919 3604 993; baseline 0 -2"><span class='ocrx_word' id='word_1_223' title='bbox 2055 920 2153 991; x_wconf 86' lang='lat' dir='ltr'>ab</span> <span class='ocrx_word' id='word_1_224' title='bbox 2210 920 2486 991; x_wconf 90' lang='lat' dir='ltr'>eodem</span> <span class='ocrx_word' id='word_1_225' title='bbox 2529 919 2904 993; x_wconf 81' lang='lat' dir='ltr'>effective</span> <span class='ocrx_word' id='word_1_226' title='bbox 2962 924 3087 992; x_wconf 89' lang='lat' dir='ltr'>est</span> <span class='ocrx_word' id='word_1_227' title='bbox 3155 940 3332 992; x_wconf 89' lang='lat' dir='ltr'>esse</span> <span class='ocrx_word' id='word_1_228' title='bbox 3393 939 3604 992; x_wconf 92' lang='lat' dir='ltr'>com-</span> 
     </span>
     <span class='ocr_line' id='line_1_43' title="bbox 2064 1034 3603 1127; baseline 0 -21"><span class='ocrx_word' id='word_1_229' title='bbox 2064 1035 2359 1126; x_wconf 87' lang='lat' dir='ltr'>positi;</span> <span class='ocrx_word' id='word_1_230' title='bbox 2435 1037 2568 1108; x_wconf 89' lang='lat' dir='ltr'>sed</span> <span class='ocrx_word' id='word_1_231' title='bbox 2655 1036 2976 1127; x_wconf 81' lang='lat' dir='ltr'>aliquod</span> <span class='ocrx_word' id='word_1_232' title='bbox 3055 1034 3603 1127; x_wconf 88' lang='lat' dir='ltr'>compositum</span> 
     </span>
     <span class='ocr_line' id='line_1_44' title="bbox 2059 1150 3602 1243; baseline 0.001 -22"><span class='ocrx_word' id='word_1_233' title='bbox 2059 1155 2506 1239; x_wconf 74' lang='lat' dir='ltr'>generatur</span> <span class='ocrx_word' id='word_1_234' title='bbox 2562 1172 2608 1222; x_wconf 93' lang='lat' dir='ltr'>a</span> <span class='ocrx_word' id='word_1_235' title='bbox 2657 1172 2906 1225; x_wconf 85' lang='lat' dir='ltr'>causa</span> <span class='ocrx_word' id='word_1_236' title='bbox 2957 1150 3232 1243; x_wconf 88' lang='lat' dir='ltr'>aliqua</span> <span class='ocrx_word' id='word_1_237' title='bbox 3292 1154 3602 1232; x_wconf 83' lang='lat' dir='ltr'>creata,</span> 
     </span>
     <span class='ocr_line' id='line_1_45' title="bbox 2063 1267 3606 1343; baseline 0.001 -7"><span class='ocrx_word' id='word_1_238' title='bbox 2063 1267 2218 1339; x_wconf 88' lang='lat' dir='ltr'>nisi</span> <span class='ocrx_word' id='word_1_239' title='bbox 2267 1270 2609 1343; x_wconf 87' lang='lat' dir='ltr'>tollatur</span> <span class='ocrx_word' id='word_1_240' title='bbox 2680 1269 2940 1341; x_wconf 89' lang='lat' dir='ltr'>omnis</span> <span class='ocrx_word' id='word_1_241' title='bbox 3002 1268 3217 1342; x_wconf 86' lang='lat' dir='ltr'>actio</span> <span class='ocrx_word' id='word_1_242' title='bbox 3290 1270 3606 1341; x_wconf 86' lang='lat' dir='ltr'>creatu-</span> 
     </span>
     <span class='ocr_line' id='line_1_46' title="bbox 2066 1386 3603 1478; baseline 0.001 -23"><span class='ocrx_word' id='word_1_243' title='bbox 2066 1407 2176 1455; x_wconf 76' lang='lat' dir='ltr'>rae</span> <span class='ocrx_word' id='word_1_244' title='bbox 2216 1413 2229 1467; x_wconf 91' lang='lat'>;</span> <span class='ocrx_word' id='word_1_245' title='bbox 2275 1407 2498 1478; x_wconf 81' lang='lat' dir='ltr'>ergo,</span> <span class='ocrx_word' id='word_1_246' title='bbox 2562 1392 2717 1462; x_wconf 89' lang='lat' dir='ltr'>etc.</span> <span class='ocrx_word' id='word_1_247' title='bbox 2787 1387 3169 1459; x_wconf 83' lang='lat' dir='ltr'>Probatio</span> <span class='ocrx_word' id='word_1_248' title='bbox 3236 1386 3603 1477; x_wconf 85' lang='lat' dir='ltr'>majoris,</span> 
     </span>
    </p>
   </div>
   <div class='ocr_carea' id='block_1_7' title="bbox 3686 1456 3910 1507">
    <p class='ocr_par' dir='ltr' id='par_1_8' title="bbox 3686 1456 3910 1507">
     <span class='ocr_line' id='line_1_47' title="bbox 3686 1456 3910 1507; baseline -0.004 -1"><span class='ocrx_word' id='word_1_249' title='bbox 3686 1456 3736 1507; x_wconf 91' lang='lat'>1.</span> <span class='ocrx_word' id='word_1_250' title='bbox 3778 1460 3830 1505; x_wconf 81' lang='lat' dir='ltr'>et</span> <span class='ocrx_word' id='word_1_251' title='bbox 3856 1457 3910 1506; x_wconf 88' lang='lat'>5.</span> 
     </span>
    </p>
   </div>
   <div class='ocr_carea' id='block_1_8' title="bbox 2070 1502 3964 1594">
    <p class='ocr_par' dir='ltr' id='par_1_9' title="bbox 2070 1502 3964 1594">
     <span class='ocr_line' id='line_1_48' title="bbox 2070 1502 3964 1594; baseline -0.005 -20"><span class='ocrx_word' id='word_1_252' title='bbox 2070 1507 2238 1575; x_wconf 81' lang='lat' dir='ltr'>tum</span> <span class='ocrx_word' id='word_1_253' title='bbox 2277 1502 2488 1593; x_wconf 81' lang='lat' dir='ltr'>quia,</span> <span class='ocrx_word' id='word_1_254' title='bbox 2527 1504 2960 1575; x_wconf 82' lang='lat' dir='ltr'>secundum</span> <span class='ocrx_word' id='word_1_255' title='bbox 2997 1502 3603 1594; x_wconf 84' lang='lat' dir='ltr'>Philosophum,</span> <span class='ocrx_word' id='word_1_256' title='bbox 3639 1518 3850 1584; x_wconf 73' lang='lat' dir='ltr'>physic.</span> <span class='ocrx_word' id='word_1_257' title='bbox 3911 1521 3964 1566; x_wconf 71' lang='lat' dir='ltr'>et</span> 
     </span>
    </p>
   </div>
   <div class='ocr_carea' id='block_1_9' title="bbox 3643 1579 3961 1634">
    <p class='ocr_par' dir='ltr' id='par_1_10' title="bbox 3643 1579 3961 1634">
     <span class='ocr_line' id='line_1_49' title="bbox 3643 1579 3961 1634; baseline -0.022 1"><span class='ocrx_word' id='word_1_258' title='bbox 3643 1584 3693 1634; x_wconf 92' lang='lat'>1.</span> <span class='ocrx_word' id='word_1_259' title='bbox 3729 1581 3792 1630; x_wconf 82' lang='lat' dir='ltr'>de</span> <span class='ocrx_word' id='word_1_260' title='bbox 3831 1579 3961 1630; x_wconf 81' lang='lat' dir='ltr'>Gen.</span> 
     </span>
    </p>
   </div>
   <div class='ocr_carea' id='block_1_10' title="bbox 2067 1620 3951 1709">
    <p class='ocr_par' dir='ltr' id='par_1_11' title="bbox 2067 1620 3951 1709">
     <span class='ocr_line' id='line_1_50' title="bbox 2067 1620 3951 1709; baseline -0.002 -20"><span class='ocrx_word' id='word_1_261' title='bbox 2067 1620 2489 1707; x_wconf 73' lang='lat' dir='ltr'>generatio</span> <span class='ocrx_word' id='word_1_262' title='bbox 2561 1624 2685 1692; x_wconf 89' lang='lat' dir='ltr'>est</span> <span class='ocrx_word' id='word_1_263' title='bbox 2760 1620 2856 1692; x_wconf 87' lang='lat' dir='ltr'>ad</span> <span class='ocrx_word' id='word_1_264' title='bbox 2941 1641 3161 1698; x_wconf 84' lang='lat' dir='ltr'>esse;</span> <span class='ocrx_word' id='word_1_265' title='bbox 3228 1624 3397 1691; x_wconf 87' lang='lat' dir='ltr'>tum</span> <span class='ocrx_word' id='word_1_266' title='bbox 3467 1638 3611 1709; x_wconf 84' lang='lat' dir='ltr'>per</span> <span class='ocrx_word' id='word_1_267' title='bbox 3642 1650 3694 1695; x_wconf 55' lang='grc' dir='ltr'>ει</span> <span class='ocrx_word' id='word_1_268' title='bbox 3730 1646 3783 1696; x_wconf 82' lang='lat'>2,</span> <span class='ocrx_word' id='word_1_269' title='bbox 3821 1643 3951 1694; x_wconf 69' lang='lat' dir='ltr'>Met.</span> 
     </span>
    </p>
   </div>
   <div class='ocr_carea' id='block_1_11' title="bbox 2071 1735 3672 4966">
    <p class='ocr_par' dir='ltr' id='par_1_12' title="bbox 2071 1735 3672 4966">
     <span class='ocr_line' id='line_1_51' title="bbox 2071 1735 3611 1827; baseline 0.001 -23"><span class='ocrx_word' id='word_1_270' title='bbox 2071 1735 2500 1818; x_wconf 84' lang='lat' dir='ltr'>rationem,</span> <span class='ocrx_word' id='word_1_271' title='bbox 2569 1736 2757 1827; x_wconf 87' lang='lat' dir='ltr'>quia</span> <span class='ocrx_word' id='word_1_272' title='bbox 2810 1756 2856 1806; x_wconf 89' lang='lat' dir='ltr'>a</span> <span class='ocrx_word' id='word_1_273' title='bbox 2913 1755 3417 1827; x_wconf 91' lang='lat' dir='ltr'>quocumque</span> <span class='ocrx_word' id='word_1_274' title='bbox 3486 1754 3611 1825; x_wconf 81' lang='lat' dir='ltr'>ge-</span> 
     </span>
     <span class='ocr_line' id='line_1_52' title="bbox 2073 1852 3617 1945; baseline 0.003 -25"><span class='ocrx_word' id='word_1_275' title='bbox 2073 1856 2414 1922; x_wconf 83' lang='lat' dir='ltr'>neratur</span> <span class='ocrx_word' id='word_1_276' title='bbox 2455 1852 3024 1945; x_wconf 83' lang='lat' dir='ltr'>compositum.</span> <span class='ocrx_word' id='word_1_277' title='bbox 3081 1873 3224 1945; x_wconf 88' lang='lat' dir='ltr'>per</span> <span class='ocrx_word' id='word_1_278' title='bbox 3268 1853 3441 1943; x_wconf 86' lang='lat' dir='ltr'>ejus</span> <span class='ocrx_word' id='word_1_279' title='bbox 3495 1872 3617 1924; x_wconf 89' lang='lat' dir='ltr'>ac-</span> 
     </span>
     <span class='ocr_line' id='line_1_53' title="bbox 2077 1964 3619 2049; baseline 0.001 -11"><span class='ocrx_word' id='word_1_280' title='bbox 2077 1967 2379 2039; x_wconf 80' lang='lat' dir='ltr'>tionem</span> <span class='ocrx_word' id='word_1_281' title='bbox 2413 1964 2682 2039; x_wconf 85' lang='lat' dir='ltr'>forma.</span> <span class='ocrx_word' id='word_1_282' title='bbox 2732 1973 2856 2041; x_wconf 86' lang='lat' dir='ltr'>est</span> <span class='ocrx_word' id='word_1_283' title='bbox 2902 1967 2977 2038; x_wconf 91' lang='lat' dir='ltr'>in</span> <span class='ocrx_word' id='word_1_284' title='bbox 3016 1967 3409 2049; x_wconf 80' lang='lat' dir='ltr'>materia3</span> <span class='ocrx_word' id='word_1_285' title='bbox 3457 1966 3619 2040; x_wconf 86' lang='lat' dir='ltr'>for-</span> 
     </span>
     <span class='ocr_line' id='line_1_54' title="bbox 2079 2082 3623 2161; baseline 0 -9"><span class='ocrx_word' id='word_1_286' title='bbox 2079 2103 2293 2154; x_wconf 85' lang='lat' dir='ltr'>mam</span> <span class='ocrx_word' id='word_1_287' title='bbox 2351 2087 2623 2154; x_wconf 85' lang='lat' dir='ltr'>autem</span> <span class='ocrx_word' id='word_1_288' title='bbox 2684 2104 2862 2154; x_wconf 87' lang='lat' dir='ltr'>esse</span> <span class='ocrx_word' id='word_1_289' title='bbox 2923 2083 3001 2153; x_wconf 91' lang='lat' dir='ltr'>in</span> <span class='ocrx_word' id='word_1_290' title='bbox 3062 2082 3435 2161; x_wconf 87' lang='lat' dir='ltr'>materia,</span> <span class='ocrx_word' id='word_1_291' title='bbox 3499 2084 3623 2154; x_wconf 88' lang='lat' dir='ltr'>est</span> 
     </span>
     <span class='ocr_line' id='line_1_55' title="bbox 2076 2197 3624 2291; baseline -0.003 -19"><span class='ocrx_word' id='word_1_292' title='bbox 2076 2198 2624 2291; x_wconf 84' lang='lat' dir='ltr'>compositum</span> <span class='ocrx_word' id='word_1_293' title='bbox 2690 2198 2987 2270; x_wconf 82' lang='lat' dir='ltr'>babere</span> <span class='ocrx_word' id='word_1_294' title='bbox 3047 2219 3248 2280; x_wconf 87' lang='lat' dir='ltr'>esse,</span> <span class='ocrx_word' id='word_1_295' title='bbox 3305 2198 3494 2290; x_wconf 89' lang='lat' dir='ltr'>quia</span> <span class='ocrx_word' id='word_1_296' title='bbox 3556 2197 3624 2268; x_wconf 88' lang='lat' dir='ltr'>si</span> 
     </span>
     <span class='ocr_line' id='line_1_56' title="bbox 2078 2315 3622 2407; baseline 0 -22"><span class='ocrx_word' id='word_1_297' title='bbox 2078 2335 2261 2397; x_wconf 89' lang='lat' dir='ltr'>non,</span> <span class='ocrx_word' id='word_1_298' title='bbox 2308 2321 2448 2389; x_wconf 87' lang='lat' dir='ltr'>aut</span> <span class='ocrx_word' id='word_1_299' title='bbox 2488 2335 2686 2405; x_wconf 83' lang='lat' dir='ltr'>ergo</span> <span class='ocrx_word' id='word_1_300' title='bbox 2718 2325 2843 2389; x_wconf 88' lang='lat' dir='ltr'>est</span> <span class='ocrx_word' id='word_1_301' title='bbox 2873 2338 3050 2388; x_wconf 87' lang='lat' dir='ltr'>esse</span> <span class='ocrx_word' id='word_1_302' title='bbox 3089 2315 3459 2407; x_wconf 86' lang='lat' dir='ltr'>sequitur</span> <span class='ocrx_word' id='word_1_303' title='bbox 3490 2334 3622 2386; x_wconf 80' lang='lat' dir='ltr'>na·</span> 
     </span>
     <span class='ocr_line' id='line_1_57' title="bbox 2083 2431 3628 2525; baseline -0.001 -21"><span class='ocrx_word' id='word_1_304' title='bbox 2083 2437 2163 2504; x_wconf 88' lang='lat' dir='ltr'>tu</span> <span class='ocrx_word' id='word_1_305' title='bbox 2184 2432 2469 2504; x_wconf 86' lang='lat' dir='ltr'>raliter</span> <span class='ocrx_word' id='word_1_306' title='bbox 2511 2435 2773 2525; x_wconf 87' lang='lat' dir='ltr'>ipsum</span> <span class='ocrx_word' id='word_1_307' title='bbox 2808 2433 3384 2525; x_wconf 87' lang='lat' dir='ltr'>compositum,</span> <span class='ocrx_word' id='word_1_308' title='bbox 3424 2431 3628 2523; x_wconf 91' lang='lat' dir='ltr'>quod</span> 
     </span>
     <span class='ocr_line' id='line_1_58' title="bbox 2082 2549 3632 2639; baseline 0.001 -19"><span class='ocrx_word' id='word_1_309' title='bbox 2082 2556 2205 2624; x_wconf 88' lang='lat' dir='ltr'>est</span> <span class='ocrx_word' id='word_1_310' title='bbox 2296 2550 2688 2622; x_wconf 84' lang='lat' dir='ltr'>terminus</span> <span class='ocrx_word' id='word_1_311' title='bbox 2794 2549 3390 2639; x_wconf 79' lang='lat' dir='ltr'>generationiS‚</span> <span class='ocrx_word' id='word_1_312' title='bbox 3492 2551 3632 2621; x_wconf 87' lang='lat' dir='ltr'>aut</span> 
     </span>
     <span class='ocr_line' id='line_1_59' title="bbox 2086 2666 3630 2761; baseline -0.002 -23"><span class='ocrx_word' id='word_1_313' title='bbox 2086 2669 2484 2761; x_wconf 66' lang='lat' dir='ltr'>praecedet</span> <span class='ocrx_word' id='word_1_314' title='bbox 2559 2666 3095 2747; x_wconf 81' lang='lat' dir='ltr'>naturaliter3</span> <span class='ocrx_word' id='word_1_315' title='bbox 3179 2666 3246 2738; x_wconf 90' lang='lat' dir='ltr'>si</span> <span class='ocrx_word' id='word_1_316' title='bbox 3335 2684 3630 2759; x_wconf 84' lang='lat' dir='ltr'>praece·</span> 
     </span>
     <span class='ocr_line' id='line_1_60' title="bbox 2085 2779 3623 2874; baseline -0.003 -19"><span class='ocrx_word' id='word_1_317' title='bbox 2085 2785 2245 2863; x_wconf 82' lang='lat' dir='ltr'>dat,</span> <span class='ocrx_word' id='word_1_318' title='bbox 2299 2802 2494 2872; x_wconf 76' lang='lat' dir='ltr'>ergo</span> <span class='ocrx_word' id='word_1_319' title='bbox 2533 2780 2758 2874; x_wconf 87' lang='lat' dir='ltr'>prius</span> <span class='ocrx_word' id='word_1_320' title='bbox 2792 2783 2913 2853; x_wconf 90' lang='lat' dir='ltr'>est</span> <span class='ocrx_word' id='word_1_321' title='bbox 2946 2802 3124 2853; x_wconf 86' lang='lat' dir='ltr'>esse</span> <span class='ocrx_word' id='word_1_322' title='bbox 3158 2779 3623 2872; x_wconf 83' lang='lat' dir='ltr'>compositi,</span> 
     </span>
     <span class='ocr_line' id='line_1_61' title="bbox 2094 2899 3635 2995; baseline -0.001 -23"><span class='ocrx_word' id='word_1_323' title='bbox 2094 2922 2329 2995; x_wconf 84' lang='lat' dir='ltr'>quam</span> <span class='ocrx_word' id='word_1_324' title='bbox 2419 2901 2683 2994; x_wconf 81' lang='lat' dir='ltr'>ipsum</span> <span class='ocrx_word' id='word_1_325' title='bbox 2771 2900 3342 2992; x_wconf 85' lang='lat' dir='ltr'>compositum,</span> <span class='ocrx_word' id='word_1_326' title='bbox 3430 2899 3635 2991; x_wconf 86' lang='lat' dir='ltr'>quod</span> 
     </span>
     <span class='ocr_line' id='line_1_62' title="bbox 2092 3015 3632 3107; baseline -0.003 -17"><span class='ocrx_word' id='word_1_327' title='bbox 2092 3039 2249 3090; x_wconf 88' lang='lat' dir='ltr'>non</span> <span class='ocrx_word' id='word_1_328' title='bbox 2309 3022 2433 3090; x_wconf 88' lang='lat' dir='ltr'>est</span> <span class='ocrx_word' id='word_1_329' title='bbox 2484 3015 3031 3107; x_wconf 81' lang='lat' dir='ltr'>intelligibile;</span> <span class='ocrx_word' id='word_1_330' title='bbox 3087 3015 3154 3087; x_wconf 87' lang='lat' dir='ltr'>si</span> <span class='ocrx_word' id='word_1_331' title='bbox 3217 3019 3632 3107; x_wconf 76' lang='lat' dir='ltr'>sequatur,</span> 
     </span>
     <span class='ocr_line' id='line_1_63' title="bbox 2092 3133 3641 3227; baseline -0.001 -19"><span class='ocrx_word' id='word_1_332' title='bbox 2092 3156 2290 3227; x_wconf 80' lang='lat' dir='ltr'>ergo</span> <span class='ocrx_word' id='word_1_333' title='bbox 2366 3133 2537 3207; x_wconf 88' lang='lat' dir='ltr'>sine</span> <span class='ocrx_word' id='word_1_334' title='bbox 2622 3133 3267 3207; x_wconf 87' lang='lat' dir='ltr'>contradictione</span> <span class='ocrx_word' id='word_1_335' title='bbox 3366 3136 3641 3226; x_wconf 87' lang='lat' dir='ltr'>posset</span> 
     </span>
     <span class='ocr_line' id='line_1_64' title="bbox 2093 3251 3636 3345; baseline -0.002 -19"><span class='ocrx_word' id='word_1_336' title='bbox 2093 3251 2641 3345; x_wconf 88' lang='lat' dir='ltr'>compositum</span> <span class='ocrx_word' id='word_1_337' title='bbox 2731 3251 3062 3343; x_wconf 86' lang='lat' dir='ltr'>produci</span> <span class='ocrx_word' id='word_1_338' title='bbox 3147 3252 3238 3324; x_wconf 87' lang='lat' dir='ltr'>ad</span> <span class='ocrx_word' id='word_1_339' title='bbox 3318 3255 3636 3341; x_wconf 78' lang='lat' dir='ltr'>agente,</span> 
     </span>
     <span class='ocr_line' id='line_1_65' title="bbox 2097 3367 3642 3459; baseline 0.001 -21"><span class='ocrx_word' id='word_1_340' title='bbox 2097 3369 2396 3459; x_wconf 82' lang='lat' dir='ltr'>absque</span> <span class='ocrx_word' id='word_1_341' title='bbox 2469 3367 2616 3438; x_wconf 85' lang='lat' dir='ltr'>hoc</span> <span class='ocrx_word' id='word_1_342' title='bbox 2686 3368 2891 3459; x_wconf 89' lang='lat' dir='ltr'>quod</span> <span class='ocrx_word' id='word_1_343' title='bbox 2972 3368 3181 3439; x_wconf 87' lang='lat' dir='ltr'>Deus</span> <span class='ocrx_word' id='word_1_344' title='bbox 3240 3367 3470 3441; x_wconf 86' lang='lat' dir='ltr'>daret</span> <span class='ocrx_word' id='word_1_345' title='bbox 3521 3367 3642 3440; x_wconf 89' lang='lat' dir='ltr'>illi</span> 
     </span>
     <span class='ocr_line' id='line_1_66' title="bbox 2099 3482 3644 3577; baseline -0.001 -20"><span class='ocrx_word' id='word_1_346' title='bbox 2099 3482 2556 3577; x_wconf 89' lang='lat' dir='ltr'>composito</span> <span class='ocrx_word' id='word_1_347' title='bbox 2652 3483 3046 3575; x_wconf 88' lang='lat' dir='ltr'>producto</span> <span class='ocrx_word' id='word_1_348' title='bbox 3148 3503 3363 3566; x_wconf 88' lang='lat' dir='ltr'>esse,</span> <span class='ocrx_word' id='word_1_349' title='bbox 3480 3483 3644 3556; x_wconf 91' lang='lat' dir='ltr'>imo</span> 
     </span>
     <span class='ocr_line' id='line_1_67' title="bbox 2103 3599 3650 3693; baseline 0 -21"><span class='ocrx_word' id='word_1_350' title='bbox 2103 3599 2591 3693; x_wconf 86' lang='lat' dir='ltr'>simpliciter</span> <span class='ocrx_word' id='word_1_351' title='bbox 2645 3605 2916 3692; x_wconf 89' lang='lat' dir='ltr'>posset</span> <span class='ocrx_word' id='word_1_352' title='bbox 2972 3601 3188 3673; x_wconf 88' lang='lat' dir='ltr'>Deus</span> <span class='ocrx_word' id='word_1_353' title='bbox 3251 3620 3408 3671; x_wconf 83' lang='lat' dir='ltr'>non</span> <span class='ocrx_word' id='word_1_354' title='bbox 3456 3600 3650 3672; x_wconf 87' lang='lat' dir='ltr'>dare</span> 
     </span>
     <span class='ocr_line' id='line_1_68' title="bbox 2103 3716 3650 3808; baseline -0.001 -20"><span class='ocrx_word' id='word_1_355' title='bbox 2103 3736 2281 3788; x_wconf 86' lang='lat' dir='ltr'>esse</span> <span class='ocrx_word' id='word_1_356' title='bbox 2323 3716 2443 3787; x_wconf 89' lang='lat' dir='ltr'>illi</span> <span class='ocrx_word' id='word_1_357' title='bbox 2487 3717 2942 3807; x_wconf 86' lang='lat' dir='ltr'>composito</span> <span class='ocrx_word' id='word_1_358' title='bbox 3005 3716 3422 3808; x_wconf 86' lang='lat' dir='ltr'>producto,</span> <span class='ocrx_word' id='word_1_359' title='bbox 3466 3736 3650 3788; x_wconf 92' lang='lat' dir='ltr'>cum</span> 
     </span>
     <span class='ocr_line' id='line_1_69' title="bbox 2106 3831 3653 3922; baseline -0.001 -19"><span class='ocrx_word' id='word_1_360' title='bbox 2106 3853 2265 3903; x_wconf 90' lang='lat' dir='ltr'>non</span> <span class='ocrx_word' id='word_1_361' title='bbox 2305 3835 2496 3922; x_wconf 78' lang='lat' dir='ltr'>agat</span> <span class='ocrx_word' id='word_1_362' title='bbox 2556 3836 2793 3904; x_wconf 77' lang='lat' dir='ltr'>extra</span> <span class='ocrx_word' id='word_1_363' title='bbox 2846 3854 2929 3904; x_wconf 91' lang='lat' dir='ltr'>se</span> <span class='ocrx_word' id='word_1_364' title='bbox 2974 3831 3132 3904; x_wconf 90' lang='lat' dir='ltr'>nisi</span> <span class='ocrx_word' id='word_1_365' title='bbox 3188 3832 3653 3922; x_wconf 85' lang='lat' dir='ltr'>contingen-</span> 
     </span>
     <span class='ocr_line' id='line_1_70' title="bbox 2109 3949 3654 4041; baseline -0.001 -19"><span class='ocrx_word' id='word_1_366' title='bbox 2109 3954 2261 4022; x_wconf 85' lang='lat' dir='ltr'>ter.</span> <span class='ocrx_word' id='word_1_367' title='bbox 2315 3951 2478 4020; x_wconf 87' lang='lat' dir='ltr'>Nec</span> <span class='ocrx_word' id='word_1_368' title='bbox 2547 3949 2763 4021; x_wconf 83' lang='lat' dir='ltr'>valet</span> <span class='ocrx_word' id='word_1_369' title='bbox 2811 3949 3146 4040; x_wconf 84' lang='lat' dir='ltr'>fingere,</span> <span class='ocrx_word' id='word_1_370' title='bbox 3209 3950 3413 4041; x_wconf 90' lang='lat' dir='ltr'>quod</span> <span class='ocrx_word' id='word_1_371' title='bbox 3475 3969 3654 4021; x_wconf 87' lang='lat' dir='ltr'>esse</span> 
     </span>
     <span class='ocr_line' id='line_1_71' title="bbox 2109 4064 3652 4158; baseline 0.001 -24"><span class='ocrx_word' id='word_1_372' title='bbox 2109 4084 2271 4135; x_wconf 88' lang='lat' dir='ltr'>non</span> <span class='ocrx_word' id='word_1_373' title='bbox 2319 4067 2440 4136; x_wconf 86' lang='lat' dir='ltr'>est</span> <span class='ocrx_word' id='word_1_374' title='bbox 2484 4083 2529 4134; x_wconf 85' lang='lat' dir='ltr'>a</span> <span class='ocrx_word' id='word_1_375' title='bbox 2580 4068 3020 4153; x_wconf 81' lang='lat' dir='ltr'>generante</span> <span class='ocrx_word' id='word_1_376' title='bbox 3077 4064 3652 4158; x_wconf 85' lang='lat' dir='ltr'>compositum,</span> 
     </span>
     <span class='ocr_line' id='line_1_72' title="bbox 2111 4180 3659 4254; baseline 0.001 -3"><span class='ocrx_word' id='word_1_377' title='bbox 2111 4186 2191 4254; x_wconf 89' lang='lat' dir='ltr'>et</span> <span class='ocrx_word' id='word_1_378' title='bbox 2262 4184 2534 4253; x_wconf 87' lang='lat' dir='ltr'>tamen</span> <span class='ocrx_word' id='word_1_379' title='bbox 2609 4181 3075 4252; x_wconf 79' lang='lat' dir='ltr'>necessario</span> <span class='ocrx_word' id='word_1_380' title='bbox 3166 4180 3659 4254; x_wconf 85' lang='lat' dir='ltr'>concomita-</span> 
     </span>
     <span class='ocr_line' id='line_1_73' title="bbox 2119 4296 3661 4388; baseline -0.001 -19"><span class='ocrx_word' id='word_1_381' title='bbox 2119 4303 2252 4369; x_wconf 84' lang='lat' dir='ltr'>tur</span> <span class='ocrx_word' id='word_1_382' title='bbox 2313 4296 2602 4387; x_wconf 85' lang='lat' dir='ltr'>ipsum,</span> <span class='ocrx_word' id='word_1_383' title='bbox 2679 4297 2864 4388; x_wconf 85' lang='lat' dir='ltr'>quia</span> <span class='ocrx_word' id='word_1_384' title='bbox 2945 4316 3101 4367; x_wconf 91' lang='lat' dir='ltr'>non</span> <span class='ocrx_word' id='word_1_385' title='bbox 3171 4297 3661 4370; x_wconf 87' lang='lat' dir='ltr'>concomita-</span> 
     </span>
     <span class='ocr_line' id='line_1_74' title="bbox 2120 4411 3664 4503; baseline -0.001 -18"><span class='ocrx_word' id='word_1_386' title='bbox 2120 4417 2255 4485; x_wconf 88' lang='lat' dir='ltr'>tur</span> <span class='ocrx_word' id='word_1_387' title='bbox 2331 4417 2414 4483; x_wconf 82' lang='lat' dir='ltr'>ut</span> <span class='ocrx_word' id='word_1_388' title='bbox 2499 4412 2894 4483; x_wconf 80' lang='lat' dir='ltr'>terminus</span> <span class='ocrx_word' id='word_1_389' title='bbox 2993 4411 3339 4483; x_wconf 85' lang='lat' dir='ltr'>actionis</span> <span class='ocrx_word' id='word_1_390' title='bbox 3428 4432 3664 4503; x_wconf 81' lang='lat' dir='ltr'>gene-</span> 
     </span>
     <span class='ocr_line' id='line_1_75' title="bbox 2124 4526 3665 4617; baseline 0 -19"><span class='ocrx_word' id='word_1_391' title='bbox 2124 4527 2410 4606; x_wconf 82' lang='lat' dir='ltr'>rantis,</span> <span class='ocrx_word' id='word_1_392' title='bbox 2475 4547 2619 4617; x_wconf 85' lang='lat' dir='ltr'>per</span> <span class='ocrx_word' id='word_1_393' title='bbox 2689 4532 2789 4598; x_wconf 93' lang='lat' dir='ltr'>te.</span> <span class='ocrx_word' id='word_1_394' title='bbox 2854 4526 2936 4599; x_wconf 85' lang='lat' dir='ltr'>Si</span> <span class='ocrx_word' id='word_1_395' title='bbox 2978 4545 3176 4617; x_wconf 83' lang='lat' dir='ltr'>ergo</span> <span class='ocrx_word' id='word_1_396' title='bbox 3232 4532 3318 4599; x_wconf 89' lang='lat' dir='ltr'>ut</span> <span class='ocrx_word' id='word_1_397' title='bbox 3390 4527 3665 4600; x_wconf 84' lang='lat' dir='ltr'>termi-</span> 
     </span>
     <span class='ocr_line' id='line_1_76' title="bbox 2120 4643 3664 4735; baseline 0.001 -21"><span class='ocrx_word' id='word_1_398' title='bbox 2120 4665 2270 4714; x_wconf 90' lang='lat' dir='ltr'>nus</span> <span class='ocrx_word' id='word_1_399' title='bbox 2330 4643 2646 4733; x_wconf 83' lang='lat' dir='ltr'>agentis</span> <span class='ocrx_word' id='word_1_400' title='bbox 2701 4643 2969 4734; x_wconf 86' lang='lat' dir='ltr'>primi,</span> <span class='ocrx_word' id='word_1_401' title='bbox 3033 4647 3113 4715; x_wconf 90' lang='lat' dir='ltr'>et</span> <span class='ocrx_word' id='word_1_402' title='bbox 3171 4662 3330 4713; x_wconf 91' lang='lat' dir='ltr'>non</span> <span class='ocrx_word' id='word_1_403' title='bbox 3375 4663 3664 4735; x_wconf 82' lang='lat' dir='ltr'>praece·</span> 
     </span>
     <span class='ocr_line' id='line_1_77' title="bbox 2121 4759 3665 4851; baseline -0.001 -20"><span class='ocrx_word' id='word_1_404' title='bbox 2121 4760 2311 4831; x_wconf 84' lang='lat' dir='ltr'>(lens</span> <span class='ocrx_word' id='word_1_405' title='bbox 2370 4759 2943 4851; x_wconf 84' lang='lat' dir='ltr'>compositum,</span> <span class='ocrx_word' id='word_1_406' title='bbox 3024 4778 3223 4850; x_wconf 86' lang='lat' dir='ltr'>ergo</span> <span class='ocrx_word' id='word_1_407' title='bbox 3300 4780 3665 4850; x_wconf 86' lang='lat' dir='ltr'>sequens,</span> 
     </span>
     <span class='ocr_line' id='line_1_78' title="bbox 2125 4874 3672 4966; baseline 0.001 -20"><span class='ocrx_word' id='word_1_408' title='bbox 2125 4878 2204 4946; x_wconf 91' lang='lat' dir='ltr'>et</span> <span class='ocrx_word' id='word_1_409' title='bbox 2258 4875 2372 4947; x_wconf 87' lang='lat' dir='ltr'>ita</span> <span class='ocrx_word' id='word_1_410' title='bbox 2449 4874 2620 4945; x_wconf 87' lang='lat' dir='ltr'>sine</span> <span class='ocrx_word' id='word_1_411' title='bbox 2687 4874 3334 4949; x_wconf 84' lang='lat' dir='ltr'>contradictione</span> <span class='ocrx_word' id='word_1_412' title='bbox 3405 4878 3672 4966; x_wconf 88' lang='lat' dir='ltr'>potest</span> 
     </span>
    </p>
   </div>
   <div class='ocr_carea' id='block_1_12' title="bbox 108 4989 2013 5192">
    <p class='ocr_par' dir='ltr' id='par_1_13' title="bbox 108 4989 2013 5192">
     <span class='ocr_line' id='line_1_79' title="bbox 236 4989 2007 5096; baseline -0.013 -14"><span class='ocrx_word' id='word_1_413' title='bbox 236 5049 299 5096; x_wconf 71' lang='lat'>7,</span> <span class='ocrx_word' id='word_1_414' title='bbox 554 5000 702 5074; x_wconf 82' lang='lat' dir='ltr'>Sed</span> <span class='ocrx_word' id='word_1_415' title='bbox 749 4999 921 5070; x_wconf 79' lang='lat' dir='ltr'>istae</span> <span class='ocrx_word' id='word_1_416' title='bbox 970 4993 1332 5067; x_wconf 85' lang='lat' dir='ltr'>rationes</span> <span class='ocrx_word' id='word_1_417' title='bbox 1392 4991 1491 5079; x_wconf 92' lang='lat' dir='ltr'>(b)</span> <span class='ocrx_word' id='word_1_418' title='bbox 1550 5010 1708 5061; x_wconf 89' lang='lat' dir='ltr'>non</span> <span class='ocrx_word' id='word_1_419' title='bbox 1749 4989 2007 5061; x_wconf 85' lang='lat' dir='ltr'>viden-</span> 
     </span>
     <span class='ocr_line' id='line_1_80' title="bbox 108 5107 2013 5192; baseline -0.012 6"><span class='ocrx_word' id='word_1_420' title='bbox 108 5112 408 5163; x_wconf 59' lang='lat' dir='ltr'>R²s⁰²³¹⁸ff</span> <span class='ocrx_word' id='word_1_421' title='bbox 468 5124 604 5192; x_wconf 68' lang='lat' dir='ltr'>tur</span> <span class='ocrx_word' id='word_1_422' title='bbox 664 5110 1128 5185; x_wconf 85' lang='lat' dir='ltr'>necessario</span> <span class='ocrx_word' id='word_1_423' title='bbox 1191 5107 1689 5180; x_wconf 85' lang='lat' dir='ltr'>concludere.</span> <span class='ocrx_word' id='word_1_424' title='bbox 1741 5107 2013 5177; x_wconf 84' lang='lat' dir='ltr'>Prima</span> 
     </span>
    </p>
   </div>
   <div class='ocr_carea' id='block_1_13' title="bbox 88 5171 439 5252">
    <p class='ocr_par' dir='ltr' id='par_1_14' title="bbox 88 5171 439 5252">
     <span class='ocr_line' id='line_1_81' title="bbox 88 5171 439 5252; baseline -0.02 -29"><span class='ocrx_word' id='word_1_425' title='bbox 88 5175 275 5252; x_wconf 60' lang='lat' dir='ltr'>prima</span> <span class='ocrx_word' id='word_1_426' title='bbox 306 5171 439 5218; x_wconf 84' lang='lat' dir='ltr'>ratio</span> 
     </span>
    </p>
   </div>
   <div class='ocr_carea' id='block_1_14' title="bbox 2130 4991 2585 5082">
    <p class='ocr_par' dir='ltr' id='par_1_15' title="bbox 2130 4991 2585 5082">
     <span class='ocr_line' id='line_1_82' title="bbox 2130 4991 2585 5082; baseline -0.002 -20"><span class='ocrx_word' id='word_1_427' title='bbox 2130 5011 2288 5063; x_wconf 88' lang='lat' dir='ltr'>non</span> <span class='ocrx_word' id='word_1_428' title='bbox 2332 4991 2585 5082; x_wconf 87' lang='lat' dir='ltr'>sequi.</span> 
     </span>
    </p>
   </div>
   <div class='ocr_carea' id='block_1_15' title="bbox 96 5105 3992 5316">
    <p class='ocr_par' dir='ltr' id='par_1_16' title="bbox 96 5105 3992 5316">
     <span class='ocr_line' id='line_1_83' title="bbox 2223 5105 3980 5215; baseline -0.002 -36"><span class='ocrx_word' id='word_1_429' title='bbox 2223 5110 2427 5180; x_wconf 87' lang='lat' dir='ltr'>Item</span> <span class='ocrx_word' id='word_1_430' title='bbox 2489 5110 2585 5198; x_wconf 90' lang='lat' dir='ltr'>(c)</span> <span class='ocrx_word' id='word_1_431' title='bbox 2648 5106 3167 5198; x_wconf 83' lang='lat' dir='ltr'>probationes</span> <span class='ocrx_word' id='word_1_432' title='bbox 3227 5105 3444 5179; x_wconf 90' lang='lat' dir='ltr'>illius</span> <span class='ocrx_word' id='word_1_433' title='bbox 3500 5127 3680 5199; x_wconf 84' lang='lat' dir='ltr'>pro·</span> <span class='ocrx_word' id='word_1_434' title='bbox 3747 5165 3980 5215; x_wconf 61' lang='lat' dir='ltr'>Secundo</span> 
     </span>
     <span class='ocr_line' id='line_1_84' title="bbox 96 5221 3992 5316; baseline -0.003 -12"><span class='ocrx_word' id='word_1_435' title='bbox 96 5249 171 5288; x_wconf 75' lang='lat' dir='ltr'>o.</span> <span class='ocrx_word' id='word_1_436' title='bbox 231 5235 430 5282; x_wconf 73' lang='lat' dir='ltr'>Tb⁰¹¹¹·</span> <span class='ocrx_word' id='word_1_437' title='bbox 469 5253 657 5312; x_wconf 88' lang='lat' dir='ltr'>non,</span> <span class='ocrx_word' id='word_1_438' title='bbox 706 5229 1081 5303; x_wconf 84' lang='lat' dir='ltr'>consistit</span> <span class='ocrx_word' id='word_1_439' title='bbox 1141 5223 1477 5298; x_wconf 86' lang='lat' dir='ltr'>enimin</span> <span class='ocrx_word' id='word_1_440' title='bbox 1534 5223 1658 5294; x_wconf 85' lang='lat' dir='ltr'>his</span> <span class='ocrx_word' id='word_1_441' title='bbox 1715 5223 2013 5293; x_wconf 82' lang='lat' dir='ltr'>duabus</span> <span class='ocrx_word' id='word_1_442' title='bbox 2137 5223 2566 5316; x_wconf 87' lang='lat' dir='ltr'>positionis</span> <span class='ocrx_word' id='word_1_443' title='bbox 2664 5221 3144 5314; x_wconf 73' lang='lat' dir='ltr'>improbatae</span> <span class='ocrx_word' id='word_1_444' title='bbox 3231 5243 3441 5296; x_wconf 88' lang='lat' dir='ltr'>nunc</span> <span class='ocrx_word' id='word_1_445' title='bbox 3517 5244 3678 5295; x_wconf 91' lang='lat' dir='ltr'>non</span> <span class='ocrx_word' id='word_1_446' title='bbox 3733 5229 3992 5276; x_wconf 74' lang='lat' dir='ltr'>refutatur</span> 
     </span>
    </p>
   </div>
   <div class='ocr_carea' id='block_1_16' title="bbox 478 5291 4013 5444">
    <p class='ocr_par' dir='ltr' id='par_1_17' title="bbox 478 5291 4013 5444">
     <span class='ocr_line' id='line_1_85' title="bbox 478 5291 4013 5444; baseline -0.006 -20"><span class='ocrx_word' id='word_1_447' title='bbox 478 5346 1173 5444; x_wconf 81' lang='lat' dir='ltr'>propositionibus</span> <span class='ocrx_word' id='word_1_448' title='bbox 1232 5370 1247 5412; x_wconf 78' lang='lat' dir='ltr'>z</span> <span class='ocrx_word' id='word_1_449' title='bbox 1297 5364 1474 5414; x_wconf 87' lang='lat' dir='ltr'>esse</span> <span class='ocrx_word' id='word_1_450' title='bbox 1535 5340 2021 5433; x_wconf 84' lang='lat' dir='ltr'>simpliciter</span> <span class='ocrx_word' id='word_1_451' title='bbox 2132 5339 2430 5426; x_wconf 79' lang='lat' dir='ltr'>valent,</span> <span class='ocrx_word' id='word_1_452' title='bbox 2471 5359 2658 5410; x_wconf 85' lang='lat' dir='ltr'>nam</span> <span class='ocrx_word' id='word_1_453' title='bbox 2712 5338 2924 5411; x_wconf 83' lang='lat' dir='ltr'>ratio</span> <span class='ocrx_word' id='word_1_454' title='bbox 2978 5338 3070 5410; x_wconf 82' lang='lat' dir='ltr'>ad</span> <span class='ocrx_word' id='word_1_455' title='bbox 3135 5337 3283 5410; x_wconf 86' lang='lat' dir='ltr'>hoc</span> <span class='ocrx_word' id='word_1_456' title='bbox 3344 5340 3681 5413; x_wconf 81' lang='lat' dir='ltr'>adducta</span> <span class='ocrx_word' id='word_1_457' title='bbox 3729 5291 3904 5339; x_wconf 58' lang='lat' dir='ltr'>eadem</span> <span class='ocrx_word' id='word_1_458' title='bbox 3932 5303 4013 5338; x_wconf 57' lang='grc' dir='ltr'>η’</span> 
     </span>
    </p>
   </div>
   <div class='ocr_carea' id='block_1_17' title="bbox 472 5355 3914 5750">
    <p class='ocr_par' dir='ltr' id='par_1_18' title="bbox 472 5355 3914 5750">
     <span class='ocr_line' id='line_1_86' title="bbox 3821 5355 3914 5404; baseline -0.011 0"><span class='ocrx_word' id='word_1_459' title='bbox 3821 5355 3914 5404; x_wconf 85' lang='lat' dir='ltr'>tio.</span> 
     </span>
     <span class='ocr_line' id='line_1_87' title="bbox 472 5457 2021 5556; baseline -0.008 -18"><span class='ocrx_word' id='word_1_460' title='bbox 472 5472 596 5539; x_wconf 87' lang='lat' dir='ltr'>cst</span> <span class='ocrx_word' id='word_1_461' title='bbox 644 5461 1026 5556; x_wconf 83' lang='lat' dir='ltr'>proprius</span> <span class='ocrx_word' id='word_1_462' title='bbox 1086 5457 1423 5531; x_wconf 84' lang='lat' dir='ltr'>effectus</span> <span class='ocrx_word' id='word_1_463' title='bbox 1490 5458 1659 5528; x_wconf 90' lang='lat' dir='ltr'>Dei.</span> <span class='ocrx_word' id='word_1_464' title='bbox 1706 5460 1786 5528; x_wconf 90' lang='lat' dir='ltr'>et</span> <span class='ocrx_word' id='word_1_465' title='bbox 1841 5477 2021 5527; x_wconf 87' lang='lat' dir='ltr'>esse</span> 
     </span>
     <span class='ocr_line' id='line_1_88' title="bbox 476 5572 2022 5672; baseline -0.006 -19"><span class='ocrx_word' id='word_1_466' title='bbox 476 5578 966 5672; x_wconf 89' lang='lat' dir='ltr'>simpliciter</span> <span class='ocrx_word' id='word_1_467' title='bbox 1051 5580 1176 5648; x_wconf 85' lang='lat' dir='ltr'>est</span> <span class='ocrx_word' id='word_1_468' title='bbox 1278 5572 1665 5665; x_wconf 86' lang='lat' dir='ltr'>proprius</span> <span class='ocrx_word' id='word_1_469' title='bbox 1747 5572 2022 5647; x_wconf 86' lang='lat' dir='ltr'>termi-</span> 
     </span>
     <span class='ocr_line' id='line_1_89' title="bbox 636 5695 953 5750; baseline -0.006 0"><span class='ocrx_word' id='word_1_470' title='bbox 636 5695 953 5750; x_wconf 79' lang='lat' dir='ltr'>Tom.xv1.</span> 
     </span>
    </p>
   </div>
   <div class='ocr_carea' id='block_1_18' title="bbox 2141 5455 3680 5549">
    <p class='ocr_par' dir='ltr' id='par_1_19' title="bbox 2141 5455 3680 5549">
     <span class='ocr_line' id='line_1_90' title="bbox 2141 5455 3680 5549; baseline 0.001 -21"><span class='ocrx_word' id='word_1_471' title='bbox 2141 5461 2418 5549; x_wconf 84' lang='lat' dir='ltr'>pecca-t</span> <span class='ocrx_word' id='word_1_472' title='bbox 2451 5455 2884 5527; x_wconf 84' lang='lat' dir='ltr'>secundum</span> <span class='ocrx_word' id='word_1_473' title='bbox 2926 5455 3680 5546; x_wconf 80' lang='lat' dir='ltr'>aequivocationem,</span> 
     </span>
    </p>
   </div>
   <div class='ocr_carea' id='block_1_19' title="bbox 2139 5571 3683 5740">
    <p class='ocr_par' dir='ltr' id='par_1_20' title="bbox 2139 5571 3683 5740">
     <span class='ocr_line' id='line_1_91' title="bbox 2139 5571 3683 5663; baseline -0.001 -20"><span class='ocrx_word' id='word_1_474' title='bbox 2139 5573 2262 5644; x_wconf 85' lang='lat' dir='ltr'>vel</span> <span class='ocrx_word' id='word_1_475' title='bbox 2304 5572 2569 5646; x_wconf 85' lang='lat' dir='ltr'>altera</span> <span class='ocrx_word' id='word_1_476' title='bbox 2611 5571 3225 5663; x_wconf 84' lang='lat' dir='ltr'>praemissarum</span> <span class='ocrx_word' id='word_1_477' title='bbox 3278 5577 3402 5646; x_wconf 87' lang='lat' dir='ltr'>est</span> <span class='ocrx_word' id='word_1_478' title='bbox 3451 5572 3683 5644; x_wconf 85' lang='lat' dir='ltr'>falsa.</span> 
     </span>
     <span class='ocr_line' id='line_1_92' title="bbox 3481 5690 3515 5740; baseline 0 0"><span class='ocrx_word' id='word_1_479' title='bbox 3481 5690 3515 5740; x_wconf 75' lang='grc' dir='ltr'><em>ε</em></span> 
     </span>
    </p>
   </div>
  </div>
 </body>
</html>
