4255 6375
715 396 796 462 96
1848 405 1993 467 12113.
2027 404 2131 467 lv,
2178 375 2771 473 anmNTmRun

724 555 869 633 illa
948 558 1220 634 forma
1259 548 1428 637 'est
1521 565 1815 641 virtus.
1910 567 2131 650 Quod
2200 566 2268 639 si

724 678 952 769 prius
991 700 1152 753 non
1193 678 1473 756 habuit
1541 682 1892 758 formam
1943 688 2069 760 vel
2110 688 2273 760 vir-

727 796 1009 879 tutem,
1056 801 1137 871 et
1194 820 1402 874 nunc
1472 802 1644 893 agit
1695 804 1775 875 in
1826 804 2099 897 aliquo
2145 828 2272 880 or-

2382 568 2688 642 tionem
2770 570 3204 652 actualem,
3277 571 3359 642 et
3419 567 3499 640 in
3563 567 3923 642 motione

2384 684 2737 758 formam
2784 707 2928 779 per
2971 706 3211 779 quam
3253 685 3426 777 agit
3466 684 3547 757 in
3592 705 3741 757 suo
3802 703 3929 757 or·

2383 807 2586 878 dine.
2627 807 2747 878 Ex
2788 804 2973 879 istis
3008 807 3233 896 patet
3266 801 3733 877 intellectus
3769 821 3929 872 ma·

735 911 938 996 dine,
989 920 1314 1007 oportet
1375 919 1581 1010 quod
1639 940 1852 994 nunc
1923 921 2014 993 de
2056 944 2267 996 novo
2378 922 2619 1016 joris.
2684 923 2898 994 Bene
2946 919 3162 994 enim
3214 939 3503 991 verum
3534 923 3685 1000 est,
3725 918 3936 1009 quod

729 1025 1023 1105 habeat
1064 1029 1416 1106 formam
1467 1038 1547 1108 et
1606 1036 2002 1111 virtutem
2062 1038 2142 1110 in
2185 1039 2274 1111 il-

723 1142 802 1216 lo
848 1147 1168 1230 ordine;
1214 1151 1489 1223 eadem
1530 1152 1744 1224 enim
1779 1159 2076 1227 natura
2116 1176 2274 1227 ma-

725 1280 923 1334 nens
975 1264 1273 1356 absque
1319 1267 1538 1339 omni
1592 1270 2066 1352 mutatione,
2103 1270 2278 1342 nul-

444 1474 454 1482 ·
730 1376 809 1451 lo
873 1380 1105 1452 modo
1192 1386 1314 1454 est
1399 1404 1609 1457 nunc
1697 1384 1992 1469 activa,
2064 1406 2276 1459 nunc

404 1484 698 1606 deAggggm
735 1516 892 1569 non
949 1499 1243 1573 activa.
1307 1502 1453 1576 Sed
1511 1507 1787 1575 tamen
1846 1524 2091 1596 agens
2148 1507 2276 1578 de-

424 1607 663 1736 agssssissffi
733 1614 1066 1706 pendens
1112 1616 1211 1688 ab
1285 1616 1475 1699 alio,
1525 1619 1828 1691 dicitur
1886 1639 2132 1711 agere
2199 1621 2277 1693 in

432 1734 661 1847 „iigssffi
732 1731 1042 1807 virtute
1092 1734 1460 1816 alterius,
1519 1735 1707 1827 quia
1747 1737 2010 1810 virtus
2046 1757 2280 1829 agen-

733 1850 841 1924 tis
907 1852 1422 1944 dependentis
1511 1875 1668 1925 non
1739 1854 2038 1930 sufficit
2107 1857 2280 1929 sine

733 1965 876 2037 illa
935 1967 1247 2042 virtute
1308 1989 1355 2039 a
1414 1988 1568 2062 qua
1626 1971 2033 2064 dependet.
2116 1975 2280 2045 Ma·

731 2081 856 2173 gis
923 2087 1195 2157 tamen
1264 2083 1563 2159 dicitur
1641 2086 2280 2163 instrumentum

727 2215 974 2287 agere
1065 2198 1143 2270 in
1206 2199 1513 2275 virtute
1608 2200 1951 2276 alterius
2042 2223 2283 2295 quam

730 2334 980 2388 causa
1051 2318 1422 2403 secunda,
1503 2320 1694 2413 quia
1761 2321 1939 2414 plus
2005 2323 2285 2417 depen-

733 2432 861 2506 det
912 2434 1010 2506 ab
1045 2441 1334 2526 agente
1369 2438 1783 2531 superiori
1826 2438 2019 2512 illud
2081 2439 2288 2532 quod

740 2570 900 2622 non
945 2550 1181 2626 habet
1215 2550 1568 2626 formam
1612 2556 1967 2629 activam
2029 2556 2109 2628 in
2154 2581 2289 2625 esse

746 2666 1046 2758 quieto,
1086 2669 1217 2741 sed
1254 2672 1572 2744 tantum
1626 2673 1916 2766 recipit
1959 2674 2039 2745 in
2073 2677 2287 2747 actu·

746 2783 855 2855 ali
900 2783 1282 2868 motione,
1357 2806 1597 2878 quam
1645 2787 1838 2861 illud
1903 2789 2104 2882 quod
2152 2788 2289 2860 ha·

736 2898 868 2974 bet
899 2899 1254 2973 formam
1298 2903 1651 2978 activam
1688 2905 1767 2977 in
1809 2929 1940 2974 esse
1987 2905 2286 2999 quiet0.

738 3020 1088 3091 Causam
1148 3018 1402 3093 etiam
1454 3023 1910 3104 secundam,
1985 3023 2061 3095 id
2138 3028 2289 3106 est,

745 3153 921 3226 quae
956 3133 1194 3210 habet
1247 3134 1601 3211 formam
1642 3139 1996 3214 activam
2032 3140 2112 3212 in
2159 3163 2296 3208 esse

743 3249 1045 3342 quieto,
1099 3269 1344 3343 agere
1396 3254 1477 3325 in
1539 3255 1847 3330 virtute
1915 3256 2291 3339 alterius,

742 3389 904 3441 non
945 3375 1070 3444 est
1139 3371 1506 3463 recipere
1571 3375 1758 3445 tunc
1845 3372 2145 3464 aliquid
2200 3375 2299 3447 ab

746 3486 886 3560 illo
929 3490 1220 3576 alterO,
1269 3494 1402 3566 sed
1453 3497 1775 3567 tantum
1820 3490 2120 3564 habere
2176 3513 2299 3564 or-

746 3604 1015 3680 dinem
1111 3608 1591 3682 inferiorem
1695 3609 1790 3680 ad
1879 3607 2071 3680 illud
2187 3607 2302 3679 al-

752 3724 1023 3794 terum
1057 3742 1334 3814 agens,
1377 3722 1458 3795 in
1501 3742 1645 3795 suo
1683 3722 1960 3795 ordine
2007 3721 2297 3802 simul;

748 3838 896 3913 Sed
951 3840 1617 3923 instrumentum,
1675 3839 1749 3912 id
1816 3845 1965 3922 est,
2018 3841 2304 3936 recipi-

746 3975 889 4027 ens
949 3952 1304 4028 formam
1365 3958 1723 4031 activam
1778 3958 1858 4030 in
1917 3959 2300 4043 motione,

746 4091 991 4162 agere
1026 4073 1107 4144 in
1146 4073 1456 4147 virtute
1515 4075 1894 4157 alterius,
1943 4082 2067 4151 est
2110 4081 2300 4151 tunc

750 4187 1155 4260 actualem
1217 4189 1590 4282 accipere
1650 4189 2005 4264 formam
2062 4192 2162 4266 ab
2210 4214 2305 4266 eo

759 4321 906 4395 per
948 4324 1187 4397 quam
1247 4306 1445 4398 agit.

855 4404 976 4492 Ex'
1007 4420 1159 4495 hoc
1203 4427 1425 4514 patet
1477 4425 1682 4516 quod
1714 4445 1980 4498 causae
2023 4425 2310 4519 primae

442 4537 717 4666 ‘'Qffi·
768 4536 848 4608 in
908 4559 1240 4612 causam
1317 4542 1745 4614 secundam
1819 4544 2154 4636 proprie
2207 4544 2312 4617 di·

415 4661 743 4712 minatwuem
766 4658 984 4727 ctam
1090 4658 1402 4748 quando
1534 4659 1922 4734 similiter
2027 4664 2310 4752 agunt,

453 4723 740 4788 physicam,

493 4799 679 4912 unffi,
765 4791 926 4843 non
994 4776 1120 4845 est
1191 4774 1604 4849 influentia
1647 4799 1883 4862 nova,
1959 4800 2132 4872 quae
2206 4779 2313 4852 sit

419 4910 586 4975 rejicit
607 4910 655 4961 4.
685 4885 1077 4960 d.creatio
1112 4887 1459 4981 alicuius
1521 4891 1996 4968 inhaerentis
2044 4915 2315 4968 causae

417 4972 640 5099 4393,
685 5004 1174 5086 d‚secundae;
1242 5008 1375 5078 sed
1417 5006 1837 5084 influentia
1894 5015 2019 5085 est
2049 5012 2316 5083 deter-

444 5097 607 5163 ⁴⁹·‘¹·
650 5097 705 5150 ⁶·
768 5117 1126 5195 minatus
1179 5123 1375 5195 ordo
1467 5122 1815 5197 istarum
1878 5146 2317 5200 causarum

764 5232 851 5304 in
913 5239 1218 5328 agendo
1305 5240 1683 5315 effectum
1776 5262 2313 5317 communem.

766 5350 1410 5430 Instrumentum
1453 5359 1729 5431 autem
1763 5358 2075 5450 quando
2117 5359 2313 5450 agit,

764 5465 1061 5561 recipit
1109 5469 1609 5547 influentiam
1670 5473 2003 5567 proprie
2081 5473 2181 5548 ab
2220 5494 2316 5548 eo

765 5584 996 5678 cujus
1028 5592 1153 5661 est
1203 5588 1870 5677 instrumentum,
1914 5591 2103 5685 quia
2158 5612 2317 5665 mo-

2386 1057 2634 1111 causa
2704 1037 3049 1109 secunda
3125 1038 3207 1109 et
3284 1034 3929 1108 instrumentum

2387 1155 2565 1248 plus
2658 1158 2924 1246 potest
3004 1154 3084 1227 in
3151 1153 3461 1228 virtute
3550 1152 3925 1228 alteriuS.

2391 1292 2628 1364 quam
2674 1269 3011 1364 propria
3062 1270 3393 1364 (supple
3453 1269 3674 1361 sola)
3740 1288 3935 1360 prae·
4041 1339 4141 1387 sm

2392 1387 2815 1462 scindendo
2873 1388 3267 1463 virtutem
3318 1386 3691 1465 alterius,
3749 1383 3936 1476 quia
4013 1382 4142 1453 aaa

2389 1505 2655 1579 virtus
2705 1504 2881 1597 ejus
2946 1504 3282 1596 propria
3358 1507 3482 1575 est
3536 1499 3937 1573 diminuta
3963 1466 4142 1575 ⁹¹⁰⁵&

2390 1626 2471 1696 et
2505 1621 3029 1695 subordinata
3060 1620 3403 1695 alterius
3445 1617 3769 1698 virtuti,
3823 1615 3937 1689 ita
3966 1596 4142 1702 “22³9

2394 1739 2599 1831 quod
2650 1738 2823 1811 sine
2856 1739 2996 1810 illa
3038 1737 3303 1810 altera
3352 1736 3666 1809 virtute
3700 1752 3937 1824 agen·
4044 1729 4141 1841 3}ss

2395 1861 2496 1940 te,
2541 1857 2807 1931 virtus
2847 1857 3024 1949 ejus
3077 1875 3233 1928 non
3285 1858 3557 1947 potest
3615 1852 3698 1924 in
3758 1850 3940 1923 effe·
3976 1840 4141 1967 eg’ffi,

2396 1977 2656 2057 otum;
2722 1979 2994 2047 tamen
3037 1990 3196 2044 non
3250 1973 3520 2063 potest
3559 1968 3642 2041 in
3683 1967 3941 2039 virtu-

2398 2098 2475 2167 te
2526 2091 2869 2166 alterius
2931 2090 3109 2183 plus
3173 2108 3413 2180 quam
3474 2085 3556 2158 in
3596 2082 3943 2177 propria

2394 2209 2728 2296 virtute,
2810 2208 2884 2279 id
2970 2209 3119 2289 est,
3205 2203 3505 2296 aliquid
3573 2203 3669 2274 ad
3732 2200 3941 2291 quod

2397 2324 2665 2398 virtus
2725 2323 2900 2416 ejus
2952 2321 3177 2394 nullo
3259 2320 3489 2392 modo
3551 2338 3635 2389 se
3675 2321 3950 2390 exten·

2398 2441 2510 2512 dit
2555 2440 2636 2511 in
2678 2460 2822 2512 suo
2868 2438 3146 2511 ordine
3223 2434 3634 2509 causandi.
3712 2433 3952 2505 Nunc

2401 2561 2671 2631 autem
2726 2557 3018 2637 minor,
3065 2555 3132 2628 si
3167 2552 3516 2646 accipiat
3554 2552 3953 2624 virtutem

2403 2674 2852 2767 propriam,
2918 2669 3517 2765 praescindendo
3549 2667 3950 2739 virtutem

2404 2811 2673 2863 causae
2726 2788 3208 2883 superioris,
3264 2786 3472 2860 falsa
3522 2788 3673 2866 est,
3724 2784 3809 2855 in
3843 2781 3953 2854 ni-

2406 2907 2521 2980 hil
2572 2907 2786 2980 enim
2842 2909 3110 2999 potest
3151 2908 3538 2978 creatura
3580 2900 3759 2972 sine
3798 2900 3955 2971 vir-

2404 3030 2576 3099 tute
2617 3023 2764 3098 Dei
2810 3020 3286 3116 principalis
3346 3018 3695 3112 agentis,
3786 3016 3955 3089 ideo

2407 3162 2571 3217 non
2628 3141 2877 3215 valet.

2856 3364 3520 3434 COMMENTARIUS.

2501 3611 2596 3699 (b)
2638 3610 2799 3674 Dico
2854 3609 3051 3673 etiam
3095 3604 3269 3693 quod
3320 3626 3436 3672 nec
3482 3605 3961 3670 instrumenta·
4073 3619 4142 3669 ιω

2416 3728 2589 3806 liter,
2627 3739 2751 3793 etc.
2806 3727 2922 3790 Hic
2968 3721 3317 3808 respondet
3364 3720 3443 3787 ad
3489 3720 3763 3787 alteram
3810 3741 3956 3806 par·
4013 3684 4142 3808 Ἓξ

2415 3858 2546 3912 tem
2612 3840 2872 3929 quaesiti
2931 3836 3334 3926 principalis,
3399 3855 3704 3902 asserens
3785 3833 3957 3923 quod
3996 3820 4142 3920 Ἥῗξ

2419 3981 2630 4048 neque
2716 3953 3299 4023 instrumentaliter
3376 3964 3591 4039 potest
3656 3966 3959 4018 creatura
3984 3934 4142 4048 οοξξζξ

2417 4098 2661 4157 creare,
2753 4084 2825 4140 ut
2873 4072 3386 4138 instrumentum
3464 4069 3729 4155 proprie
3804 4056 4142 4172 τιθῇ-πάξ,

2419 4217 2601 4274 vum,
2655 4217 2804 4282 quae
2870 4204 2970 4260 est
3020 4186 3432 4256 communior
3507 4185 3755 4272 opinio,
3806 4190 3961 4252 Eam

2423 4334 2550 4401 que
2589 4313 2817 4398 probat
2846 4313 3079 4375 Doctor
3110 4304 3300 4372 unica
3340 4302 3612 4384 ratione,
3652 4305 3806 4390 quia
3839 4325 3966 4370 non

2425 4442 2495 4495 ut
2534 4427 2781 4515 praevie
2809 4425 3190 4512 disponens,
3235 4446 3383 4492 cum
3440 4422 3519 4488 ad
3570 4423 3967 4488 creationem

2426 4545 2587 4612 nihil
2656 4556 3087 4630 supponatur,
3170 4563 3382 4630 neque
3460 4552 3559 4607 est
3630 4539 3967 4625 attingens

2427 4660 2779 4728 terminum
2815 4657 3260 4745 principalem,
3299 4656 3449 4744 quia
3493 4654 3720 4741 nequit
3750 4673 3969 4738 agere,

2429 4779 2553 4844 nisi
2598 4790 2667 4845 ut
2700 4778 2891 4843 habet
2921 4777 3205 4863 aliquam
3259 4774 3567 4840 virtutem
3625 4770 3914 4837 activam
3945 4788 3973 4834 a

2428 4916 2555 4984 qua
2598 4907 2667 4961 ut
2715 4888 2908 4961 eausa
2948 4892 3238 4980 procedit
3276 4890 3587 4968 effectus;
3652 4886 3978 4953 terminus

2425 5025 2645 5080 autem
2724 5010 3103 5099 principalis
3162 5028 3293 5073 non
3333 5007 3543 5075 solum
3613 5002 3911 5091 procedit
3947 5020 3977 5066 a

2428 5148 2625 5196 causa
2701 5126 3042 5215 principali
3110 5124 3429 5201 effective,
3486 5121 3600 5189 sed
3675 5121 3877 5187 etiam
3949 5137 3982 5182 a

2430 5266 2626 5313 causa
2673 5241 3178 5321 instrumentali,
3224 5261 3373 5329 quae
3404 5237 3707 5306 effectiva
3752 5250 3877 5303 est.

2520 5363 2643 5429 Sed
2687 5361 2859 5429 nulla
2893 5361 3104 5428 virtus
3145 5358 3293 5426 talis
3345 5369 3554 5445 potest
3609 5352 3979 5421 communi·
4009 5378 4125 5447 antiq

2430 5477 2561 5544 cari
2598 5489 2937 5557 creaturae,
2980 5489 3289 5561 utsupra
3346 5485 3682 5539 ostensum
3753 5481 3877 5548 est,
3924 5480 3981 5535 et
4033 5444 4142 5493 cm

2429 5593 2761 5679 probatur,
2795 5590 2948 5679 quia
2986 5589 3091 5658 vel
3141 5602 3312 5656 esset
3344 5588 3606 5666 innata;
3673 5584 3791 5651 sed
3842 5585 3980 5651 haec
