4255 6375
546 4118 765 4172 Partitio

523 4186 788 4249 donorum,

524 4256 577 4301 et
608 4253 791 4316 gratita

538 4314 759 4367 diversa.

839 413 956 476 482

827 575 982 637 nino
1037 575 1331 649 liberam,
1410 579 1523 637 aut
1571 578 1713 639 sine
1757 576 2189 640 fundamento
2266 593 2369 638 as-

828 694 1097 764 sertam,
1151 692 1302 768 quia
1341 691 1408 755 id
1467 691 1745 770 perinde
1791 693 1990 755 etiam
2040 692 2377 756 diceretur
2481 691 2731 758 luntate
2778 696 2914 769 Dei,
2963 697 3121 759 nibil
3165 701 3388 762 obstat
3434 703 3597 780 quin
3641 698 3715 759 id
3754 701 3817 761 in
3854 713 3979 776 par·

835 805 915 866 de
986 809 1298 884 opinione
1369 810 1724 881 communi,
1775 814 2010 888 praeter
2072 810 2198 872 hoc
2268 825 2375 870 so-

825 924 986 997 lum,
1050 925 1229 1004 quod
1287 926 1440 1005 lege
1493 927 1828 990 communi
1892 943 2268 1007 congruum
2299 929 2379 988 sit

833 1039 1105 1104 definire
1184 1041 1494 1105 effectum
1575 1044 2006 1120 sacramenti,
2081 1049 2155 1105 ut
2229 1043 2381 1107 dicit

836 1157 1100 1221 Doctor.

913 1273 1044 1336 Sed
1112 1274 1506 1353 responderi
1560 1280 1780 1354 potest
1831 1276 1895 1337 id
1945 1282 2123 1338 certo
2185 1278 2383 1339 etiam

829 1408 966 1453 non
1057 1395 1380 1465 constare,
1450 1392 1610 1470 quin
1697 1392 1945 1472 aliquid
2044 1393 2384 1473 contingat

832 1507 1170 1570 mediante
1247 1510 1666 1571 sacramento
1726 1509 1894 1571 ultra
1966 1509 2147 1571 illam
2192 1524 2381 1571 men-

835 1642 1056 1687 suram
1100 1643 1182 1687 ex
1256 1625 1682 1703 dispositione
1768 1625 2000 1700 adulti,
2072 1632 2147 1688 ut
2217 1624 2381 1688 infra

840 1738 1156 1814 dicemus,
1221 1739 1400 1818 quod
1464 1743 1662 1802 etiam
1727 1757 1809 1803 ex
1853 1756 2057 1819 opere
2108 1746 2382 1821 operato

842 1861 1064 1915 causat
1118 1855 1652 1927 Sacramentum;
1706 1861 1769 1920 et
1821 1857 1987 1918 ultra
2021 1856 2151 1919 hoc
2183 1856 2384 1918 etiam

549 2005 759 2055 Causari
837 1973 1014 2034 aliud
1090 1973 1367 2046 causari,
1448 1991 1530 2036 ex
1599 1975 1873 2052 speciali
1947 1976 2383 2054 dispositione

523 2066 813 2180 άζξζζξῑῖα
836 2090 953 2151 Dei
1013 2090 1630 2154 videtur-insinuare
1674 2091 2158 2165 Tridentinum,
2212 2110 2379 2156 sess,

563 2208 795 2305 ‹ax-{lomen-
842 2211 902 2273 6.
957 2225 1096 2287 cap.
1160 2213 1218 2272 7.
1275 2213 1605 2272 ,Iustitiam
1653 2212 1719 2271 in
1775 2211 1959 2272 nobis
2012 2214 2389 2287 recipientes

496 2334 557 2368 0¹
609 2320 813 2434 {fficiali
841 2326 1161 2408 (loquitur
1191 2327 1274 2388 de
1305 2327 1512 2406 gratia
1543 2324 2022 2407 sanctificante)
2053 2331 2389 2406 unusquis·

514 2445 788 2498 voluntate.
841 2459 963 2519 que
1029 2458 1213 2504 suam
1298 2443 1654 2505 secundum
1722 2459 2121 2517 mensuram,
2190 2462 2389 2522 quam

841 2560 1129 2635 Spiritus
1177 2561 1471 2636 partitur
1530 2561 1802 2636 sinyulis
1850 2568 2050 2638 prout
2096 2562 2256 2636 vult,
2334 2567 2390 2622 et

841 2678 1190 2738 secundum
1251 2679 1603 2754 propriam
1683 2679 1996 2755 cujusque
2070 2679 2390 2755 dispositi-

840 2810 1026 2855 onem
1083 2800 1139 2855 et
1169 2796 1706 2871 cooperationem,
1744 2800 1871 2856 etc.

920 2912 1090 2972 Duas
1140 2928 1299 2992 ergo
1359 2926 1591 2973 causas
1649 2911 1942 2989 assignat
1999 2911 2384 2986 Concilium,

839 3027 1017 3090 unde
1083 3034 1303 3106 potest
1362 3044 1664 3091 crescere
1727 3030 1934 3108 gratia
2012 3029 2388 3092 secundum

835 3162 1216 3209 mensuram
1262 3145 1587 3209 diversam
1629 3145 1695 3208 in
1745 3144 2046 3225 singuliS,
2112 3146 2387 3210 alteram

843 3282 927 3327 ex
979 3264 1316 3326 voluntate
1374 3262 1669 3341 Spiritus,
1731 3263 1842 3340 qui
1909 3263 2188 3339 partitur
2260 3267 2389 3327 sin·

843 3381 1015 3461 gulis
1087 3395 1464 3441 mensuram
1522 3383 1716 3455 prout
1744 3378 1919 3451 vult;
1971 3383 2038 3439 et
2086 3382 2387 3456 quamvis

717 3484 720 3485 ⁷
842 3498 1146 3576 loquatur
1197 3497 1557 3560 Concilium
1616 3494 1700 3557 de
1755 3495 1966 3575 gratia
2008 3495 2380 3575 justifican-

842 3625 929 3689 te,
992 3614 1223 3677 alludit
1288 3619 1507 3675 tamen
1551 3611 1637 3676 ad
1691 3614 1893 3676 verba
1941 3613 2121 3676 Pauli
2184 3616 2238 3676 1.
2303 3616 2392 3677 ad

845 3735 1134 3799 Corinth.
1213 3734 1306 3793 ll.
1368 3732 1483 3794 ubi
1562 3734 1700 3810 agit
1775 3731 1858 3794 de
1919 3731 2388 3796 distributione

844 3850 1169 3913 donorum
1225 3866 1348 3928 per
1396 3845 1705 3909 eumdem
1754 3846 2090 3924 Spiritum,
2127 3862 2390 3909 eorum-

847 3985 978 4045 que
1061 3968 1441 4029 diversitate
1534 3962 1903 4026 secundum
1975 3964 2391 4027 voluntatem

847 4088 1120 4164 Spiritus
1194 4086 1401 4148 sancti
1461 4083 1761 4146 donantis
1849 4082 2125 4160 singulis
2197 4087 2390 4160 prout

847 4205 1006 4275 vult,
1042 4208 1106 4264 et
1162 4219 1296 4265 non
1356 4217 1438 4262 ex
1498 4200 1734 4261 merito
1796 4198 2216 4279 cujusquam,
2279 4202 2393 4259 aut

848 4322 1309 4400 dispositione3
1390 4335 1548 4397 ergo
1630 4315 1945 4394 supponit
2028 4316 2389 4378 Concilium

843 4438 980 4501 dari
1026 4435 1535 4515 inaequalitatem
1580 4433 1804 4513 gratiae
1841 4431 2272 4510 baptismalis,
2306 4428 2393 4492 de

842 4573 970 4635 qua
1049 4556 1206 4634 agit,
1277 4571 1409 4615 non
1469 4553 1681 4614 solum
1725 4551 1791 4611 in
1837 4548 2062 4611 adulto
2110 4564 2196 4610 ex
2236 4547 2389 4609 inae·

842 4674 1159 4751 qualitate
1261 4669 1731 4747 dispositioniS,
1806 4682 1950 4745 quae
2017 4669 2118 4728 est
2188 4664 2392 4726 altera

842 4807 1040 4853 causa
1077 4790 1214 4869 jam
1260 4789 1615 4867 assignata,
1684 4783 1807 4845 sed
1853 4783 2050 4845 etiam
2110 4798 2189 4842 ex
2233 4782 2386 4842 inae-

836 4908 1180 4986 qualitate,
1230 4920 1373 4982 quae
1417 4900 1723 4981 provenit
1755 4915 1838 4960 ex
1881 4898 2219 4961 voluntate
2255 4897 2392 4975 Spi-

838 5025 1025 5085 ritus.
1074 5020 1206 5083 Sed
1280 5037 1414 5081 non
1459 5022 1563 5081 est
1620 5015 1831 5095 major
1893 5015 2083 5088 ratio,
2162 5029 2278 5077 cur
2322 5013 2390 5075 id
2442 5042 2453 5055 ·

837 5138 947 5201 fiat
1017 5139 1081 5198 in
1146 5134 1408 5207 adultiS,
1459 5148 1657 5211 qnam
1718 5131 1785 5193 in
1863 5130 2174 5208 parvuliS,
2238 5131 2393 5208 quia

834 5254 1043 5315 adulti
1133 5256 1381 5329 praeter
1450 5246 1956 5325 dispositionem
2020 5250 2088 5306 et
2160 5259 2388 5316 usum,

836 5390 1038 5455 quem
1080 5374 1327 5435 habent
1397 5368 1585 5432 liberi
1657 5367 1925 5440 arbitrii,
1970 5370 2125 5426 sunt
2195 5380 2391 5443 pares

836 5491 1162 5570 parvulis;
1214 5506 1374 5568 ergo
1406 5486 1459 5547 si
1508 5487 1790 5563 possunt
1837 5498 1986 5543 esse
2030 5481 2388 5559 inaequales

835 5609 1041 5673 adulti
1084 5610 1150 5671 in
1203 5605 1416 5685 gratia
1483 5602 1630 5675 hac,
1692 5616 1826 5663 non
1869 5600 2087 5661 solum
2129 5597 2385 5661 ratione

2021 418 2164 480 12113.
2201 417 2299 478 lv.
2335 416 2931 484 SENTENTMRUM

2486 576 2959 656 dispositioni8‚
3014 582 3137 644 sed
3181 585 3383 645 etiam
3441 601 3522 646 ex
3576 583 3841 662 speciali
3882 600 3979 645 vo-

2487 809 2653 871 vulis
2713 815 3077 892 contingat.

2568 925 2644 987 Et
2692 926 3131 1003 confirmatur,
3178 933 3330 1010 quia
3358 933 3515 993 licet
3555 930 3775 1012 gratia
3803 948 3985 993 sacra-
4012 990 4031 1028 Γ
4064 937 4087 976 *-

2487 1043 2792 1104 mentalis
2835 1044 2920 1105 sit
2976 1044 3060 1107 de
3119 1051 3449 1110 communi
3503 1049 3661 1128 lege
3718 1044 3984 1108 determi-

2489 1163 2665 1230 nata,
2713 1158 2777 1220 id
2835 1162 2924 1221 ita
2984 1161 3494 1243 intelligendum
3534 1169 3664 1233 est,
3712 1169 3984 1242 quantum
4031 1164 4039 1186 ²

2490 1271 2575 1334 ad
2626 1274 2904 1351 gradum
2958 1276 3126 1341 infra
3196 1296 3397 1358 quem
3469 1296 3606 1342 non
3670 1278 3859 1341 datur
3893 1279 3985 1339 alia

2491 1389 2702 1451 minor
2769 1393 3009 1456 virtute
3080 1395 3509 1467 Sacramenti,
3609 1410 3749 1456 non
3818 1399 3993 1456 tamen

2492 1513 2812 1585 quantum
2855 1509 2939 1571 ad
2983 1528 3355 1588 excessum;
3400 1517 3493 1578 ita
3552 1513 3765 1575 etiam
3818 1520 3994 1590 posset

2492 1621 2617 1684 dici
2672 1626 2906 1688 saltem
2946 1629 3013 1689 in
3068 1628 3319 1704 adulto,
3381 1631 3448 1692 in
3493 1647 3632 1709 quo
3684 1633 3786 1692 est
3814 1629 3989 1707 aliqua

2489 1735 2857 1815 dispositio,
2917 1759 3116 1821 quam
3200 1761 3333 1806 non
3415 1746 3623 1807 habet
3698 1742 3989 1822 parvulus,

2494 1858 2561 1913 et
2627 1855 2862 1934 recipit
2945 1860 3180 1921 virtute
3269 1861 3680 1924 sacramenti
3766 1861 3995 1940 gratiam

2495 1972 2839 2051 majorem,
2886 1991 3029 2054 quae
3084 1979 3281 2040 etiam
3307 1981 3519 2058 major
3592 1982 3666 2040 et
3710 1976 3906 2055 major
3929 1982 3999 2037 est

2496 2090 2867 2152 secundum
2924 2107 3277 2155 excessum
3321 2092 3816 2172 dispositionis;
3848 2107 3995 2168 ergo,
4028 2089 4093 2202 {a

2498 2211 2551 2270 si
2621 2225 2700 2270 ex
2757 2207 2906 2288 lege
2952 2223 3086 2272 non
3145 2207 3630 2273 determinatur
3675 2209 3875 2289 gratia
3918 2224 3998 2269 sa·

2501 2324 2913 2387 eramentalis
2962 2326 3029 2388 in
3088 2325 3337 2398 adulto,
3396 2331 3732 2405 quantum
3773 2323 3853 2386 ad
3907 2338 3997 2382 ex·

2501 2455 2784 2514 cessum,
2841 2444 2932 2506 ita
2979 2445 3176 2506 etiam
3219 2450 3444 2521 posset
3501 2443 3661 2517 dici,
3724 2439 3999 2504 saltemin

2500 2558 2828 2638 aliquibus
2929 2561 3238 2638 parvulis,
3299 2563 3500 2623 etiam
3583 2578 3724 2625 non
3804 2556 3997 2622 servari

2499 2693 2879 2740 mensuram
2944 2677 3470 2740 determinatam.
3547 2677 3744 2739 Patet
3813 2692 3999 2740 conse·

2503 2793 2793 2872 quentia,
2847 2793 2996 2872 quia
3040 2793 3195 2854 licet
3242 2795 3308 2855 in
3367 2795 3641 2872 parvulo
3704 2795 3905 2856 electo
3938 2790 3996 2854 ad

2501 2909 2817 2988 majorem
2885 2910 3185 2990 gloriam,
3246 2925 3380 2972 non
3436 2912 3520 2972 sit
3587 2913 3851 2990 propria
3907 2911 4001 2972 dis-

2513 3027 2747 3105 positio
2807 3042 2844 3087 a
2914 3043 3041 3108 qua
3097 3037 3449 3090 excusatur
3504 3030 3590 3091 ob
3677 3028 3996 3090 inhabilita-

2506 3149 2661 3217 tem,
2733 3150 2948 3208 tamen
3007 3150 3107 3209 est
3169 3146 3381 3226 maj0r
3448 3148 3843 3225 acceptam),
3905 3157 3999 3222 qua

2502 3264 2839 3326 ordinatur
2891 3263 2976 3325 ad
3034 3261 3497 3341 perfectiorem
3559 3262 3847 3343 gradum
3884 3276 4000 3339 gm—

2506 3382 2610 3443 tiae
2668 3389 2737 3442 et
2780 3379 3024 3461 gloriae.

2546 3498 2771 3576 ‘Quod
2827 3512 2982 3559 vero
3051 3496 3157 3558 illa
3203 3496 3413 3575 gratia
3472 3496 3856 3559 conferatur
3912 3502 4077 3573 perh

2498 3617 2623 3679 hoc
2717 3615 2824 3676 vel
2893 3612 3073 3675 aliud
3155 3612 3451 3676 medium
3510 3612 3757 3677 divinae
3826 3612 3995 3692 provi-

2502 3732 2757 3805 dentiae,
2833 3729 3110 3809 perinde
3167 3735 3291 3805 est,
3339 3736 3655 3805 maxime,
3723 3748 3867 3794 cum
3913 3731 4033 3800 ΞΗ

2498 3852 2930 3922 eramentum,
2988 3846 3201 3923 posita
3246 3844 3693 3924 inaequalitate
3763 3863 3843 3908 ex
3882 3861 3991 3922 par·

2500 3973 2564 4029 te
2639 3964 2943 4046 subjecti,
3020 3979 3153 4024 non
3233 3964 3546 4026 limitatur
3611 3964 3702 4029 ad
3766 3962 3992 4043 gradum
4052 3992 4065 4003 ·

2504 4084 2829 4160 aequalem
2907 4081 3225 4154 effectus;
3275 4080 3406 4143 imo
3483 4082 3702 4163 magis
3793 4079 3992 4143 videtur

2499 4208 2732 4280 praeter
2774 4200 3060 4263 divinam
3103 4198 3588 4277 providentiam
3620 4201 3990 4264 ordinariam.

2495 4326 2568 4380 ut
2616 4320 2812 4391 Deus,
2901 4315 3378 4393 suspendendo
3441 4333 3837 4380 concursum
3888 4329 3991 4377 cau·

2499 4450 2722 4496 sarum
2763 4432 3179 4503 naturalium,
3238 4430 3564 4509 perducat
3608 4432 3915 4495 infantem
3936 4424 3992 4488 ad

2503 4564 2659 4611 eum
2713 4553 2979 4621 statum,
3045 4562 3173 4627 quo
3243 4551 3444 4625 possit
3500 4547 3827 4628 attingere
3887 4559 3990 4624 gra·

2503 4663 2662 4727 dum
2738 4665 2961 4741 gratiae
3042 4661 3470 4735 destinatum,
3536 4662 3679 4726 sive
3737 4679 3851 4741 per
3894 4656 3993 4719 fre·

2503 4782 3002 4859 quentationem
3069 4778 3671 4850 sacramentorum,
3727 4780 3855 4841 sive
3905 4786 3991 4852 per

2500 4902 2686 4958 actus
2757 4896 3083 4975 proprios„
3159 4911 3359 4973 quam
3440 4900 3515 4956 ut
3567 4913 3695 4973 per
3736 4897 3863 4974 ipsa
3906 4890 3985 4951 Sa·

2502 5016 2835 5075 eramenta
2942 5015 3211 5089 recepta
3292 5011 3675 5074 uberiorem
3768 5008 3986 5091 gratiam

2500 5124 2816 5199 conferat,
2879 5125 3032 5205 quia
3087 5125 3180 5187 sic
3248 5134 3554 5205 operatur
3622 5143 3750 5206 per
3817 5119 3983 5186 media

2501 5245 2852 5318 ordinaria,
2898 5257 3050 5322 quae
3097 5258 3182 5305 ex
3223 5259 3297 5306 se
3360 5243 3653 5323 alioquin
3733 5262 3809 5308 ex
3867 5241 3979 5302 inae·

2502 5362 2676 5440 quali
2722 5359 3148 5438 dispositione
3193 5332 3481 5438 subjecti
3533 5359 3782 5422 habent
3816 5354 3977 5418 effica-

2501 5479 2669 5541 ciam
2717 5479 3056 5559 maj0rem,
3117 5478 3222 5539 vel
3293 5478 3660 5551 minorem;
3716 5481 3779 5541 et
3836 5482 3977 5536 casus

2495 5602 2782 5676 ponatur
2826 5610 2866 5657 n
2897 5593 3149 5659 infante
3192 5594 3700 5660 valetudinaria
