4255 6375
851 361 971 423 440

856 555 938 600 ex
982 542 1386 622 Tridentino,
1432 554 1636 633 exigit
1660 557 2068 622 voluntatem
2120 566 2408 641 praemis·

851 671 987 716 sam
1049 662 1445 729 emendandi
1505 671 1670 745 taliS,
1728 675 1949 752 quoad
1979 678 2085 741 illa
2133 698 2254 744 sex
2314 684 2407 746 ita

851 772 1231 854 disposituS,
1306 786 1528 859 quoad
1587 793 1939 866 septimum
2001 811 2135 858 non
2204 799 2407 864 habet

850 890 1520 979 attritionem‚*neque
1582 908 2068 986 contrItionem,
2121 919 2195 974 ut
2248 915 2406 979 dicit

853 1009 1113 1083 Doctor,
1167 1014 1271 1074 vel
1301 1005 1663 1095 supponit;
1718 1040 1861 1101 quae
1913 1033 2276 1108 suppositio
2310 1036 2399 1095 in·

509 1137 796 1204 suppositio
853 1122 1210 1202 telligenda
1258 1135 1359 1191 est
1400 1148 1533 1194 non
1573 1138 1787 1199 solum
1832 1149 2161 1223 negative,
2216 1154 2397 1229 quasi

593 1217 740 1250 casus

543 1265 797 1330 quomodo
850 1255 1215 1318 suspensus
1282 1255 1602 1324 maneret,
1651 1258 1803 1332 quia
1873 1258 1977 1321 hic
2024 1279 2215 1325 casus
2270 1252 2420 1329 non'

500 1326 826 1390 intelligendu

561 1437 564 1446 .
618 1391 722 1440 esi?
853 1360 954 1417 est
1015 1361 1366 1435 practicuS,
1441 1367 1562 1427 sed
1622 1371 1790 1433 sicut
1854 1377 1918 1436 in
1997 1381 2401 1456 praecedenti

849 1478 1217 1551 quaestione
1269 1479 1446 1554 dixit,
1493 1484 1599 1546 vix
1644 1488 1939 1553 invenire
1985 1512 2181 1572 posse
2213 1500 2394 1563 adul-

842 1822 979 1883 sive
1014 1829 1212 1888 etiam
1258 1826 1610 1908 dissensu;
1660 1841 1877 1903 minus
1929 1851 2154 1907 autem
2185 1856 2402 1926 potest

843 1939 1144 2020 intelligi,
1207 1949 1493 2021 practice
1564 1951 1923 2033 loquendo,
1978 1960 2040 2022 in
2096 1970 2402 2039 praesenti

841 2072 997 2119 casu
1057 2058 1364 2125 voluntas
1413 2083 1737 2146 suspensa
1826 2078 1997 2139 circa
2043 2084 2400 2159 septimum

839 2179 1189 2248 peccatum
1234 2177 1299 2238 in
1359 2197 1437 2241 eo
1482 2183 1548 2242 in
1597 2203 1727 2265 quo
1763 2197 1864 2251 est
1920 2196 2221 2258 voluntas
2249 2198 2393 2262 effi-

847 2303 962 2348 cax
1013 2293 1421 2370 suscipiendi
1472 2299 1992 2369 Sacramentum.

613 2435 699 2484 21.
928 2407 1068 2466 Non
1114 2410 1344 2474 subest
1401 2432 1561 2496 ergo
1606 2425 1949 2501 motivum,
2013 2446 2130 2491 cur
2202 2437 2395 2499 etiam

514 2496 794 2625 {ffffiffig'
843 2520 929 2581 de
964 2523 1240 2600 septimo
1290 2523 1400 2589 fiat
1456 2531 1680 2596 similis
1730 2541 1995 2618 attritiO,
2042 2549 2163 2608 nisi
2226 2566 2398 2612 com-

493 2622 812 2735 {gtffigale
843 2636 1111 2714 placeat
1167 2645 1233 2705 in
1283 2647 1452 2723 ipSO‚
1507 2654 1574 2710 et
1618 2660 1939 2729 quantum
1996 2666 2096 2722 est
2169 2664 2252 2726 de
2322 2685 2394 2730 se

848 2759 1187 2820 continuat
1229 2764 1624 2840 septimum;
1675 2787 1802 2848 quo
1848 2790 2052 2839 sensu
2094 2781 2399 2866 intelligit

845 2874 1088 2936 Doctor
1119 2877 1281 2940 illud
1314 2896 1461 2943 esse
1496 2901 1756 2948 causam
1803 2889 2080 2957 fictionis
2127 2916 2248 2961 seu
2305 2905 2396 2965 in-

845 2990 1062 3070 dignae
1106 2999 1502 3074 receptionis
1547 3002 1974 3071 Sacramenti.
2027 3014 2191 3077 illud
2236 3035 2395 3099 ergo

839 3111 933 3173 sic
977 3114 1192 3176 animo
1256 3123 1732 3199 continuatum,
1793 3127 1862 3189 fit
1893 3134 2150 3197 actuale
2202 3138 2266 3200 in
2315 3157 2393 3202 eo

838 3227 1103 3291 instanti
1160 3238 1412 3312 recepti
1483 3240 1910 3319 sacramenti,
1973 3254 2038 3310 et
2097 3252 2191 3313 sic
2262 3271 2396 3317 non

840 3353 1097 3424 spectat
1139 3351 1222 3413 ad
1279 3355 1703 3433 Baptismum,
1758 3363 1881 3425 sed
1935 3364 2013 3427 ad
2072 3374 2397 3445 poeniten-

844 3462 1021 3534 tiam,
1055 3463 1205 3543 quia
1238 3482 1434 3531 omne
1476 3483 1818 3548 peccatum
1873 3480 2052 3557 quod
2102 3482 2172 3545 fit
2233 3502 2389 3549 con-

846 3583 938 3639 tra
1001 3579 1269 3663 dignam
1316 3590 1771 3666 receptionem
1841 3597 2245 3662 Sacramenti
2290 3602 2393 3665 in-

547 3728 765 3779 Peccata
846 3701 1060 3775 tegrat
1107 3697 1465 3780 fictionem,
1500 3708 1789 3788 alioquin
1820 3730 2039 3794 neque
2087 3718 2391 3782 defectus

489 3791 815 3919 {gssfgnssffi
846 3830 1211 3878 consensus
1241 3820 1450 3898 liberi,
1486 3830 1550 3884 et
1577 3826 1719 3888 sine
1766 3830 1895 3891 ulla
1926 3842 2388 3915 repugnantia,

493 3916 808 4031 §ssgssffisseeffi
840 3949 1060 4009 neque
1131 3933 1308 4008 fidei,
1388 3955 1609 4019 neque
1684 3946 2082 4023 poenitentiae
2168 3972 2388 4035 neque

465 4046 753 4158 pecttauttad
836 4050 1152 4124 propositi
1222 4054 1729 4134 emendationiS,
1815 4081 2034 4145 neque
2118 4087 2385 4135 servan·

470 4122 727 4223 oemaerssf‘
837 4161 898 4224 di
966 4166 1188 4243 legem
1262 4169 1517 4246 Christi,
1592 4180 1702 4255 qui
1774 4197 2004 4246 omnes
2081 4192 2379 4252 commit-

831 4292 1054 4349 tuntur
1115 4296 1267 4353 ante
1330 4295 1733 4372 Baptismum
1793 4311 1942 4365 actu
1999 4318 2382 4388 susceptum

828 4411 1211 4482 spectarent
1258 4409 1343 4471 ad
1397 4411 1745 4489 fictionem.
1801 4421 2139 4503 Praecepta
2204 4434 2378 4492 enim

828 4519 909 4582 de
947 4521 1043 4582 liis
1093 4522 1535 4592 determinant
1578 4538 1762 4596 actus
1793 4534 1958 4609 fieri,
1992 4545 2064 4600 ut
2097 4541 2374 4621 disposi-

822 4636 1069 4700 tionem
1105 4643 1402 4716 praeviam
1438 4653 1589 4709 ante
1629 4654 2081 4730 receptionem
2111 4658 2378 4738 dignam

825 4754 1263 4831 Sacramenti;
1299 4762 1393 4823 sic
1426 4779 1585 4843 ergo
1631 4768 1935 4833 voluntas
1983 4776 2370 4838 continuan-

820 4869 882 4934 di
916 4875 1277 4950 septimum
1308 4887 1567 4957 spectat
1617 4885 1700 4947 ad
1739 4884 2092 4961 fictionem,
2157 4898 2222 4954 et
2280 4894 2372 4972 ip·

817 5005 962 5051 sum
993 4995 1348 5070 septimum
1377 4998 1488 5061 dat
1520 5018 1810 5077 causam,
1863 5023 1997 5069 non
2029 5026 2184 5072 vero
2246 5030 2374 5091 qua

816 5109 1125 5182 praeteriit
1154 5110 1410 5186 pridem
1441 5118 1662 5195 quoad
1689 5128 1931 5185 actum.
1980 5131 2086 5185 aut
2132 5131 2371 5190 mansit

817 5222 1134 5307 deinceps
1168 5234 1386 5310 quoad
1418 5235 1711 5297 habitum
1745 5247 1809 5302 et
1837 5246 2089 5303 reatum
2138 5246 2364 5324 culpae,

816 5342 966 5420 quia
1010 5344 1135 5407 hoc
1194 5348 1386 5412 modo
1461 5368 1594 5415 non
1653 5361 1753 5418 est
1821 5361 2092 5421 materia
2164 5365 2368 5441 poeni-

820 5451 1055 5524 tentiae,
1138 5471 1281 5533 quaa
1336 5463 1604 5537 respicit
1661 5470 1878 5526 actum
1939 5473 2363 5545 praeteritum,

812 5565 934 5627 sed
980 5569 1213 5632 subest
1260 5575 1775 5654 complacentiae.
1946 5572 1965 5591 ”

2047 384 2191 445 121ss.
2253 387 2353 448 lV.
2402 388 3018 460 SENTENTIARUM.

2477 5467 2874 5535 Poenitentiae
2920 5474 3147 5538 delere
3206 5480 3425 5540 omnia
3493 5487 3773 5561 peccata,
3823 5496 3940 5559 quae·

2600 566 2739 628 Haec
2810 569 3260 645 interpretatio
3295 575 3647 639 manifesta
3717 582 3797 637 est
3827 581 3956 640 etiam

2519 695 2599 741 ex
2664 683 3029 761 Reportatis
3068 690 3212 751 dist.
3239 692 3297 752 4.
3360 700 3582 769 quaest.
3648 695 3957 768 7.ςουωί-

2517 809 2727 869 onem,
2766 805 2888 858 ete.
2935 799 3364 882 responsione
3394 801 3487 866 ad
3530 801 3803 886 primam
3848 786 3995 886 obiit-P

2518 909 2822 974 ctionem.
2896 912 3102 978 Verba
3169 914 3309 999 ejus
3378 929 3530 982 sunt
3595 940 3610 982 :
3677 920 3814 982 Dico
3856 922 3965 1004 quod

2515 1024 2707 1105 fictus
2765 1038 2973 1113 potest
3046 1031 3284 1098 habere
3357 1038 3573 1101 malla
3624 1048 3876 1121 peccata,
3927 1048 3962 1100 et

2516 1159 2651 1204 non
2675 1153 2953 1227 propter
2990 1146 3323 1231 quodlibet
3380 1160 3472 1214 est
3509 1152 3731 1232 fictus,
3770 1153 3969 1237 quiade

2517 1256 2745 1321 multis
2801 1272 3006 1344 polest
3063 1263 3301 1329 habere
3341 1267 3823 1353 displicentiam
3874 1291 3969 1333 con-

2518 1371 2846 1438 tinuando
2879 1387 3132 1443 tantum
3190 1402 3411 1462 tenum,
3469 1384 3571 1447 sic
3646 1386 3705 1449 si
3738 1396 3815 1449 est
3844 1387 3974 1466 fictus

2517 1484 2767 1554 denno
2817 1502 3071 1559 tantum
3142 1508 3431 1581 peccato,
3509 1511 3574 1563 ec
3645 1500 3851 1564 habeat
3907 1499 3975 1562 di-

2515 1605 2939 1689 splicentiam
2971 1609 3053 1673 de
3081 1613 3384 1678 omnibus
3421 1615 3609 1692 aliis,
3645 1627 3872 1701 oportet
3898 1616 3975 1679 ha-

2515 1721 2661 1787 bere
2686 1726 3145 1808 poem‘tentiam
3176 1727 3257 1792 de
3306 1730 3425 1794 illo
3483 1752 3615 1796 uno
3653 1736 3977 1817 peccaton-

2516 1849 2622 1901 ciet
2669 1839 2751 1903 de
2791 1844 3134 1907 commisso
3171 1857 3319 1930 post
3351 1847 3786 1932 Bapfismum,
3825 1849 3977 1914 etalio

2514 1952 2822 2022 delemen-
2882 1947 3004 2043 per
3062 1961 3502 2046 Baptismum,
3569 1977 3696 2030 etc.
3751 1963 3977 2029 Videatur

2510 2072 2941 2147 responsione
2973 2073 3057 2136 ad
3091 2078 3375 2139 tertium.

2589 2187 2680 2247 Ex
2733 2188 2831 2250 his
2874 2195 3057 2267 patet
3114 2193 3198 2254 ad
3254 2198 3541 2258 rationes
3604 2200 3847 2272 suarez,
3885 2207 4017 2276 qua

2511 2304 2879 2380 procedunt
2924 2324 3148 2370 ornnes
3206 2328 3282 2372 ex
3352 2313 3521 2373 mala
3595 2281 4021 2393 intelligentia*

2511 2421 2660 2508 quia
2711 2421 2867 2486 illud
2927 2425 3136 2489 inesse
3166 2446 3279 2492 seu
3321 2428 3653 2495 inhaerere
3691 2443 3974 2517 peccatum,

2511 2544 2688 2622 quod
2746 2546 3027 2609 intendit
3057 2551 3295 2613 Doctor
3332 2562 3431 2616 est
3466 2556 3688 2619 inesse
3746 2563 3805 2619 et
3840 2558 3973 2617 inha-

2507 2678 2652 2723 rere
2685 2679 2803 2739 per
2852 2669 3412 2732 continuationem
3466 2678 3535 2733 et
3588 2676 3960 2736 voluntarium

2511 2794 2932 2856 consensum,
2960 2797 3090 2843 non
3112 2790 3333 2847 autem
3352 2803 3474 2864 per
3493 2790 3700 2851 solam
3731 2791 3977 2852 maculam
4050 2781 4056 2842 Ι

2508 2893 2930 2970 habitualem,
2952 2899 3103 2977 quia
3133 2904 3224 2961 sic
3252 2903 3447 2964 etiam
3470 2905 3719 2984 reliqua
3740 2908 3980 2968 inhaerent

2507 3016 2662 3073 ante
2696 3018 2761 3073 et
2803 3019 2953 3091 post
2993 3016 3424 3095 Baptismum,
3466 3023 3535 3082 in
3588 3041 3665 3084 eo
3706 3041 3848 3086 casu
3902 3043 3969 3085 su-

2507 3131 2836 3205 sceptum,
2877 3146 3097 3210 neque
3136 3141 3485 3212 peccatum
3510 3140 3713 3201 ullum
3744 3139 3838 3203 dat
3866 3157 3973 3203 cau·

2507 3259 2649 3305 sam
2696 3244 2957 3320 fictioni,
3021 3251 3145 3311 nisi
3206 3252 3421 3314 medio
3468 3254 3674 3317 libero
3721 3276 3978 3320 consensu

2507 3361 2855 3424 voluntatis
2900 3369 3223 3442 praesenti,
3286 3386 3368 3430 ex
3427 3387 3557 3449 quo
3620 3377 3815 3437 oritur
3856 3374 3977 3437 fictio

2506 3494 2629 3539 seu
2658 3480 2917 3543 omissio
2954 3480 3395 3560 dispositionis
3425 3489 3511 3549 ad
3531 3488 3725 3552 finem
3748 3486 3975 3554 debitum

2507 3596 2927 3661 Sacramenti.
3001 3602 3307 3665 Rationes
3395 3606 3615 3685 itaque
3704 3610 3977 3688 praemissae

2505 3712 2909 3775 concludunt
2931 3716 3149 3796 quoad
3174 3727 3443 3798 peccata
3469 3731 3618 3785 ante
3642 3725 3975 3803 Baptismum

2502 3831 2872 3905 commissa,
2905 3840 2970 3894 et
3001 3850 3281 3912 quorum
3311 3839 3554 3901 malitia
3588 3849 3971 3903 consummata

2504 3949 2604 4004 est
2634 3948 2854 4024 quoad
2899 3966 2996 4023 se,
3058 3957 3124 4014 et
3177 3959 3432 4015 motum
3473 3959 3810 4019 voluntatis
3836 3958 3970 4021 indc-

2501 4061 2875 4139 pendenter
2943 4082 2979 4127 a
3039 4069 3396 4145 Baptismo‚
3459 4089 3588 4134 non
3662 4083 3863 4136 autem
3922 4074 3975 4133 de

2499 4181 2787 4255 peccatis
2879 4185 3237 4245 commissis
3311 4188 3483 4250 circa
3553 4194 3972 4269 susceptionem

2495 4296 2706 4374 ipsam
2765 4300 3192 4375 sacramenti,
3227 4305 3422 4382 quale
3485 4315 3580 4369 est
3637 4308 3789 4370 illud
3827 4309 3970 4386 sepli-

2496 4431 2674 4476 mum
2746 4421 3061 4493 quantum
3120 4418 3193 4480 ad
3273 4425 3821 4488 continuationem
3881 4431 3967 4497 sui,

2497 4548 2638 4610 quae
2703 4531 2952 4594 inducit
2999 4533 3357 4599 fictionem.

2573 4647 3099 4722 Conclusionem,
3132 4668 3254 4713 seu
3292 4659 3779 4733 responsionem
3807 4660 3963 4734 impu·

2489 4771 2698 4843 gnant
2742 4766 2871 4836 alii,
2921 4776 2987 4829 ut
3038 4770 3336 4847 vasquez
3384 4791 3529 4850 cap.
3583 4776 3639 4835 3.
3701 4780 3818 4836 tota
3864 4775 3964 4852 ejus

2487 4882 2894 4962 impugnatio
2940 4885 3281 4949 reducitur
3310 4889 3395 4950 ad
3442 4907 3603 4963 eam,
3636 4909 3821 4971 quam
3871 4893 3958 4952 Do·

2491 5005 2628 5059 ctor
2673 5000 2796 5061 sibi
2856 5002 3079 5081 objicit
3140 5010 3205 5066 et
3260 5007 3474 5082 solvit,
3522 5024 3750 5088 nempe
3801 5009 3955 5087 poeni·

2486 5117 2758 5180 tentiam
2832 5119 3062 5183 ordine
3135 5131 3383 5188 naturae
3480 5136 3541 5191 et
3631 5131 3953 5193 causalitatis
3992 5191 4011 5233 x.

2484 5234 2667 5311 prius
2739 5237 2997 5313 operari
3050 5240 3134 5300 ad
3206 5242 3657 5305 remissionem
3700 5245 4011 5312 fictioni-<012-

2481 5353 2762 5427 gratiam
2795 5360 3017 5416 autem
3070 5356 3294 5420 datam
3347 5362 3577 5425 virtute
3616 5362 3939 5425 sacramenti

2485 5584 2637 5646 dam
2695 5604 2815 5664 per
2857 5607 2955 5665 se,
3002 5595 3078 5653 ut
3131 5590 3490 5669 fictionem,
3548 5611 3690 5673 quae
3729 5596 3801 5657 ad
3844 5609 3934 5654 ma·
