4255 6375
1369 387 1565 450 ms'r.
1599 387 1700 450 lv,
1748 386 2113 464 QUAES'HO
2148 389 2250 450 vl.
3372 386 3480 454 471

221 547 695 612 &amentatis
752 558 845 612 est
904 558 973 613 ut
1031 550 1368 615 contineat
1435 550 1510 613 in
1569 549 1811 613 virtute
1923 568 2160 635 nempe
2217 547 2677 616 remissionem
2737 549 3035 628 actualiS,
3105 548 3258 636 quia
3321 548 3479 614 illud

219 679 352 723 sua
409 664 888 729 remissionem
911 666 1171 752 peccati
1219 675 1536 750 quantum
1587 675 1679 730 est
1726 686 1809 728 ea}
1924 685 2053 729 non
2095 664 2296 729 estin
2341 665 2639 750 parvulo,
2688 665 2776 729 ita
2828 665 2890 730 in
2942 665 3162 732 adulto
3225 665 3467 731 sancti-

211 786 433 861 parte
500 780 949 858 Sacramenci,
1019 802 1154 847 non
1210 802 1365 847 vero
1429 781 1604 867 quod
1657 792 1808 860 actu
1921 775 2111 843 ficato
2171 799 2326 844 vere
2387 778 2593 844 forma
2644 780 3075 860 sacramenti,
3132 791 3195 846 et
3256 779 3469 864 ipsum

222 894 571 977 conferat
633 897 1020 983 cuicumque
1081 897 1370 984 subjecto
1445 898 1638 964 illam
1707 918 1807 962 re·
1920 892 2113 959 etiam
2159 895 2651 960 Sacramentum
2720 895 3123 975 verificatur,
3172 895 3477 981 quamvis

221 1009 662 1090 missionem,
699 1012 925 1079 sinon
974 1024 1068 1078 est
1114 1035 1335 1101 capas:
1366 1014 1800 1092 remissionis,
1918 1028 2046 1074 non
2091 1010 2155 1074 in
2215 1011 2670 1076 remissionem
2713 1011 2980 1098 peccati,
3027 1011 3140 1076 sed
3186 1010 3264 1077 ad
3304 1010 3470 1077 alios

216 1124 371 1188 siue
414 1146 516 1190 ex
569 1126 767 1206 obice,
829 1129 970 1193 sive
1018 1129 1175 1214 quia
1230 1150 1366 1196 non
1416 1129 1692 1216 indiqu,
1735 1139 1806 1193 ue
1916 1123 2212 1191 effectus.
2289 1125 2471 1191 Unde
2538 1138 2756 1192 manet
2833 1127 3202 1212 probatum,
3294 1126 3466 1212 quod

217 1240 654 1307 cuinullum
699 1243 861 1308 ins-it
894 1256 1262 1329 peccatum.
1305 1249 1457 1312 lloec
1507 1245 1806 1332 sequitur
1916 1261 2113 1325 supra
2171 1241 2326 1306 dicit
2386 1245 2641 1320 Doctor,
2697 1243 3187 1308 Sacramentum
3247 1242 3466 1307 remit-

216 1375 302 1420 ex
349 1354 591 1435 dictis,
671 1369 736 1424 et
798 1360 1059 1445 probari
1122 1371 1336 1446 potest
1394 1382 1476 1426 ex
1533 1358 1801 1428 Triden-
1912 1368 2052 1422 tere
2091 1369 2428 1443 peccatum
2470 1355 2819 1445 aliquando
2871 1359 2935 1423 in
2986 1360 3165 1441 fieri,
3231 1378 3464 1444 nempe

219 1471 366 1537 tino
397 1493 573 1540 sess.
611 1475 681 1539 7.
725 1473 809 1541 de
835 1476 1141 1542 Sacram.
1180 1477 1254 1542 in
1281 1498 1519 1563 yenere
1548 1498 1698 1545 can.
1732 1482 1797 1546 6.
1913 1472 2174 1559 quando
2242 1475 2438 1554 inest,
2509 1473 2859 1562 aliquando
2929 1474 2995 1539 in
3070 1477 3252 1560 sacto
3327 1495 3461 1539 esse

217 1586 338 1653 ubi
394 1586 645 1654 definit
704 1591 1118 1657 Sacramenta
1186 1611 1376 1659 novae
1424 1592 1591 1679 legis
1648 1614 1803 1660 con·
1910 1588 2086 1654 etin
2154 1591 2305 1674 sore
2369 1590 2427 1655 si
2497 1589 2759 1670 inesset,
2853 1611 2966 1677 per
3034 1610 3183 1676 quae
3260 1591 3460 1656 verba

220 1711 450 1778 tinere
515 1712 820 1798 gratiam,
866 1735 1058 1802 quam
1099 1715 1508 1802 significant,
1565 1738 1800 1804 nempe
1912 1705 2076 1774 nihil
2135 1705 2308 1774 aliud
2369 1706 2631 1773 denotat
2698 1728 2891 1795 quam
2954 1708 3263 1774 virtutem
3332 1711 3449 1775 Sa—

221 1827 290 1891 in
339 1826 606 1894 virtute
646 1841 710 1895 et
749 1828 1062 1910 efficacia,
1100 1851 1249 1918 quae
1292 1833 1600 1920 competit
1640 1853 1797 1899 cau·
1906 1823 2252 1902 effluenti,
2297 1835 2612 1910 quantum
2655 1836 2755 1890 cst
2800 1845 2880 1889 ex
2933 1837 3114 1912 parte
3153 1825 3384 1912 ipsius,

218 1963 317 2008 sae
362 1943 690 2011 efficienti
751 1945 1260 2028 instrumentali‚
1310 1968 1585 2035 eamque
1642 1949 1796 2016 dare
1995 1938 2304 2024 Sequitur
2352 1960 2432 2004 ex
2480 1938 2583 2004 his
2626 1939 2690 2004 in
2732 1940 3113 2007 Beatissima
3154 1941 3670 2063 Virgine‚Con38.
3732 2020 3741 2029 ⁵

219 2057 760 2144 suscipientibus
846 2076 1166 2147 quantum
1256 2077 1354 2128 est
1437 2083 1518 2129 ox
1615 2077 1797 2149 parte
1906 2065 1969 2119 et
2015 2054 2428 2121 immaculata
2470 2055 2549 2123 ab
2600 2056 2773 2122 omni
2827 2053 3089 2143 peccato
3130 2058 3346 2144 operis
3392 2071 3453 2123 et
3503 2024 3777 2134 dicigssi'iffi

219 2174 670 2254 Sam-amenti,
712 2175 838 2242 nisi
894 2177 1060 2244 obex
1101 2190 1420 2264 penatum
1458 2178 1627 2245 idem
1676 2182 1793 2247 ha-
1907 2170 2209 2256 originiS,
2275 2172 2567 2258 potuisse
2623 2172 2946 2240 verificari
3010 2176 3280 2240 sormam
3342 2178 3453 2240 Sa-

221 2290 336 2356 bet
377 2294 651 2358 Canone
683 2292 1015 2379 sequenti.
1071 2296 1259 2380 Hugo
1299 2294 1381 2361 de
1418 2298 1483 2363 S,
1538 2296 1795 2364 Victore
1905 2288 2249 2373 eramenti,
2281 2287 2425 2355 sine
2476 2288 2605 2354 ullo
2655 2289 3039 2377 praejudicio
3080 2312 3218 2356 suae
3263 2291 3451 2356 inno-

224 2408 344 2475 lib.
395 2412 468 2475 2.
525 2409 609 2474 de
648 2411 1121 2490 sacramentis,
1174 2423 1355 2498 parc,
1399 2416 1504 2480 14,
1539 2435 1683 2500 cap,
1724 2417 1786 2481 8,
1904 2405 2163 2485 centiae,
2246 2405 2388 2471 sine
2477 2405 2601 2471 ulla
2678 2406 3141 2474 connotatione
3207 2409 3452 2493 peccati

221 2522 337 2588 ubi
397 2523 567 2590 dicit
623 2523 868 2591 formas
920 2526 1425 2593 sacramentales
1483 2529 1791 2614 Baptismi
1906 2522 2221 2608 praetcriti
2266 2534 2330 2588 et
2362 2524 2734 2609 praesentis,
2783 2524 2934 2611 quia
2995 2524 3059 2590 in
3118 2544 3190 2590 ea
3248 2526 3456 2611 Bapti-

221 2650 287 2705 et
323 2640 775 2719 Poenitentiae,
820 2663 957 2707 non
1004 2653 1247 2722 actum,
1307 2655 1422 2709 aut
1461 2656 1784 2726 eventum,
1904 2659 2089 2705 smus
2124 2638 2390 2706 haberet
2422 2639 2585 2705 alios
2617 2661 2772 2706 suos
2804 2641 3101 2724 effectuS,
3141 2663 3253 2728 per
3293 2662 3458 2727 quos

219 2758 340 2825 sed
409 2759 732 2824 virtutem
784 2779 1056 2825 suorum
1122 2762 1478 2847 effectuum
1527 2763 1792 2849 siqnifi-
1904 2754 2291 2821 subsisteret
2360 2752 2599 2822 veritas
2679 2754 2960 2842 practica
3044 2758 3213 2844 ejuS,
3287 2756 3458 2822 Sicut

221 2896 429 2954 care,·
514 2874 685 2961 quod
782 2874 1054 2960 perinde
1146 2890 1246 2942 est
1345 2897 1420 2943 ac
1483 2876 1792 2946 denotare
1904 2871 2115 2939 fusius
2158 2874 2502 2961 probatum
2534 2885 2655 2955 est,
2695 2894 2823 2939 non
2868 2894 3015 2940 esse
3052 2873 3133 2939 de
3181 2874 3456 2940 veritate

223 2990 546 3057 virtutem
598 3002 662 3056 et
701 2989 1059 3057 efficaciam
1116 3004 1414 3078 respectu
1476 2994 1772 3077 effectum
1899 3001 2011 3055 aut
2040 2988 2328 3057 efficacia
2358 2991 2783 3070 Sacramenti,
2821 3002 2930 3057 aut
2979 2990 3173 3057 ullius
3204 3012 3444 3072 causae,

227 3125 360 3170 non
492 3118 706 3174 autem
785 3126 1047 3195 semper
1140 3107 1356 3197 ipsum
1451 3110 1782 3193 effectum,
1901 3119 2014 3172 aut
2052 3107 2250 3173 etiam
2311 3107 2377 3174 in
2435 3120 2581 3174 actu
2633 3107 2945 3186 secundO,
3002 3118 3070 3172 ut
3129 3105 3446 3195 producat

230 3222 388 3308 quia
427 3223 540 3290 hic
592 3223 914 3309 dependet
968 3224 1162 3291 etiam
1223 3246 1258 3293 a
1315 3237 1487 3292 statu
1549 3240 1613 3294 et
1650 3228 1785 3295 dis-
1900 3243 2159 3291 omnem
2200 3223 2527 3304 effectum,
2581 3224 2661 3291 ad
2721 3246 2913 3313 quem
2975 3224 3315 3291 ordinatur
3364 3247 3443 3293 ex

3546 1183 3753 1235 Doctor.

233 3340 567 3423 positione
614 3340 917 3427 subjecti.
1897 3341 2140 3408 virtute
2195 3363 2336 3421 sua,
2396 3342 2459 3406 in
2521 3342 2757 3429 quovis
2807 3342 3101 3427 subjecto
3161 3362 3437 3429 quomo-

319 3456 493 3522 Hinc
534 3467 707 3522 recte
755 3468 980 3522 noster
1017 3456 1314 3522 Corduba
1354 3457 1466 3524 lib.
1507 3463 1567 3524 1.
1603 3481 1781 3545 quae-
1894 3457 2261 3545 (locumque
2289 3459 2624 3544 disposite,
2669 3470 2780 3525 aut
2813 3480 2941 3524 non
2973 3459 3217 3545 capaci.

223 3573 546 3653 stionum,
585 3584 811 3659 quoest.
860 3576 920 3638 1.
966 3574 1285 3660 opinione
1323 3578 1361 3640 2
1422 3574 1512 3640 ad
1549 3597 1778 3642 secun-
1981 3579 2059 3641 Et
2117 3575 2389 3662 perinde
2440 3574 2787 3641 difficultas
2850 3595 3044 3661 supra
3105 3576 3432 3660 proposita

221 3688 408 3770 dum,
493 3690 589 3756 sic
656 3690 1122 3776 interpretatur
1198 3711 1467 3759 sensum
1547 3692 1775 3759 formoe
1890 3702 2082 3778 urget
2112 3702 2434 3775 auctoreS‚
2502 3690 2654 3778 quia
2722 3703 3021 3757 asserunt
3095 3692 3429 3777 Virginem
3504 3670 3723 3783 Ρθζζξξθ

222 3806 544 3891 Baptismi
595 3818 661 3873 et
700 3805 1152 3874 Poenitentioe:
1197 3809 1298 3873 Do
1356 3809 1475 3874 cibi
1532 3810 1770 3875 Sacra-
1886 3807 2089 3874 fuisse
2147 3829 2181 3874 a
2237 3818 2498 3894 peccato
2548 3807 3013 3874 sanctificatam
3073 3809 3136 3873 in
3216 3820 3424 3889 utero,
3488 3804 3737 3907 quaarhtum

219 3936 518 3990 mentum
626 3924 872 3991 habens
992 3927 1302 3992 virtutem
1416 3926 1770 3993 delecivam
1883 3924 2052 3991 sicut
2073 3923 2233 3989 alias
2268 3936 2583 4009 negantes
2622 3924 3025 3990 contraxisse
3066 3936 3423 4011 peccatum,
3455 3928 3754 4034 pffiffiztlffl

215 4040 498 4121 Ρθθθαῑῑ,
551 4038 769 4126 quoad
814 4039 1078 4125 culpam
1137 4051 1197 4105 el
1258 4062 1521 4127 poenam
1577 4052 1769 4106 oeter-
1885 4052 1952 4107 ut
1993 4040 2280 4128 ingenue
2336 4039 2574 4105 fatetur
2620 4060 2815 4127 supra
2859 4044 3074 4118 Sotus‚
3136 4062 3310 4120 nam,
3359 4053 3428 4107 ut
3476 4106 3537 4156 V,
3570 4053 3687 4115 tem,

221 4175 401 4236 nam,
471 4168 594 4223 etc·
661 4156 724 4221 Si
789 4177 955 4242 egle-⁸,
1019 4169 1143 4223 etc.
1206 4168 1266 4223 et
1331 4158 1468 4223 nisi
1524 4159 1770 4224 obicem
1882 4156 2050 4223 infra
2082 4157 2480 4238 videbimus,
2516 4169 2580 4223 et
2603 4158 2739 4244 jam
2776 4158 3110 4245 probatam
3143 4169 3264 4235 est,
3312 4123 3771 4223 Ca-t‘uissssgeu'gii-

3372 4277 3382 4287 ,
3449 4234 3737 4296 distentam,

112 4329 146 4370 ,ἢ
217 4275 548 4356 posueris.
650 4274 888 4339 Suarez
985 4284 1143 4341 tom.
1232 4278 1294 4341 4.
1379 4276 1448 4341 in
1542 4280 1605 4342 3.
1690 4298 1760 4362 p.
1882 4294 2007 4339 non
2040 4273 2276 4340 citatus
2308 4272 2650 4359 (quantum
2684 4272 2761 4338 ad
2794 4274 2928 4339 vim
2960 4287 3766 4362 consequentisautpraeser-

221 4389 394 4477 disp.
461 4393 565 4456 19.
608 4390 776 4457 hanc
832 4391 1115 4478 appellat
1170 4412 1584 4459 communem
1645 4398 1764 4459 Do·
1875 4404 1940 4459 et
1996 4389 2365 4477 argumenti
2418 4390 2659 4476 sumpti
2718 4389 2798 4455 de
2854 4390 3128 4456 veritate
3194 4392 3474 4467 formica
3522 4366 3757 4484 ἔέξξζῗο

219 4516 499 4585 ctorum,
544 4528 739 4595 quam
793 4506 933 4593 ipse
982 4508 1319 4595 sequitur;
1365 4509 1537 4596 quod
1593 4525 1764 4577 recte
1878 4506 2189 4596 Baptismi
2223 4507 2289 4571 in
2324 4506 2701 4587 infantibus,
2749 4528 2876 4593 quo
2910 4508 3137 4591 probet
3165 4528 3277 4574 eos
3309 4507 3423 4572 ha-
3518 4489 3691 4536 3⁰⁰³·

221 4620 552 4711 colligitur
617 4644 696 4689 ex
762 4625 898 4711 jam
962 4625 1178 4691 citatis
1238 4646 1459 4712 supra,
1533 4638 1596 4693 et
1681 4649 1762 4694 ex
1877 4623 2029 4687 bere
2086 4634 2423 4707 peceatum
2482 4618 2804 4708 originale
2878 4633 3280 4688 contractum
3341 4644 3419 4687 ex

225 4739 613 4825 negantibus
665 4740 1065 4825 Baptismum
1125 4738 1264 4806 dari
1335 4741 1402 4806 in
1471 4741 1762 4808 remissi·
1876 4738 2087 4824 primo
2126 4749 2434 4823 parente;
2472 4737 2643 4825 quod
2684 4749 2781 4804 est
2829 4738 3153 4805 intentum
3186 4760 3419 4804 eonse-

221 4872 406 4921 onem
469 4865 878 4941 peccatorum
957 4855 1402 4924 sanctificatis.
1468 4859 1762 4945 Vasquez
1874 4854 2162 4942 quentiae
2193 4853 2414 4939 illatae)
2458 4855 2736 4922 intendit
2776 4856 3050 4941 probare
3083 4867 3417 4942 peccatum

112 4947 165 4965 '⁹
223 4978 371 5038 tom.
408 4976 476 5040 4.
520 4974 596 5037 in
646 4976 711 5038 3.
768 4981 950 5057 part,
995 4984 1223 5058 quoest.
1278 4974 1384 5042 91.
1452 4983 1517 5040 et
1565 4986 1756 5061 quot·
1874 4970 2113 5049 inesse,
2178 4984 2243 5036 et
2318 4992 2448 5037 non
2509 4972 2680 5059 quod
2755 4983 3004 5039 tantum
3052 4973 3242 5039 fuerit
3303 4996 3420 5041 nec

224 5100 374 5168 quot
445 5086 814 5173 specialiter
904 5106 1053 5152 cum
1130 5090 1204 5155 D.
1286 5088 1534 5155 Thoma
1620 5088 1756 5155 dari
1869 5085 2310 5166 concluderet,
2412 5086 2468 5153 si
2562 5087 2824 5154 aliunde
2889 5088 3089 5155 deleri
3171 5102 3412 5176 posset,

225 5200 703 5271 Sacramentum
809 5202 1220 5271 Poenitentiae
1303 5204 1591 5272 validum
1690 5207 1755 5272 in
1870 5223 2064 5289 quam
2109 5223 2225 5288 per
2255 5203 2653 5288 Baptismum
2695 5204 2775 5269 de
2815 5204 3002 5291 lege;
3048 5205 3221 5271 unde
3260 5226 3417 5271 con-

226 5315 446 5389 forma.
1868 5320 2205 5407 sequentia
2246 5321 2513 5393 Concilii
2552 5341 2679 5388 non
2711 5323 3083 5389 extenditur
3113 5324 3190 5388 ad
3233 5326 3414 5389 adul-

307 5434 483 5502 Sicut
551 5457 712 5523 ergo
778 5436 1148 5522 Baptismus
1204 5436 1396 5504 datus
1463 5439 1754 5525 parvulis
1866 5451 1991 5520 tos,
2037 5440 2277 5529 quibus
2308 5442 2430 5522 alia
2473 5443 2755 5511 remedia
2804 5456 2955 5510 ante
3003 5445 3405 5533 Baptismum

231 5567 349 5616 non
459 5553 654 5621 habet
753 5573 1018 5619 omnem
1115 5552 1415 5621 effectum
1530 5576 1749 5628 suum,
1866 5567 2227 5643 suppetunt
2275 5557 2533 5625 delendi
2576 5561 2846 5647 peccati.
