4255 6375
57 1074 177 1122 ἔνι-01·

57 1135 179 1201 dagii
190 1172 206 1187 .

57 1921 204 1975 nfundi

57 2050 196 2100 ,τι-0011

57 2115 206 2161 *aliam
223 2143 238 2165 ,

57 2175 219 2224 omcdo

57 2241 242 2302 eligen-

57 2303 178 2349 dum.

57 4497 266 4614 {efflatio

57 4637 117 4670 iro
139 4631 269 4696 parte

57 4686 293 4741 firmam-a.
324 4720 451 4765 one
498 4696 800 4764 convinci
856 4706 1088 4781 potest,
1144 4714 1289 4759 meo
1321 4692 1600 4779 judicio.
1663 4696 1865 4757 Caete-

1460 459 1637 524 Dls'r
1668 462 1712 521 1.
1762 459 2123 535 QUAESTlO
2185 455 2259 520 V.

288 631 404 688 tur
435 620 612 708 quod
644 621 818 690 illud
846 645 969 710 quo
1002 623 1347 690 meritorie
1368 625 1532 710 (cyil,
1560 624 1645 687 sit
1694 624 1838 707 for-

284 759 399 803 ma
448 742 628 826 eju-Q·
681 741 802 808 Ιιο0
849 752 1066 808 aulem
1119 762 1244 829 quo
1300 740 1641 806 meritorie
1671 740 1831 824 ayie,

284 875 423 919 non
441 865 651 941 potest
689 877 823 922 esse
848 879 1023 943 pura
1053 868 1323 936 natura,
1362 857 1524 942 quia
1566 865 1721 919 tunc
1759 875 1845 918 eae

283 968 453 1033 solis
492 972 909 1038 natm-atibus
960 982 1176 1059 posset
1227 972 1569 1037 meritorie
1611 989 1829 1056 apere,

286 1084 469 1169 qnod
505 1086 769 1152 videtur
804 1110 995 1155 error
1025 1090 1335 1175 Pelaqii,·
1376 1088 1589 1173 iyieur
1629 1086 1848 1170 requi-

288 1201 474 1267 ritur
511 1203 775 1290 aliquid
814 1203 1353 1290 supernaturale,
1401 1215 1532 1269 etc.
1598 1201 1845 1276 Quibus

286 1317 517 1384 verbis
559 1321 868 1407 supponit
925 1342 1240 1400 errorem,
1306 1339 1498 1406 quem
1543 1316 1847 1402 Pelagius

285 1434 515 1502 docuit
570 1436 650 1503 de
688 1438 940 1504 viribus
998 1438 1211 1504 liberii
1269 1435 1545 1513 arbitrii,
1592 1445 1655 1501 et
1700 1446 1846 1501 actu

282 1550 463 1617 bono
493 1572 609 1619 seu
642 1553 1085 1633 meritori0,ad
1115 1574 1305 1641 quem
1339 1552 1502 1617 nihil
1538 1550 1686 1617 facit
1713 1570 1847 1615 mo-

282 1667 415 1734 dus
457 1668 857 1755 producendi
897 1670 1200 1755 gratiam,
1246 1669 1387 1735 sive
1448 1689 1563 1754 per
1618 1666 1848 1733 creati·

291 1804 517 1861 onem,
565 1785 705 1850 sive
744 1805 859 1872 per
888 1769 1304 1852 eductionem
1332 1806 1413 1851 ex
1452 1784 1769 1870 subjecto,

390 1898 576 1976 Quod
632 1911 847 1967 autem
908 1901 1171 1988 quidam
1215 1901 1416 1966 verba
1464 1900 1844 1985 Scriptura),

300 2017 367 2082 in
412 2016 654 2104 quibus
680 2017 889 2104 gratia
929 2016 1167 2083 dicitur
1207 2016 1461 2082 infundi
1507 2027 1570 2082 et
1609 2013 1841 2098 creari,

298 2134 592 2200 referant
646 2133 723 2199 ad
781 2134 1176 2200 creationem
1247 2134 1392 2219 ejus
1433 2132 1844 2218 simpliciter,

299 2269 432 2314 non
523 2249 608 2315 ita
666 2250 947 2337 intelligi
1019 2249 1281 2329 debent,
1363 2248 1551 2335 quasi
1618 2246 1849 2314 similis

297 2366 515 2431 forma
551 2366 898 2432 verborum
953 2387 1079 2431 non
1112 2365 1621 2452 comprehendat
1651 2364 1847 2431 etiam

291 2494 482 2548 actus
560 2481 1121 2568 supernaturales,
1174 2481 1285 2569 qui
1354 2480 1721 2547 educuntur
1768 2499 1848 2544 ex

287 2598 587 2685 potentia
648 2598 949 2686 subjecti,
1024 2597 1135 2664 sed
1210 2597 1419 2683 magis
1485 2595 1847 2664 secundum

283 2713 663 2801 subjectam
700 2713 1059 2794 materiam,
1097 2725 1167 2780 ut
1199 2712 1259 2778 id
1293 2713 1357 2779 in
1392 2713 1610 2799 rigore
1651 2713 1848 2779 intel-

285 2828 407 2915 ligi
442 2828 677 2896 debeat
709 2832 790 2896 de
817 2829 1027 2916 gratia
1061 2829 1399 2896 habituali.
1438 2832 1526 2895 De
1557 2828 1703 2895 aliis
1737 2851 1848 2895 ve-

287 2965 362 3010 ro
403 2956 734 3031 quatenus
768 2944 1035 3032 speciali
1075 2944 1185 3010 Dei
1226 2944 1395 3010 dono
1449 2943 1613 3010 fiunt
1644 2957 1708 3010 et
1742 2966 1849 3011 re-

288 3061 624 3128 ducuntur
662 3061 739 3128 ad
789 3061 1091 3149 gratiam,
1128 3061 1233 3126 vel
1267 3071 1439 3140 actu,
1478 3060 1582 3126 vel
1625 3072 1850 3147 poten-

290 3181 406 3261 tia,
462 3181 571 3247 vel
613 3181 975 3248 secundum
1017 3180 1470 3259 directionem,
1534 3178 1730 3247 finem
1786 3193 1850 3247 et

296 3298 684 3384 imperium,
741 3297 1107 3365 denotando
1159 3298 1608 3385 impotentiam
1661 3296 1849 3364 liberi

294 3415 582 3494 arbitrii,
635 3426 706 3481 ut
748 3414 1113 3481 denudatur
1144 3414 1382 3500 gratia,
1437 3412 1540 3479 vel
1590 3412 1853 3479 auxiliis

296 3531 875 3619 aequivalentibus.
968 3531 1206 3619 quibus
1292 3530 1633 3617 suppletur
1712 3530 1853 3617 ejus

296 3647 635 3715 activitas.
690 3646 896 3734 Magis
950 3647 1123 3713 enim
1172 3647 1481 3713 convenit
1530 3646 1854 3732 interpre-

294 3764 417 3831 tari
453 3768 759 3830 Doctores
789 3784 870 3830 ex
900 3762 1038 3829 suis
1072 3761 1412 3849 principiis
1444 3761 1627 3841 alibi,
1656 3782 1853 3850 quam

299 3892 528 3947 notare
559 3879 637 3946 de
676 3878 958 3947 absurda
997 3877 1426 3965 intelligentia
1468 3878 1852 3963 Scripturas,

299 4016 498 4082 quam
550 3995 676 4082 ipsi
713 4015 840 4061 non
890 3994 1334 4073 admitterent,
1371 3992 1557 4080 quasi
1609 3993 1853 4078 infusi-

304 4116 474 4193 οηὶε,
522 4126 635 4180 aut
667 4113 1027 4180 creationis
1076 4108 1465 4178 vocabulum
1517 4110 1859 4176 universa—

310 4231 458 4297 liter
505 4230 586 4296 de
634 4228 961 4298 creatione
1015 4228 1081 4295 in
1135 4229 1352 4315 rigore
1389 4226 1562 4293 dicta
1623 4225 1859 4292 intelli-

313 4360 579 4436 gantur.

406 4469 734 4542 Quantum
802 4474 1019 4530 autem
1090 4461 1167 4528 ad
1216 4460 1726 4527 controversiam
1795 4458 1860 4524 in

323 4603 417 4661 se,
465 4593 691 4648 neutra
732 4579 952 4665 opinio
992 4599 1073 4644 ex
1124 4577 1452 4663 Scriptura
1513 4589 1624 4642 aut
1714 4575 1863 4640 rati·

325 4834 471 4880 rum
518 4811 886 4879 communis
941 4809 1490 4877 scholasticorum
1542 4806 1866 4873 sententia

326 4930 389 4994 in
431 4949 502 4995 re
529 4928 805 4994 obscura
842 4937 906 4993 et
955 4924 1262 5011 ambigua
1296 4924 1699 5010 pracferenda
1741 4935 1864 5003 est,

323 5044 436 5111 ubi
481 5044 641 5109 nihil
676 5042 741 5109 in
782 5042 1153 5129 oppositum
1200 5052 1411 5127 urget.
1450 5043 1528 5105 Et
1558 5039 1869 5105 suadetur

328 5159 541 5246 primo
577 5179 591 5222 ε
626 5158 833 5245 gratia
876 5170 975 5224 est
1022 5158 1227 5223 forma
1266 5155 1514 5222 ordinis
1556 5175 1870 5242 superna·

328 5274 559 5341 turalis
616 5273 1022 5358 simpliciter,
1080 5275 1156 5339 ad
1208 5292 1400 5359 quam
1437 5271 1598 5336 nihil
1642 5270 1705 5336 in
1762 5293 1871 5338 na-

325 5405 473 5457 tura
531 5388 818 5477 disponit
876 5410 990 5475 per
1037 5410 1107 5454 se
1168 5411 1240 5454 ex
1310 5401 1540 5455 natura
1591 5388 1707 5467 rei,
1758 5410 1873 5455 ne-

310 5508 480 5595 quit
542 5507 733 5573 etiam
812 5505 1042 5591 attingi
1104 5506 1350 5572 virtute
1417 5525 1633 5571 causae
1699 5525 1874 5571 crea-

336 5634 422 5689 tae
476 5621 756 5708 propria,
819 5630 1015 5708 atque
1085 5641 1120 5686 a
1167 5624 1295 5686 Deo
1346 5621 1483 5686 3010
1533 5618 1627 5697 fit,
1677 5630 1745 5686 ut
1798 5642 1876 5686 ex

474 5734 797 5788 Tom.xv1.

3393 457 3502 519 177

1955 621 2253 687 Patribus
2311 619 2474 686 infra
2540 618 3071 698 confirmabitur;
3135 639 3294 706 ergo
3370 641 3483 706 per

1953 736 2274 802 actionem
2329 735 2658 823 propriam
2728 736 2840 802 Dei
2912 735 3332 823 producitur;
3381 734 3489 800 illa

1954 863 2171 917 autem
2252 863 2351 918 est
2418 851 2682 930 creati0,
2756 862 2930 938 patet
3006 850 3496 937 consequentia,

1958 966 2108 1053 quia
2167 967 2238 1033 lit
2305 990 2340 1034 a
2416 971 2571 1048 De0,
2642 979 2713 1034 ut
2777 979 3043 1034 auctore
3105 965 3491 1053 simpliciter

1957 1085 2480 1169 supernaturali;
2564 1106 2722 1171 ergo
2791 1084 2934 1151 sine
2991 1103 3314 1151 concursu
3380 1081 3502 1148 ali·

1958 1201 2146 1287 cujus
2184 1215 2534 1269 creaturae.

2046 1318 2234 1384 Dices
2276 1340 2419 1385 esse
2450 1318 2770 1398 accidenS,
2819 1339 2893 1385 ac
2941 1317 3210 1404 proinde
3251 1317 3503 1403 potuis·
3542 1329 3846 1394 Responsio.

1958 1455 2028 1499 se
2059 1434 2246 1500 educi
2288 1435 2368 1502 de
2427 1435 2711 1521 potentia
2751 1434 3051 1522 subjecti,
3109 1455 3319 1521 neque
3348 1454 3508 1500 con-

1959 1557 2129 1612 stare
2177 1546 2264 1612 ita
2313 1567 2440 1613 non
2485 1546 2647 1627 fieri,
2704 1548 2834 1613 imo
2885 1547 3094 1633 magis
3142 1566 3509 1634 congruum

1959 1681 2132 1741 esse,
2187 1673 2258 1727 ut
2324 1662 2635 1728 educatur
2700 1662 2779 1728 de
2841 1662 3131 1752 potentia
3199 1661 3501 1750 subJecti,

1966 1778 2116 1864 quia
2158 1778 2252 1844 310
2293 1779 2504 1866 magis
2534 1789 2836 1845 servatur
2867 1779 3096 1844 modus
3125 1788 3508 1844 connatura-

1960 1900 2039 1966 lis
2098 1901 2493 1986 producendi
2556 1901 2787 1988 ipsam,
2851 1914 2914 1968 et
2964 1901 3194 1968 modus
3242 1901 3506 1968 ordina-

1965 2016 2098 2083 rius
2156 2017 2419 2103 agendi,
2467 2039 2660 2105 quem
2730 2021 2900 2084 Deus
2941 2029 3188 2084 servat.
3242 2021 3501 2098 Contra,
3560 2033 3827 2098 Impugna-

1960 2134 2109 2200 licet
2164 2133 2249 2198 ita
2293 2133 2430 2199 lieri
2486 2135 2691 2220 possit
2722 2134 3038 2214 absolute,
3085 2147 3299 2201 tamen
3350 2154 3550 2200 con--
3643 2104 3746 2146 Μ’

1962 2251 2233 2316 trarium
2276 2251 2473 2338 hujus
2502 2250 2739 2317 docent
2770 2255 3075 2318 Doctores
3104 2275 3118 2330 ;
3168 2271 3378 2337 neque
3411 2271 3507 2316 ra·

1960 2366 2055 2430 tio
2146 2365 2253 2432 illa
2329 2367 2684 2433 accidentis
2763 2367 2823 2433 id
2909 2367 3267 2447 convincit,
3358 2365 3509 2452 quia

1967 2482 2219 2568 species
2259 2483 2658 2568 Angelorum
2713 2483 2976 2550 fuerunt
3007 2483 3168 2570 ipsis
3198 2502 3510 2549 concrea-

1962 2611 2070 2676 tae,
2098 2598 2354 2685 justitia
2394 2599 2736 2686 originalis
2777 2600 2898 2667 fuit
2927 2612 3263 2667 concreata
3302 2601 3514 2687 primo
3541 2612 3846 2668 Aecidentia

1962 2714 2236 2793 homini,
2283 2726 2347 2780 et
2388 2715 2680 2802 utrisque
2711 2729 2841 2781 tam
2873 2715 3120 2781 homini
3153 2736 3348 2803 quam
3380 2721 3514 2782 An·
3603 2683 3792 2730 ereata.

1960 2828 2132 2916 ge10,
2177 2829 2300 2895 fuit
2339 2843 2682 2897 concreata
2742 2831 2976 2918 gratia,
3027 2831 3187 2919 quin
3237 2843 3300 2898 et
3346 2832 3515 2898 bona

1958 2945 2283 3024 voluntaS,
2323 2960 2392 3013 ut
2432 2946 2846 3033 interpretari
2881 2946 3032 3014 licet
3063 2969 3144 3013 ex
3195 2948 3513 3034 Augusti-

1963 3082 2067 3142 n0,
2104 3061 2306 3127 variis
2340 3062 2403 3126 in
2450 3062 2631 3140 10013,
2668 3064 2777 3151 qui
2814 3063 2993 3144 dicit,
3041 3069 3244 3130 Deum
3294 3084 3515 3130 creas-

1961 3199 2031 3245 se
2062 3191 2192 3244 tam
2227 3179 2509 3265 primum
2543 3179 2877 3247 homiuem
2954 3201 3150 3267 quam
3186 3178 3516 3266 Angelum

1962 3295 2026 3360 in
2078 3297 2245 3361 bona
2314 3296 2672 3376 voluntate,
2750 3308 2813 3363 et
2881 3309 3094 3363 rectos
3156 3297 3518 3364 secundum

1963 3411 2359 3479 intellectum
2438 3424 2502 3480 et
2561 3413 3007 3493 voluntatem3
3068 3434 3226 3500 ergo
3296 3433 3515 3500 neque

1964 3527 2124 3591 ratio
2154 3527 2531 3609 accidentis,
2579 3548 2786 3617 neque
2827 3532 3024 3598 etiam
3067 3530 3300 3597 modus
3350 3530 3522 3596 ordi-

1967 3644 2188 3709 narius
2231 3643 2627 3730 producendi
2677 3645 2839 3713 alias
2896 3647 3140 3713 formas
3193 3646 3524 3713 convincit

1966 3762 2269 3847 gratiam,
2306 3774 2368 3827 et
2397 3783 2878 3851 quamcumque
2914 3764 3189 3831 formam
3223 3764 3521 3832 acciden-

1958 3878 2161 3944 talem
2238 3878 2421 3945 educi
2491 3880 2568 3946 de
2616 3881 2902 3967 potentia
2959 3882 3275 3971 subjecti3
3350 3882 3520 3947 idem

1969 3994 2094 4061 dici
2139 4006 2350 4081 potest
2388 3996 2466 4064 de
2499 3996 2748 4064 lumine
2776 3998 3029 4083 gloriae,
3086 4012 3148 4063 et
3188 3997 3268 4065 de
3322 3997 3522 4063 lumi-

1973 4132 2054 4178 ne
2086 4114 2494 4199 prophetico,

2060 4228 2494 4296 confirmatur
2534 4242 2750 4297 autem
2800 4232 2925 4297 1100
2973 4231 3052 4296 (10
3090 4231 3324 4318 gratiae
3368 4252 3522 4317 pro-
3568 4298 3608 4350 C
3674 4236 3755 4347 (ζί-

1971 4342 2278 4410 ductione
2337 4366 2419 4410 ex
2485 4346 2749 4431 speciali
2827 4347 3103 4425 ratione,
3169 4359 3234 4413 et
3283 4367 3521 4414 secun·
3613 4311 3849 4410 ontigma-

1973 4459 2125 4526 dum
2177 4460 2389 4546 legem
2432 4460 2853 4539 ordinariam,
2909 4463 3061 4548 quia
3109 4462 3521 4529 conservatio
3568 4438 3861 4549 mugi-inen-

1974 4576 2204 4662 gratioe
2237 4576 2530 4663 subJecta
2560 4588 2658 4641 est
2688 4576 2894 4643 libero
2924 4578 3217 4659 arbitrio,
3248 4580 3523 4666 ejusque
3614 4548 3811 4659 0235·ae

1978 4692 2207 4757 merito
2244 4704 2355 4757 aut
2384 4692 2736 4771 demerit03
2794 4714 2952 4779 ergo
2995 4693 3189 4759 etiam
3224 4695 3281 4781 ej
3297 4715 3370 4761 us
3426 4694 3523 4760 in·
3561 4669 3877 4782 ⁰⁰⁰⁵{{V³‘³⁰

1977 4807 2187 4892 ceptio
2227 4807 2417 4873 debet
2447 4829 2593 4874 esse
2625 4829 2740 4895 per
2780 4810 3198 4889 creationem,
3237 4808 3383 4898 quia
3445 4810 3524 4876 de
3627 4795 3826 4847 desitio.

1978 4926 2123 5010 lege
2167 4924 2495 4990 ordinaria
2543 4925 2823 5012 inceptio
2862 4939 2925 4993 et
2980 4926 3212 4993 desitio
3251 4924 3343 4992 rei
3378 4947 3528 5013 pro-

1980 5041 2458 5128 portionantur.

2068 5157 2248 5232 Quod
2298 5178 2453 5224 vero
2493 5157 2725 5223 desitio
2756 5159 2898 5245 ejus
2937 5158 3022 5225 sit
3056 5181 3168 5246 per
3209 5158 3536 5226 annihila·
3585 5150 3868 5263 Βθῐξξέῖῑθ·

1982 5273 2252 5353 tionem,
2288 5286 2389 5338 est
2427 5273 2722 5339 omnium
2779 5288 3096 5362 quotquot
3126 5276 3354 5342 dicunt
3395 5298 3539 5363 pec·
3602 5276 3850 5343 perditur.

1985 5402 2226 5469 catum,
2281 5401 2345 5455 et
2393 5390 2668 5475 gratiam
2730 5390 3062 5458 moraliter
3131 5403 3413 5474 tantum,
3475 5405 3539 5459 et

1990 5525 2117 5570 non
2151 5525 2231 5571 ex
2266 5516 2492 5570 natura
2523 5504 2615 5570 rei
2647 5505 2908 5591 opponi,
2959 5528 3107 5594 quae
3139 5518 3239 5572 est
3268 5518 3538 5574 senten-

1992 5621 2079 5687 tia
2139 5632 2381 5688 nostrae
2449 5620 2690 5688 scholae
2749 5631 2813 5687 et
2871 5622 3160 5710 plurium
3227 5623 3538 5702 aliorum,

3351 5735 3412 5790 12
