4255 6375
73 2187 141 2237 tiae

70 2285 87 2320 '.
112 2267 168 2301 nn

69 2329 172 2376 tipa-

70 2436 192 2500 ditur,

70 2562 142 2611 ruli

70 2625 174 2674 lsioi

76 4070 121 4119 ,0.

1387 399 1579 465 nls’r.
1628 399 1672 461 1.
1708 395 2070 478 QUAES'I'IO
2106 396 2203 461 Vl.

212 561 555 634 medium
627 561 705 634 in
757 561 1020 656 specie
1089 561 1467 643 humana,
1533 559 1747 634 inter
1855 560 2188 652 alepra‚
2226 561 2305 632 et
2352 541 2538 630 aliis
2599 552 3090 647 huJusmodi

208 678 459 752 filium
515 680 748 772 regni
798 683 875 753 et
928 678 1185 754 filiurn
1241 679 1744 774 perditioniS,

210 793 517 870 scilicet
590 796 834 869 homo
896 796 976 868 in
1058 797 1283 890 puris
1360 793 1750 870 naturali-

205 913 368 995 bus,
453 916 731 986 tamen
810 913 1248 987 secundum
1307 912 1568 1005 legem
1633 931 1750 983 sa

210 1026 530 1121 pientiae
585 1028 898 1111 divinae,
939 1033 1122 1122 post
1171 1029 1493 1123 lapsum
1586 1028 1754 1099 nul·

209 1143 373 1216 lum
413 1148 542 1217 est
592 1145 937 1218 medium
982 1145 1196 1221 inter
1227 1148 1583 1239 gratum,
1623 1142 1755 1238 qui

213 1265 329 1335 est
368 1260 589 1335 filius
636 1262 889 1355 regni.
936 1267 1016 1337 et
1041 1268 1578 1356 peccatorem,
1625 1260 1759 1355 qui

211 1383 329 1453 est
377 1378 598 1451 filius
640 1378 1027 1452 carceris.
1076 1380 1241 1452 Nec
1310 1382 1579 1472 potest
1641 1398 1763 1449 es-

213 1516 292 1566 se
337 1494 743 1587 loquendo
784 1496 876 1568 de
942 1494 1304 1588 potentia
1358 1494 1758 1573 ordinata.

212 1608 281 1683 id
345 1615 500 1698 est,
540 1611 949 1685 conformi
1001 1610 1313 1703 legibus
1365 1631 1412 1683 a
1455 1610 1767 1704 sapien·

210 1726 320 1799 tia
410 1733 494 1802 et
582 1728 1011 1802 voluntate
1123 1727 1393 1800 divina
1496 1728 1767 1801 deter-

222 1845 579 1928 minatis,
654 1851 734 1919 et
805 1845 978 1918 ideo
1050 1845 1361 1918 nullum
1438 1844 1762 1927 liberat,

215 1982 350 2036 nec
385 1963 503 2036 sic
539 1962 899 2036 liberare
931 1967 1203 2056 potest
1233 1983 1279 2035 a
1313 1962 1573 2057 culpa,
1609 1964 1768 2038 nisi

217 2080 335 2152 cui
378 2080 519 2153 dat
563 2080 950 2172 gratiam.

298 2195 513 2269 Addo
612 2197 863 2271 etiam
958 2199 1251 2270 contra
1340 2197 1768 2269 secundam

218 2311 712 2404 opinionem,
779 2312 985 2406 quod
1039 2311 1610 2406 principaliter
1664 2312 1771 2384 in-

220 2429 576 2503 tenditur
628 2425 904 2522 gratia
961 2429 1038 2500 in
1091 2428 1766 2513 circumcisione,

223 2549 416 2640 quod
462 2550 746 2642 probo,
803 2549 994 2641 quia
1044 2568 1293 2640 agens
1337 2548 1771 2622 secundum

224 2665 531 2737 rectam
579 2664 1009 2746 rationem,
1070 2662 1609 2758 principalius
1663 2664 1771 2736 in-

220 2780 472 2854 tendit
534 2780 1154 2874 perfectionem,
1203 2801 1442 2874 quam
1501 2801 1775 2854 caren-

221 2893 412 2967 tiam
444 2896 838 2978 defectus,
878 2896 1049 2969 sive
1094 2896 1769 2989 imperfectionis,

223 3009 405 3101 quia
444 3031 611 3082 non
648 3010 991 3085 intendit
1025 3011 1252 3084 illam
1285 3012 1769 3094 carentiam,

222 3127 372 3202 nisi
447 3133 795 3224 propter
870 3130 1482 3224 perfectionem.
1553 3131 1771 3205 Deus

223 3265 413 3337 ergo
477 3248 561 3319 in
634 3248 1136 3323 instituendo
1200 3248 1773 3324 Circumcisio-

225 3387 398 3440 nem
482 3372 707 3457 (cum
791 3371 901 3445 sit
988 3391 1238 3463 agens
1336 3371 1774 3445 secundum

233 3491 530 3559 rectam
663 3486 1139 3576 rationem)
1238 3486 1776 3580 principalius

231 3600 562 3676 intendit
631 3601 1222 3695 perfectionem
1304 3604 1771 3697 positivam,

232 3720 410 3806 puta
515 3718 879 3809 gratiam
983 3738 1225 3810 quam
1314 3718 1770 3793 carentiam

230 3830 895 3925 imperfectioniS,
1016 3832 1091 3906 id
1202 3837 1353 3917 est,
1466 3835 1777 3928 peccati

236 3949 691 4041 originalis,

316 4065 415 4160 (j)
454 4068 767 4150 Tertio,
827 4071 1173 4162 propter
1220 4070 1783 4143 confirmatio-

238 4200 404 4254 nem
448 4182 742 4276 primae
803 4168 1239 4278 opinionis,
1292 4188 1383 4259 et
1423 4185 1781 4259 auctori-

244 4299 436 4370 tates
489 4302 1017 4381 Sanctorum‚
1060 4299 1387 4372 declaro
1426 4300 1783 4391 qualiter

170 4417 179 4425 '
244 4412 499 4486 Sancti
546 4412 1020 4504 intelligunt
1076 4416 1609 4488 Sacramenta
1660 4435 1782 4487 ve·

79 4560 125 4606 ³2.
170 4562 216 4611 3.

84 5421 223 5489 lent&

85 5542 156 5603 igis

246 4528 428 4601 teris
460 4528 672 4620 legis
715 4550 875 4601 non
910 4529 1357 4604 contulisse
1396 4528 1779 4622 gratiam.

244 4646 739 4715 Sacramentum
818 4646 1062 4730 enim,
1119 4649 1252 4735 (ut
1302 4646 1605 4720 dictum
1658 4649 1787 4720 est

246 4760 509 4851 priuS‚)
553 4766 824 4855 potest
877 4761 1141 4854 accipi
1202 4760 1657 4854 improprie
1706 4765 1786 4835 et

246 4880 590 4967 proprie;
634 4880 717 4949 et
753 4875 1070 4968 quidem
1117 4875 1199 4946 in
1258 4874 1398 4946 illa
1446 4873 1625 4965 lege
1673 4871 1788 4944 fu-

243 4997 463 5066 erunt
530 4991 797 5064 multa
863 4990 1081 5066 dicta
1150 4989 1603 5083 improprie
1656 4992 1788 5063 Sa-

245 5113 677 5189 cramenta,
725 5106 1039 5180 scilicet
1105 5105 1632 5198 purgationes
1691 5106 1790 5178 ab

3294 387 3402 452 221

3141 553 3362 624 Eian
3368 550 3464 620 t

1860 677 2108 752 etiam
2182 675 2288 748 ibi
2348 675 2879 749 Sacramenta
2955 667 3409 778 improprie

3503 538 3689 593 veteris

3457 597 3530 657 im
3484 602 3739 671 inproprie

3441 672 3751 730 Sacramen-

3552 735 3628 780 ta.

1860 794 2097 876 dicta,
2190 794 2354 867 alia
2430 793 2528 866 ab
2597 791 2802 875 istis,
2891 793 3167 863 tamen
3231 767 3408 880 plus
3465 891 3468 894 Α

1863 912 2330 987 accedentia
2370 912 2465 985 ad
2501 909 3110 1005 perfectionem,
3145 905 3411 997 quus-

1868 1027 2079 1101 modi
2134 1033 2372 1102 erant
2415 1025 2869 1101 oblationes
2904 1023 3407 1101 hostiarum;

1867 1141 2036 1215 haec
2093 1143 2311 1216 enim
2375 1140 2886 1235 pertinebant
2939 1138 3035 1211 ad
3102 1135 3437 1210 cultum·

1871 1260 2137 1334 latriae
2194 1280 2339 1353 pro
2383 1264 2777 1351 tempore,
2841 1256 2922 1329 in
2984 1276 3139 1347 quo
3199 1256 3414 1328 Deus

1868 1375 2131 1450 voluit
2175 1375 2291 1448 sic
2334 1374 2544 1457 coli;
2618 1374 2786 1446 haec
2840 1375 2920 1446 et
2994 1371 3161 1455 illa,
3204 1369 3416 1442 scili-

1874 1499 2001 1568 cet
2081 1492 2611 1586 purgationes
2665 1496 2745 1565 et
2825 1488 3238 1563 sacrificia
3310 1487 3417 1559 si-

1874 1633 1970 1684 ve
2007 1610 2484 1694 oblationeS,
2521 1593 2995 1682 dicebantur
3034 1625 3418 1679 caeremo-

1876 1728 2030 1800 niae
2114 1730 2194 1800 et
2301 1725 2753 1819 improprie
2851 1724 3410 1798 Sacramenta.

1966 1848 2068 1918 Et
2136 1845 2227 1918 de
2295 1844 2478 1917 istis
2548 1842 2922 1925 conced0‚
2997 1839 3198 1932 quod
3259 1859 3421 1912 non

1879 1963 2323 2038 causabant
2364 1962 2724 2053 gratiam
2767 1963 3151 2051 tanquam
3187 1958 3423 2050 signa

1875 2077 2240 2155 efficacia
2275 2083 2647 2172 respectu
2694 2077 3013 2169 gratiae,
3048 2097 3145 2150 eo
3189 2075 3421 2148 modo

1881 2220 2036 2290 quo
2097 2195 2565 2290 expositum
2625 2198 2748 2268 est
2810 2193 2892 2267 in
2963 2193 3425 2268 definitione

1884 2313 2417 2397 Sacramenti,
2522 2314 2655 2387 sed
2743 2318 3015 2386 tamen
3097 2311 3179 2383 in
3264 2312 3428 2384 illis

1883 2430 2462 2506 conferebatur
2546 2429 2818 2522 gratia
2872 2449 3013 2522 per
3108 2428 3430 2501 modum

1887 2549 2185 2632 meriti,
2231 2547 2422 2621 licet
2467 2545 2718 2638 aliqui
2775 2565 3076 2637 negare
3120 2545 3431 2618 videan-

1883 2670 2047 2751 tur,
2115 2666 2321 2760 quod
2381 2664 2459 2736 in
2537 2662 2836 2737 talibus
2911 2682 3011 2735 ex
3079 2660 3432 2735 charita·

1888 2789 1963 2858 te
2022 2781 2262 2857 factis
2295 2781 2820 2855 conferretur
2874 2780 3172 2871 gratia.
3259 2780 3430 2851 Hoc

1882 2899 2098 2971 enim
2180 2898 2502 2972 videtur
2568 2897 2812 2971 nimis
2893 2898 3209 2978 durum,
3284 2895 3431 2969 sci-

1885 3016 2075 3091 licet
2165 3016 2371 3108 quod
2460 3014 2756 3107 aliquis
2842 3035 2940 3087 ex
3027 3012 3434 3088 charitate

1881 3139 1962 3212 et
2006 3133 2459 3208 obedientia
2503 3133 2610 3208 sit
2653 3152 2990 3207 servans
3031 3130 3184 3206 Dei
3237 3149 3435 3223 prae-

1886 3253 2237 3344 ceptum,
2321 3254 2401 3324 et
2480 3269 2640 3321 non
2729 3251 3170 3322 mereatur.
3261 3246 3435 3319 Hoc

1882 3368 2138 3442 etiam
2196 3366 2518 3440 videtur
2560 3364 3254 3440 irrationabiliter
3285 3363 3441 3436 dic·

1890 3489 2097 3564 tum,
2204 3483 2412 3577 quod
2502 3485 2716 3557 Deus
2802 3482 3046 3556 alicui
3128 3479 3436 3554 dederit

1888 3607 2413 3695 praeceptum,
2506 3600 2788 3674 nolens
2869 3600 3437 3673 observantem
3513 3696 3518 3705 ¹

1894 3724 2391 3812 praeceptum
2439 3717 2765 3798 mereri,
2821 3722 3442 3809 quantumcum-

1891 3856 2041 3927 que
2073 3857 2173 3907 ex
2205 3834 2523 3908 charite
2565 3839 2645 3908 et
2683 3832 3139 3906 obedientia
3176 3831 3445 3904 obser·
3481 3832 3486 3837 ’

1890 3954 2162 4033 varet3
2217 3972 2427 4023 nunc
2480 3954 2752 4024 autem
2801 3950 2893 4023 de
2958 3950 3138 4023 istis
3189 3968 3442 4023 caere-

1895 4067 2217 4153 monim,
2282 4071 2453 4139 tam
2506 4065 3126 4159 purgationibus
3201 4085 3442 4157 quam

1897 4183 2464 4264 oblationibus,
2515 4186 2927 4275 praecepta
2972 4182 3160 4254 data
3207 4188 3444 4257 erant

1896 4297 1979 4368 in
2021 4296 2161 4369 illa
2215 4298 2415 4388 lege.
2475 4299 2706 4370 Patet
2757 4297 2839 4369 in
2885 4297 3163 4371 multis
3207 4296 3439 4380 locis,

1891 4418 1969 4487 et
2051 4414 2527 4505 quandoque
2603 4413 2926 4487 videtur
3009 4434 3108 4485 ex
3177 4417 3435 4497 textu,

1898 4531 2104 4624 quod
2157 4534 2343 4605 sunt
2385 4535 2796 4623 praecepta
2845 4531 3313 4604 necessaria
3346 4531 3441 4604 ad

1899 4648 2275 4731 salutem,
2323 4652 2549 4736 puta:
2591 4652 2722 4728 Qui
2747 4654 3160 4737 praeterierit
3197 4674 3265 4719 se
3316 4653 3447 4718 lus-

1899 4768 2073 4833 trari
2131 4766 2213 4832 de
2258 4788 2434 4853 aqua
2486 4767 2841 4853 proedicta,
2910 4769 3157 4855 peribit
3216 4769 3450 4834 anima

1860 4886 1861 4889 ’
1898 4884 2022 4949 illa
2064 4881 2148 4947 de
2181 4882 2430 4968 populo
2477 4903 2635 4962 sum
2692 4899 2868 4971 quae
2917 4881 3450 4955 comminatio

1899 5011 2310 5083 nunquam
2411 4993 2769 5083 ponitur,
2851 4995 3012 5069 nisi
3103 4995 3199 5068 ad
3256 4995 3457 5068 desi-

1897 5108 2300 5199 gnandam
2365 5110 3118 5201 transgressionem
3152 5108 3459 5204 peccati

3477 4667 3800 4721 Nomai-,15-

3482 4737 3532 4779 et
3566 4730 3642 4782 19.
3667 4730 3800 4782 vide

3483 4793 3640 4858 gloss.
3689 4791 3793 4844 ibi.

247 5220 775 5299 immunditiis
808 5223 1269 5298 contractis
1354 5222 1788 5295 secundum
1906 5222 2324 5309 mortalis;
2371 5245 2575 5318 ergo
2617 5228 2660 5298 J
2671 5227 2873 5301 udaei
2906 5248 3005 5300 ex
3046 5227 3457 5301 charitate
3489 5271 3789 5323 &mmm

104 5335 635 5428 14..tlegem,ut
668 5345 891 5434 patet
926 5340 1008 5412 in
1045 5338 1439 5420 Levitico,
1477 5339 1566 5411 de
1606 5361 1792 5432 pur·

85 5454 559 5542 antione
613 5476 663 5528 a
708 5459 934 5528 tactu
1018 5454 1461 5536 morticini,
1510 5474 1656 5546 per
1712 5476 1791 5528 a·

1908 5340 2443 5417 observantes
2531 5348 3066 5421 Sacramenta
3151 5346 3519 5438 impro-

1906 5457 2080 5549 piie
2109 5458 2354 5541 dicta,
2381 5469 2862 5539 meruerunt
2903 5464 3290 5556 gratiam,
3328 5459 3454 5532 vel

3502 5395 3575 5447 im
3610 5340 3785 5467 lt'gpm

3598 5474 3713 5527 egis

3554 5519 3745 5570 veteris

251 5587 471 5661 quam
493 5569 1023 5666 expiationis,
1059 5576 1143 5645 et
1174 5569 1264 5642 de
1300 5570 1791 5662 purgatione
1905 5581 2442 5665 augmentum
2488 5579 2691 5674 ejus,
2755 5580 2826 5654 si
2872 5599 3053 5655 eam
3094 5579 3271 5672 jam
3317 5576 3456 5650 ha·
3549 5582 3747 5635 dtbant
