4255 6375
752 392 863 461 176
1872 385 2018 456 Lm.
2066 389 2167 454 lv.
2215 389 2811 457 SENTENTIARUM

2394 554 2728 624 solvemus
2778 577 2927 624 cum
2986 561 3279 637 Doctore,
3338 555 3797 644 respondendo
3855 552 3930 621 ad

2392 688 2782 761 argumenta
2819 675 3167 742 contraria.

727 561 863 629 tiali
904 561 1367 650 superadditae,
1402 558 1784 648 applicando
1816 555 2280 624 inconvenien-

727 679 839 759 tia,
902 679 1042 745 sive
1081 699 1229 767 quae
1272 677 1442 744 idem
1491 688 1717 744 auctor
1755 687 1979 742 contra
2018 684 2280 740 senten-

729 794 885 860 tiam
923 794 1344 882 antiquorum
1387 794 1713 880 proponit,
1760 791 1900 858 sive
1940 811 2090 877 quae
2140 787 2276 856 alii.
2479 791 2746 859 Interim
2778 804 2849 858 ut
2888 811 3360 880 prosequamur
3390 790 3565 879 quod
3607 791 3932 879 reliquum
4019 796 4104 908 [ἃ

821 911 887 976 Si
920 911 1171 978 dicatur
1198 931 1344 978 esse
1377 911 1539 976 ratio
1569 909 1981 989 simultanea,
2021 909 2086 973 in
2133 920 2280 974 tan-
2392 919 2513 988 est,
2550 908 2715 975 ratio
2755 908 2861 974 illa
2894 909 3189 988 minoriS,
3234 930 3430 997 quam
3469 908 3782 996 supponit
3821 911 3933 973 Do·
4023 928 4104 982 grat

463 1011 615 1123 SQ,
733 1038 873 1094 tum
924 1027 1050 1093 erit
1087 1048 1447 1094 concursus
1506 1025 1833 1113 specialiS,
1892 1025 2279 1112 inquantum
2391 1035 2529 1089 ctor
2568 1043 2981 1091 communem
3015 1024 3322 1090 omnibus
3351 1024 3660 1112 antiquiS,
3704 1045 3936 1110 nempe
4003 994 4105 1033 Μ

396 1132 689 1248 ’ῑωυιξῑξω
736 1148 906 1213 Deus
974 1165 1102 1210 non
1161 1144 1377 1230 coagit
1432 1143 1512 1210 de
1554 1141 1839 1231 potentia
1881 1154 1945 1208 et
1983 1141 2130 1228 lege
2170 1162 2279 1207 or-
2390 1139 2669 1226 gratiam
2730 1141 2996 1226 produci
3048 1162 3164 1228 per
3226 1141 3624 1207 creationem
3677 1139 3936 1227 proprie

493 1262 590 1310 erit
736 1258 986 1325 dinaria
1026 1259 1335 1346 potentiae
1374 1257 1818 1338 obedientiali,
1856 1256 2029 1345 quod
2069 1268 2282 1323 cessat
2392 1254 2654 1335 dictam,
2700 1276 2772 1322 ac
2814 1256 3088 1343 proinde
3121 1278 3249 1322 non
3283 1278 3477 1344 posse
3505 1256 3742 1343 attingi
3777 1257 3935 1343 phy-

2391 1372 2526 1437 sice
2581 1392 2618 1437 a
2689 1374 3134 1453 SacramentO,
3208 1374 3453 1460 patitur
3515 1371 3927 1458 scrupulum.

386 1324 697 1375 ordinamus.
735 1377 801 1443 in
833 1376 1195 1464 propositO,
1233 1377 1573 1464 supposita
1605 1375 2015 1442 institutione
2055 1377 2278 1441 Sacra-

2391 1491 2569 1554 Hanc
2615 1489 2932 1557 rationem
2993 1488 3383 1578 impugnant
3451 1489 3724 1578 quidam
3800 1510 3939 1553 mo-

733 1507 1128 1573 mentorum,
1183 1495 1577 1581 quibuscum
1618 1494 1948 1560 concurrit
1996 1492 2077 1558 de
2132 1490 2280 1577 lege

469 2674 633 2739 Magis

401 2743 698 2856 att-zat.-

496 2869 605 2915 tum

406 2929 453 2981 in
492 2927 678 3000 virt-ute

426 3005 654 3058 propria,

413 3067 672 3187 volliilgttalte

419 3183 658 3232 exmtata.

461 3513 643 3566 Modus

430 3578 671 3632 causandi

517 3659 578 3692 ex

406 3706 690 3757 conditione

408 3769 680 3834 colligitur.

442 5018 635 5074 Remini

378 5083 680 5157 quaestionis

513 5162 567 5197 m

461 5212 618 5260 alium

378 5286 383 5296 ·
450 5273 634 5325 locum.

729 1610 1100 1690 ordinaria;
1156 1610 1455 1697 sequitur
1519 1631 1678 1697 ergo
1744 1608 1925 1675 illum
1998 1629 2277 1674 concur-

730 1747 875 1793 sum
917 1747 1064 1793 esse
1104 1727 1167 1792 in
1208 1746 1326 1792 sua
1366 1726 1634 1792 entitate
1679 1724 2076 1813 generalem,
2147 1744 2276 1789 non

730 1842 1104 1931 specialem,
1169 1843 1321 1930 quia
1365 1841 1649 1928 potentia
1697 1839 2156 1907 obedientialis
2208 1838 2275 1904 in

730 1979 849 2024 suo
902 1976 1146 2044 genere
1214 1970 1312 2022 est
1375 1955 1719 2042 completa,
1781 1976 1930 2022 cum
1995 1953 2158 2020 nihil
2216 1952 2274 2020 ei

730 2074 1205 2162 superaddatur
1280 2094 1394 2159 per
1456 2072 1721 2139 modum
1783 2072 2072 2139 virtutis,
2147 2070 2272 2137 Sed

732 2192 1006 2258 liberum
1048 2191 1390 2258 arbitrium
1436 2190 1500 2256 in
1540 2189 1769 2256 ordine
1808 2191 1885 2256 al
1926 2203 2108 2256 actus
2159 2209 2273 2256 su-

729 2306 1173 2395 pernaturales
1222 2327 1349 2371 non
1382 2307 1478 2372 sic
1516 2317 1616 2372 est
1655 2304 2079 2392 completum,
2119 2303 2274 2390 quia

731 2438 970 2512 practer
1012 2425 1329 2491 actionem
1381 2425 1491 2490 Dei
1530 2424 2016 2503 simultaneam,
2065 2422 2274 2508 exigit

731 2541 977 2629 aliquid
1045 2562 1157 2627 per
1224 2539 1488 2606 modum
1550 2551 1734 2608 actus
1794 2538 2030 2627 primi3
2108 2558 2272 2626 ergo

735 2658 945 2745 magis
986 2658 1294 2743 competit
1334 2660 1749 2723 Sacramento
1800 2653 2129 2720 mediante
2162 2673 2273 2739 po·

737 2772 938 2839 tentia
991 2771 1407 2838 obedientiali
1465 2791 1661 2857 agere
1719 2769 1784 2834 in
1836 2768 2080 2836 virtute
2120 2788 2273 2854 pro-

737 2890 873 2976 pria
931 2910 1124 2976 quam
1211 2888 1415 2954 libero
1481 2886 1775 2964 arbitriO,
1862 2906 1937 2952 ac
1998 2883 2275 2971 proinde

740 3006 955 3072 minus
1031 3005 1494 3072 subordinatur
1553 3004 1836 3084 Christo,
1929 3017 1998 3070 ut
2055 3023 2275 3069 causae

738 3122 1116 3207 meritoriae,
1169 3134 1473 3212 tanquam
1526 3123 2034 3190 instrumentum
2075 3138 2270 3211 quam

733 3240 944 3307 eidem
1010 3239 1393 3326 subjiciatur
1459 3239 1735 3305 liberum
1797 3240 2139 3306 arbitrium
2204 3252 2275 3306 ut

733 3354 1056 3422 excitatur
1095 3374 1210 3441 per
1249 3353 1522 3441 gratiam
1558 3352 1821 3419 Christi.

822 3472 1064 3539 Deinde
1096 3470 1362 3537 materia
1401 3482 1465 3537 et
1504 3471 1734 3551 forma,
1775 3482 1843 3537 ut
1874 3480 2276 3557 componunt

736 3591 1250 3665 Sacramentum,
1327 3599 1597 3653 causant
1672 3587 1972 3653 effectum
2060 3606 2272 3653 sacra-

736 3706 1127 3779 mentalem:
1175 3705 1341 3771 inter
1382 3704 1524 3771 illas
1570 3715 1812 3783 autem,
1856 3716 1967 3770 aut
2003 3714 2275 3770 causant

735 3818 1038 3893 effectum
1088 3841 1527 3900 communem,
1582 3819 1825 3886 suflicit
1911 3818 2270 3887 secundum

735 3939 1037 4009 eumdem
1107 3948 1170 4003 et
1230 3936 1391 4003 alios
1445 3936 1903 4023 propinquitas
1969 3935 2270 4023 quaedam

732 4056 1022 4134 moraliS,
1113 4066 1175 4119 et
1242 4073 1369 4118 non
1437 4052 1795 4139 requiritur
1855 4052 2272 4120 simultaneae

731 4170 1101 4239 existentiae
1141 4169 1206 4233 in
1255 4167 1431 4233 omni
1478 4168 1723 4254 rigore,
1790 4167 1900 4234 sed
1953 4167 2272 4235 successi-

730 4276 900 4369 onis,
982 4297 1047 4353 et
1104 4284 1287 4373 quasi
1345 4283 1744 4351 continuatae
1784 4284 2100 4364 actionis;
2143 4305 2273 4352 eae-

730 4405 877 4472 dem
942 4415 1013 4470 ut
1076 4410 1369 4482 causent,
1453 4399 1821 4487 dependent
1876 4400 1956 4466 ab
2006 4400 2272 4467 intenti-

730 4542 855 4589 one
926 4519 1233 4602 Ministri,
1285 4516 1399 4584 sed
1483 4516 1893 4584 conditiones
1950 4517 2268 4584 causandi

731 4648 886 4705 sunt
949 4634 1243 4725 ejusdem
1332 4633 1598 4722 generis
1681 4655 1831 4701 cum
1907 4634 2049 4722 ipsa
2119 4655 2271 4701 cau-

730 4754 1026 4833 salitate;
1098 4772 1256 4837 ergo
1305 4750 1650 4818 causalitas
1689 4762 1940 4818 tantum
1984 4751 2109 4817 erit
2143 4772 2272 4816 mo-

729 4873 910 4954 ralis,
956 4871 1129 4939 sicut
1168 4881 1232 4936 et
1268 4869 1677 4936 conditiones
1717 4869 2051 4936 causandi.

818 4993 971 5058 Haec
1009 5007 1090 5056 ex
1132 4985 1440 5074 praesenti
1493 4985 1816 5053 instituto.
1884 4984 2010 5051 Alii
2063 4987 2274 5056 fusius

727 5107 805 5175 ad
846 5105 1410 5194 impugnationem
1464 5102 1638 5169 illius
1682 5103 2025 5170 sententiae
2068 5105 2272 5171 multa

727 5235 1134 5313 congerunt;
1180 5221 1292 5289 sed
1333 5222 1442 5288 bic
1480 5242 1609 5287 non
1649 5233 1751 5287 est
1797 5220 1978 5287 locus
2010 5222 2271 5309 singula

725 5340 1069 5423 tractandi,
1150 5338 1396 5407 sufficit
1482 5337 1669 5404 nobis
1719 5337 1891 5424 quod
1946 5359 2060 5424 per
2125 5358 2270 5404 eam

728 5481 858 5526 non
915 5458 1204 5526 salvetur
1243 5453 1585 5523 commode
1651 5454 1870 5541 opinio
1913 5454 2264 5521 contraria.

729 5575 1176 5646 Fundamenta
1213 5586 1430 5642 autem
1470 5572 1671 5659 hujus
1712 5571 2056 5639 sententiae
2094 5570 2271 5638 infra

2387 1605 2598 1686 derni,
2641 1618 2712 1673 ut
2750 1608 3044 1694 Vasquez
3081 1611 3140 1671 1.
3197 1617 3374 1685 part.
3412 1618 3568 1673 tom.
3623 1610 3689 1673 2.
3744 1606 3925 1691 disp.

2387 1722 2539 1791 174.
2602 1744 2662 1788 c.
2742 1725 2811 1788 2.
2881 1725 3119 1789 Suarez
3157 1722 3313 1809 disp
3390 1725 3456 1790 9.
3499 1723 3583 1788 de
3629 1724 3932 1789 Sacram.

2388 1850 2541 1906 tom.
2580 1844 2652 1905 3.
2704 1842 2779 1905 in
2846 1843 2910 1907 3.
2985 1851 3201 1926 parte,
3267 1850 3330 1906 et
3368 1838 3504 1919 alii,
3555 1840 3666 1926 qui
3712 1850 3938 1925 putant

2385 1955 2573 2023 educi
2604 1957 2883 2044 gratiam
2925 1957 3005 2023 de
3035 1957 3324 2045 potentia
3353 1956 3632 2036 animae3
3671 1956 3931 2044 quidam

2385 2094 2540 2140 vero
2580 2094 2730 2140 cum
2782 2075 3090 2162 CaJetano
3134 2073 3362 2140 dicunt
3401 2074 3762 2153 concreari,
3809 2094 3934 2140 non

2382 2189 2586 2256 creari
2634 2188 3050 2276 simpliciter.
3112 2189 3497 2276 Oppositum
3556 2203 3935 2277 supponunt

2384 2327 2614 2374 omnes
2658 2307 2907 2394 antiqui
2963 2306 3375 2386 scholastici,
3422 2319 3487 2372 et
3543 2318 3770 2373 noster
3811 2309 3935 2371 Do-

2383 2435 2523 2490 ctor
2570 2425 2699 2505 hic,
2736 2436 2802 2490 et
2827 2423 2989 2489 alias
3019 2444 3220 2510 saepe,
3257 2435 3327 2490 ut
3366 2425 3440 2489 in
3471 2428 3543 2490 3.
3596 2423 3763 2489 dist.
3814 2426 3923 2489 13.

2386 2541 2460 2606 in
2489 2543 2553 2606 2.
2588 2538 2746 2605 dist.
2776 2543 2886 2608 23.
2940 2541 3051 2607 26.
3117 2539 3283 2605 infra
3316 2540 3477 2607 dist.
3539 2542 3650 2604 22.
3681 2552 3744 2605 et
3774 2539 3930 2605 dist.

2384 2658 2492 2722 21.
2516 2654 2680 2721 Vide
2719 2654 2880 2721 alios
2910 2654 3139 2722 citatos
3179 2655 3350 2742 apud
3383 2658 3678 2745 vasquez
3708 2675 3931 2742 supra.

2474 2775 2793 2839 Caeterum
2870 2771 3134 2839 videtur
3222 2775 3514 2859 vasquez
3595 2772 3936 2839 insinuare

2385 2888 2626 2954 ibidem
2695 2887 3194 2954 fundamentum
3252 2887 3563 2954 frivolum
3637 2909 3754 2975 pro
3821 2890 3934 2953 hac

2383 3004 2731 3082 sententia,
2778 3003 2964 3090 quasi
3011 3024 3238 3070 omnes
3278 3003 3528 3090 antiqui
3583 3003 3649 3069 in
3707 3024 3787 3069 eo
3836 3025 3933 3069 es-

2385 3129 2531 3185 sent
2561 3139 2807 3202 errore,
2844 3130 2915 3185 ut
2965 3132 3290 3209 putarent,
3334 3121 3387 3186 si
3439 3119 3650 3209 gratia
3700 3119 3931 3186 educe-

2384 3247 2565 3303 retur
2596 3236 2672 3302 de
2705 3237 2994 3322 potentia
3045 3237 3322 3323 subjecti
3376 3238 3654 3304 naturali
3694 3257 3932 3304 conve-

2387 3352 2527 3419 nire
2570 3374 2720 3420 cum
2778 3374 3001 3420 errore
3057 3353 3328 3441 Pelagii,
3381 3353 3554 3441 quod
3621 3354 3930 3420 frivolum

2383 3481 2556 3535 esset
2608 3469 2811 3548 dictu,
2864 3482 2929 3536 et
2977 3482 3231 3537 notaret
3291 3470 3355 3535 in
3403 3470 3567 3557 ipsis
3629 3489 3932 3558 magnam

2384 3583 2863 3671 ignorantiam;
2912 3607 3124 3675 neque
3170 3586 3457 3653 cohaeret
3513 3608 3663 3653 cum
3706 3607 3930 3653 eorum

2386 3702 2750 3789 principiis,
2797 3703 2948 3790 quia
2996 3702 3259 3790 quidam
3305 3703 3659 3770 admittunt
3716 3718 3933 3790 poten-

2386 3817 2539 3883 tiam
2589 3817 3087 3885 obedientialem
3149 3824 3400 3887 tantum
3444 3832 3746 3907 respectu
3789 3840 3931 3908 gra·

2386 3937 2519 4016 tiae,
2566 3948 2629 4002 et
2669 3954 2796 4002 non
2833 3936 3233 4015 naturalem3
3278 3936 3389 4003 alii
3439 3958 3623 4018 vere,
3689 3950 3756 4004 ut
3791 3957 3931 4003 nos-

2383 4065 2483 4119 ter
2513 4057 2744 4119 Doctor
2775 4052 2873 4139 (ut.
2904 4072 3100 4139 supra
3133 4065 3232 4119 est
3263 4053 3668 4120 insinuatum
3701 4065 3923 4140 quoest.

2382 4168 2475 4255 1.)
2511 4168 2737 4235 dicunt
2761 4188 2908 4234 esse
2947 4168 3305 4254 potentiam
3335 4168 3699 4235 naturalem
3732 4169 3929 4256 passi·

2384 4306 2533 4351 vam
2567 4285 2631 4350 in
2663 4284 2881 4351 anima
2921 4296 3218 4372 respectu
3252 4285 3513 4371 gratiae.
3559 4286 3742 4361 Quod
3774 4307 3926 4373 ergo

2386 4422 2500 4489 per
2546 4401 2866 4467 actionem
2933 4406 3064 4467 Deo
3125 4400 3479 4488 propriam,
3544 4403 3928 4470 educeretur

2383 4516 2590 4605 gratia
2631 4538 2711 4584 ex
2763 4517 3051 4604 potentia
3118 4518 3421 4605 subjecti,
3467 4520 3634 4586 nihil
3690 4521 3926 4588 faceret

2383 4635 2462 4700 ad
2493 4654 2780 4701 errorem
2823 4636 3094 4721 Pelagii.

2474 4750 2656 4817 Unde
2686 4763 2860 4818 recte
2902 4763 3120 4818 noster
3151 4756 3383 4818 Doctor
3415 4755 3490 4818 in
3523 4757 3583 4819 1.
3619 4754 3778 4823 dist.
3819 4760 3918 4825 17.

2384 4881 2610 4957 quaest.
2693 4870 2757 4936 2.
2811 4868 2843 4957 ἓ
2886 4871 3137 4936 Contra
3169 4871 3367 4936 islam
3406 4874 3913 4948 conclusionem,
3988 4845 4105 4924 000ῐὲ

2384 4997 2512 5053 etc.
2581 4985 2972 5072 impugnans
3022 4986 3395 5073 opinionem
3448 5009 3595 5075 quae
3645 4988 3920 5075 imponi-

2382 5114 2490 5170 tur
2546 5102 2881 5190 Magistr0‚
2940 5116 3327 5191 argumento
3372 5126 3448 5171 ex
3493 5107 3776 5174 secunda
3818 5109 3919 5176 via

2383 5220 2753 5308 desumptO,
2817 5241 2898 5287 ex
2939 5231 3166 5288 natura
3198 5234 3379 5289 actus
3419 5224 3761 5307 meritorii,
3807 5226 3920 5293 ali-

2381 5350 2480 5406 ter
2535 5337 2818 5406 declarat
2856 5360 3141 5406 errorem
3191 5341 3460 5428 Pelagii,
3525 5341 3613 5407 ita
3655 5343 3852 5413 habet
3898 5368 3912 5412 :

2385 5457 2552 5521 Cum
2580 5456 2880 5541 operatio
2911 5457 3258 5523 meritoria
3286 5457 3376 5522 sit
3404 5458 3794 5540 voluntati&
3823 5461 3921 5528 vel

2380 5573 2671 5639 hominis
2697 5594 2819 5658 per
2855 5573 3264 5640 voluntatem
3297 5576 3660 5661 operanti&
3705 5578 3907 5665 seq-ui·
