4255 6375
726 372 841 435 1:38
1863 369 2008 432 ΗΒ.
2041 370 2144 432 tv.
2179 368 2775 433 SEN'mN'rutRUM

711 537 863 601 118.
907 533 1245 601 inclinavi
1277 553 1392 600 cor
1422 553 1657 611 meum,
1693 540 1818 598 ete.
1856 532 1919 598 2.
1959 529 2257 597 Machab.

713 656 777 719 7.
835 661 897 718 et
941 650 1130 730 alibi,
1180 647 1461 715 nonfuit
1500 646 1854 734 promissio
1883 645 2026 712 haec
2056 666 2137 711 ex
2169 643 2265 711 le·

714 789 799 855 ge
836 787 962 855 qua
1001 766 1106 833 lex
1137 776 1299 846 erat,
1336 764 1451 832 sed
1483 785 1565 830 ex
1616 763 1921 830 Patribus
1960 772 2026 828 et
2058 760 2263 828 tradi-

393 885 460 937 D·
491 886 672 937 Tuom.
713 884 915 951 tione.
952 881 1115 949 Vide
1143 885 1218 947 D.
1261 881 1578 947 Thomam
1620 885 1684 948 4.
1739 881 1810 945 2.
1882 889 2106 965 quoest.
2149 879 2259 942 99.

716 1014 849 1068 art.
894 1002 959 1067 6.

490 1127 569 1178 21.
805 1115 891 1204 (e)
938 1116 1075 1180 Lex
1105 1125 1323 1181 autem
1385 1113 1750 1200 perfectior
1813 1110 2104 1197 requirit
2137 1107 2262 1174 ad-

400 1190 817 1318 perlssltort
706 1235 785 1319 ju
794 1234 966 1299 toria
1046 1231 1456 1317 perfectiora
1531 1228 1621 1294 ad
1702 1229 1811 1294 sui
1892 1226 2261 1293 observati-

411 1316 666 1491 ῃᾱὲἶωξῑᾶ
715 1370 926 1428 ouem,
982 1359 1106 1415 etc.
1160 1348 1344 1413 Patet
1382 1366 1461 1411 ex
1543 1343 1741 1410 Paulo
1809 1343 1898 1409 ad
1957 1342 2263 1408 Hebraeos

374 1443 690 1506 perectzora
718 1487 863 1551 cap.
930 1469 993 1531 7.
1039 1462 1150 1530 ubi
1183 1461 1319 1549 agit
1349 1460 1430 1528 de
1459 1459 1883 1526 tianslatione
1912 1457 2259 1525 sacerdotii

717 1578 984 1648 Levitici
1017 1592 1081 1644 et
1130 1576 1530 1644 Testamenti
1559 1576 1800 1643 veteris
1847 1586 2113 1663 propter
2165 1574 2265 1639 in-

718 1696 1120 1775 firmitatem,
1161 1714 1354 1782 quam
1389 1693 1719 1760 habebant
1750 1691 1827 1759 ad
1866 1690 2257 1759 sacrandum

715 1813 782 1878 in
851 1810 1289 1878 sacerdotium
1353 1809 1713 1876 secundum
1764 1807 2058 1874 ordinem
2110 1806 2265 1873 Mel-

712 1927 1062 1995 chisedech
1187 1937 1254 1991 et
1357 1923 1566 2012 legem
1707 1943 1972 1991 novam.
2139 1924 2262 1988 Re-

703 2045 1014 2133 probatio
1061 2043 1140 2125 lit
1172 2042 1435 2128 prioris
1482 2040 1790 2107 mandati
1834 2049 2113 2125 propter
2167 2040 2263 2103 iu·

707 2163 1096 2246 firmitatem
1151 2161 1295 2246 ejus
1365 2167 1427 2222 et
1477 2157 2020 2234 imbecillitatem,
2086 2155 2267 2220 nihil

710 2278 890 2344 enim
936 2276 1025 2342 ad
1069 2277 1441 2363 perfectum
1494 2273 1768 2339 adducit
1825 2274 1957 2339 lea).
2004 2270 2099 2338 Ad
2140 2275 2266 2338 Ro-

716 2413 890 2460 man.
929 2397 995 2460 7.
1040 2393 1390 2458 Peccatum
1431 2391 1774 2456 occasione
1823 2398 2094 2475 accepta
2141 2410 2265 2475 per

719 2510 1107 2576 mandatum
1139 2507 1390 2574 seducit
1429 2529 1552 2587 me,
1617 2517 1677 2572 et
1713 2528 1836 2593 per
1875 2505 2051 2572 illud
2096 2507 2263 2571 oeci-

720 2627 843 2706 dit,
899 2636 1021 2693 etc.
1074 2625 1243 2701 Quia
1288 2644 1432 2688 cum
1463 2621 1726 2707 aliquid
1773 2622 2267 2707 concupiscitur

725 2752 786 2807 et
802 2752 1035 2828 postea
1050 2740 1460 2827 prohibetur,
1502 2739 2046 2823 concupiscentiae
2063 2741 2263 2823 llam-

407 2864 669 2930 chrysost.
724 2879 833 2921 ma
861 2857 1076 2943 mayis
1105 2855 1462 2933 attollitur,
1500 2852 1714 2939 inquit
1757 2852 2266 2938 Chrysostomus

725 2974 961 3040 homil.
1020 2975 1125 3038 12.
1166 2974 1239 3037 in
1269 2971 1461 3057 epist.
1519 2968 1610 3034 ad
1648 2970 1924 3036 Roman.
1971 2970 2065 3033 Ex
2122 2968 2266 3053 qui-

724 3091 848 3156 bus
903 3087 1239 3175 colligitur
1269 3086 1618 3154 infirmitas
1650 3085 1843 3172 legiS‚
1893 3083 2064 3152 sicut
2093 3097 2158 3151 et
2197 3088 2261 3151 2.

726 3207 816 3275 ad
894 3208 1198 3300 Corinth.
1272 3209 1336 3273 3.
1417 3206 1674 3271 Littera
1735 3205 1997 3283 occidit,
2061 3205 2269 3291 spiri-

401 3361 672 3428 Angustia.
728 3338 831 3391 tus
857 3336 1072 3390 autem
1118 3324 1434 3407 vivificat,
1491 3333 1615 3389 etc.
1671 3320 1854 3397 Quod
1918 3320 2059 3387 fuse
2120 3341 2266 3407 pro-

730 3443 840 3508 bat
888 3451 953 3507 et
990 3438 1274 3506 declarat
1330 3437 1742 3525 Augustinus
1792 3437 1905 3503 lib.
1957 3437 2039 3503 de
2108 3437 2269 3523 Spi-

725 3560 868 3624 ritu
936 3567 997 3622 et
1055 3557 1304 3622 littera.
1406 3557 1736 3641 Praecepta
1806 3567 2023 3620 autem
2109 3573 2268 3619 con-

727 3675 998 3753 tinebat,
1048 3673 1162 3740 sed
1252 3693 1380 3739 non
1451 3671 1645 3738 dabat
1729 3670 1966 3751 media,
2059 3691 2272 3758 neque

727 3790 1049 3879 adjutoria
1082 3790 1188 3856 illa
1246 3789 1664 3870 observandi,
1741 3810 1889 3876 quae
1945 3799 2268 3877 quantum

729 3929 810 3974 ex
886 3905 1012 3973 fide
1088 3905 1461 3972 mediatoris
1545 3905 1812 3972 suerunt
1905 3926 2018 3990 per
2094 3911 2270 3992 Apo-

442 4047 654 4098 Excedit
730 4020 992 4088 stolum.
1047 4021 1209 4086 Hinc
1253 4019 1358 4086 lex
1418 4040 1586 4086 nova
1627 4040 1754 4086 non
1800 4020 2011 4086 solum
2062 4019 2269 4087 conti-

424 4124 652 4226 νεῗξζξω
732 4151 844 4205 net
901 4147 1249 4224 praecepta,
1329 4135 1444 4203 sed
1519 4135 1710 4203 fidem
1786 4147 1849 4203 et
1933 4135 2263 4223 spiritum,

412 4234 698 4291 ³⁰¹¹¹⁰d¹i⁸·
732 4254 1081 4343 ipsumque
1143 4264 1474 4318 auctorem
1530 4252 1787 4339 gratiae‚
1852 4254 2269 4318 Sacramenta

731 4371 1040 4438 virtutem
1073 4367 1523 4437 sanctificandi
1556 4368 1886 4449 habentia,
1933 4389 2062 4435 non
2115 4390 2269 4456 qua-

724 4489 811 4556 lia
874 4490 1142 4556 fuerunt
1207 4486 1315 4554 illa
1389 4486 1633 4554 veteris
1681 4485 1874 4574 legis»,
1927 4506 2010 4552 ex
2071 4507 2270 4575 supra

722 4605 939 4673 dictis

808 4735 987 4799 Patet
1026 4730 1222 4798 etiam
1263 4729 1538 4812 ratione,
1574 4729 1725 4817 quia
1756 4728 1970 4796 media
2001 4750 2269 4817 propor-

720 4849 963 4916 tionata
987 4847 1065 4913 ad
1108 4845 1305 4912 finem
1341 4845 1708 4912 necessario
1739 4855 1895 4912 sunt
1934 4865 2269 4913 assumen-

719 4965 834 5046 da;
888 4985 1045 5051 ergo
1086 4984 1216 5052 quo
1265 4962 1371 5028 lex
1402 4961 1750 5048 perfectior
1786 4972 1909 5041 est,
1955 4973 2019 5029 et
2063 4961 2269 5028 conti-

724 5095 832 5150 net
869 5080 1097 5147 altiora
1140 5088 1494 5165 praecepta,
1538 5097 1614 5143 eo
1665 5076 1860 5143 etiam
1908 5076 2118 5142 media
2160 5075 2271 5143 de·

725 5199 879 5266 bent
908 5217 1053 5263 esse
1093 5193 1502 5283 perfectiora.
1560 5193 1742 5260 Unde
1789 5204 1963 5258 recte
2003 5192 2269 5259 conclu-

724 5313 901 5379 ditur
942 5313 1285 5393 intentum,
1332 5330 1592 5397 nempe,
1639 5328 2004 5395 congruum
2062 5308 2270 5374 fuisse

728 5429 791 5495 in
844 5426 964 5495 alia
1007 5440 1071 5494 et
1118 5427 1242 5494 alia
1290 5427 1459 5516 lege,
1514 5446 1662 5493 esse
1718 5423 2269 5513 significationem

732 5546 923 5622 aliam
979 5556 1044 5613 et
1100 5546 1292 5616 aliam
1343 5546 1411 5621 in
1496 5543 1843 5642 posteriori
1910 5542 2272 5615 manifesti-

2375 542 2657 611 orem,et
2687 544 2985 621 respectu
3019 532 3262 620 signati
3298 532 3739 619 perfectioris;
3772 553 3917 621 gra·

2374 644 2531 711 tiam
2572 658 2788 714 autem
2824 646 3193 714 uberiorem
3237 647 3375 714 dari
3415 648 3482 714 in
3526 648 3676 736 lege
3724 668 3912 729 nova,

2373 776 2628 831 constat
2683 769 2841 832 Joan
2928 771 2989 833 1.
3067 768 3305 833 Gratia
3361 777 3422 832 et
3489 769 3739 833 veritas
3794 789 3919 854 per

2371 881 2591 947 Iesum
2626 882 2989 962 Christum,
3027 894 3154 949 etc.

2461 997 2759 1065 Secunda
2807 999 3001 1065 etiam
3052 998 3384 1067 conclusio
3450 998 3751 1066 Doctoris
3791 1014 3907 1076 est,
3982 994 4164 1267 ὃαξέ

2375 1113 2545 1198 quod
2595 1134 2963 1201 congruum
3015 1114 3211 1181 fuerit
3265 1114 3446 1182 aliud
3500 1128 3565 1181 et
3605 1115 3779 1181 aliud
3814 1136 3919 1181 sa·
3962 1163 4043 1198 ω,

2372 1242 2782 1296 Gramentllm
2815 1252 2959 1297 OSSO
2992 1231 3058 1296 in
3098 1231 3222 1297 alla
3255 1244 3320 1298 et
3350 1229 3473 1297 alla
3512 1230 3663 1318 lege
3709 1231 3913 1318 quoad
3955 1212 4008 1262 ln
4030 1221 4115 1326 ἒξ

2372 1348 2637 1435 signum
2678 1349 3011 1430 sensibile,
3074 1351 3226 1437 quia
3292 1348 3370 1415 ad
3417 1346 3915 1437 significandum
3966 1335 4153 1450 m

2375 1466 2825 1552 perfectiorem
2860 1466 3190 1546 effectum,
3202 1488 3328 1532 non
3355 1467 3791 1534 conveniebat
3821 1467 3917 1532 uti
3959 1478 4164 1515 ⁸¹¹⁰&

2377 1582 2705 1669 prioribus
2747 1581 2983 1668 signis,
3021 1602 3171 1669 quae
3219 1601 3300 1649 ex
3344 1582 3615 1669 antiqua
3647 1582 3916 1669 imposi-
4002 1531 4129 1638 Ριξξι

2375 1697 2551 1763 tione
2593 1716 2720 1762 non
2754 1708 3028 1783 possunt
3047 1695 3422 1783 significare
3453 1696 3549 1762 sic
3579 1695 3907 1775 effectum,
4012 1658 4121 1699 rm

2376 1832 2589 1899 neque
2627 1831 2995 1898 congruum
3026 1823 3165 1877 erat
3197 1823 3266 1876 ut
3299 1811 3529 1877 iisdem
3580 1809 3909 1877 accederet

2377 1948 2547 1995 nova
2612 1927 2978 2017 impositio;
3031 1939 3097 1995 et
3148 1927 3273 1994 hoc
3325 1928 3658 1995 insuetum
3719 1943 3816 1993 est
3853 1926 3919 1991 in

2379 2043 2600 2131 politia
2632 2043 2941 2122 humana,
2984 2043 3090 2110 cui
3125 2046 3295 2109 Deus
3336 2043 3680 2130 legistator
3717 2063 3789 2110 se
3815 2061 3916 2107 ac·

2375 2159 2769 2240 commodat,
2810 2173 3125 2247 quantum
3174 2159 3253 2226 ad
3297 2160 3442 2239 hoc,
3495 2159 3668 2246 quod
3710 2179 3791 2225 ex
3827 2158 3915 2222 fa-

2377 2276 2741 2342 miliaribus
2796 2286 2861 2343 et
2917 2275 3253 2342 consuetis
3320 2275 3516 2341 homo
3561 2274 3920 2341 deducatur

2376 2392 2455 2458 ad
2489 2391 2874 2480 superioria,
2911 2403 2982 2459 ut
3021 2404 3195 2479 patet
3227 2392 3291 2457 in
3337 2390 3516 2460 omni
3549 2390 3698 2480 lege
3728 2412 3916 2511 quam

2376 2512 2547 2575 Deus
2578 2508 2894 2574 hactenus
2940 2507 3143 2575 dedit.

2502 2624 2749 2691 Deinde
2860 2635 3115 2712 pareret
3225 2623 3680 2690 confusionem
3769 2644 3924 2689 usus
3982 2647 4143 2716 semu

2377 2740 2668 2828 ejusdem
2719 2741 2892 2827 signi
2938 2741 3017 2808 ad
3068 2738 3268 2819 aliud,
3322 2754 3385 2805 et
3435 2740 3625 2806 aliter
3674 2739 3925 2827 signifi·
4005 2718 4102 2760 ’Μ’

2378 2858 2683 2924 candum.

2469 2975 2708 3055 Terti0,
2761 2997 2840 3044 ex
2889 2976 3262 3063 Augustino
3309 2994 3531 3061 supra,
3580 2975 3776 3042 debet
3822 2997 3922 3042 sa·
3995 2996 4116 3045 Tertia

2377 3104 2782 3157 eramentum
2835 3092 3073 3158 habere
3143 3090 3647 3157 similitudinem
3697 3111 3924 3178 quam·
4018 3057 4119 3106 ‘²¹¹⁰

2377 3208 2523 3275 dam
2559 3207 2851 3287 effectuS,
2886 3209 2964 3274 ad
3005 3229 3201 3296 quem
3233 3207 3627 3286 assumitur;
3681 3209 3738 3274 si
3770 3229 3923 3294 ergo

2382 3323 2651 3391 effectus
2709 3339 2808 3392 est
2867 3323 3237 3410 perfectior,
3300 3324 3493 3390 debet
3539 3324 3737 3390 etiam
3787 3325 3925 3391 haec

2384 3440 2741 3507 similitudo
2788 3442 2851 3507 in
2892 3462 2963 3508 re
3005 3440 3304 3507 sensibili
3343 3461 3491 3508 esse
3529 3439 3751 3529 aliquo
3793 3462 3921 3508 mo-

2383 3558 2464 3625 do
2496 3559 2892 3645 expressior.

2471 3680 2712 3753 Quarto
2795 3674 3101 3762 denique,
3182 3674 3334 3761 quia
3392 3672 3457 3739 id
3522 3673 3919 3761 experientia
3996 3710 4125 3767 Qum,

2380 3802 2657 3871 constat,
2713 3790 2867 3879 quia
2913 3791 3018 3857 lex
3084 3789 3405 3878 posterior
3461 3789 3630 3856 sicut
3668 3790 3919 3856 diversa
4003 3777 4106 3819 '³²¹⁰'

2382 3906 2504 3973 fuit
2554 3908 2633 3973 de
2680 3906 2873 3987 facte,
2928 3904 3015 3970 ita
3074 3904 3448 3970 continebat
3504 3905 3920 3971 abolitionem

2381 4025 2640 4113 prioriS‚
2676 4035 2740 4089 et
2770 4021 3167 4110 Evangelica
3197 4021 3617 4088 abolitionem
3653 4023 3917 4101 veteris;

2380 4141 2656 4228 ideoque
2695 4150 3101 4206 sacramenta
3152 4137 3218 4203 in
3263 4137 3373 4204 illa
3416 4137 3785 4204 debuerunt
3827 4158 3921 4204 es-

2379 4281 2448 4326 se
2479 4259 2739 4345 propria
2769 4269 2834 4323 et
2866 4257 3153 4338 diversa,
3187 4267 3503 4343 tanquam
3536 4256 3746 4322 media
3776 4274 3922 4322 con-

2378 4374 2681 4442 ducentia
2713 4372 2793 4440 ad
2835 4373 3057 4441 finem.

2469 4500 2542 4564 In
2580 4495 3009 4584 responsione
3045 4495 3124 4561 ad
3168 4494 3460 4573 tertium,
3517 4491 3713 4560 docet
3750 4495 3922 4579 Moy·
4044 4511 4101 4559 223.

2379 4635 2496 4683 sen
2536 4633 2666 4680 non
2707 4613 2907 4679 fuisse
2963 4612 3431 4700 legistatorem‚
3502 4611 3618 4678 sed
3686 4578 4150 4748 ρι’ωοο-μέὲέῗῗὶι

2383 4751 2529 4797 nem
2563 4729 2731 4816 legis
2770 4728 3039 4809 veteris,
3084 4730 3285 4793 Deum
3335 4738 3551 4794 autem
3592 4725 3803 4792 fuisse
3837 4725 3920 4791 le·
3955 4712 4142 4828 lffgfflfisff

2380 4847 2789 4936 gislatorem‚
2825 4843 2997 4932 quod
3039 4845 3183 4910 fuse
3211 4843 3488 4930 probant
3520 4845 3744 4909 Patres
3775 4861 3918 4908 con
3941 4823 4148 4940 qssjgfflf‘

2383 4979 2479 5031 tra
2537 4963 2837 5051 antiquos
2869 4961 3242 5042 haereticOS,
3295 4963 3596 5027 Clemens
3645 4963 3912 5026 Roman.
3963 4951 4132 5070 {ffinssj

2384 5078 2497 5143 lib.
2542 5079 2607 5143 6.
2671 5075 2933 5142 constit.
2996 5095 3143 5160 cap.
3209 5075 3314 5138 19.
3377 5072 3669 5137 lrenaeus
3703 5072 3820 5138 lib.
3862 5077 3913 5137 1.

2381 5216 2525 5281 cap.
2572 5196 2676 5260 10.
2737 5195 2846 5260 22.
2908 5193 3016 5258 29.
3070 5189 3396 5277 Epiphan.
3450 5190 3682 5257 haeres.
3720 5193 3831 5256 25.
3867 5200 3918 5256 et

2382 5312 2489 5376 26.
2528 5308 2876 5392 Augustin.
2922 5309 3153 5374 hoeres.
3189 5308 3298 5372 40.
3334 5314 3393 5369 et
3423 5305 3498 5368 in
3530 5303 3725 5370 libris
3768 5326 3916 5370 cou-

2384 5438 2489 5493 tra
2539 5426 2878 5505 Faustum,
2916 5433 2976 5488 et
3006 5423 3461 5502 Adimantum,
3518 5434 3753 5489 contra
3809 5422 3915 5488 ad·

2381 5547 2754 5617 versarium
2787 5546 2949 5633 leqis
2979 5555 3039 5613 et
3072 5545 3579 5634 Prophetarum,
3618 5552 3679 5608 et
3712 5543 3789 5609 in
3807 5542 3913 5609 lib.
