<?xml version="1.0" encoding="UTF-8"?>
<!DOCTYPE html PUBLIC "-//W3C//DTD XHTML 1.0 Transitional//EN"
    "http://www.w3.org/TR/xhtml1/DTD/xhtml1-transitional.dtd">
<html xmlns="http://www.w3.org/1999/xhtml" xml:lang="en" lang="en">
 <head>
  <title>
</title>
<meta http-equiv="Content-Type" content="text/html;charset=utf-8" />
  <meta name='ocr-system' content='tesseract 3.04.00' />
  <meta name='ocr-capabilities' content='ocr_page ocr_carea ocr_par ocr_line ocrx_word'/>
</head>
<body>
  <div class='ocr_page' id='page_1' title='image "./joannisdunsscot02waddgoog_0028.png"; bbox 0 0 4255 6375; ppageno 0'>
   <div class='ocr_carea' id='block_1_1' title="bbox 572 473 2688 546">
    <p class='ocr_par' dir='ltr' id='par_1_1' title="bbox 572 473 2688 546">
     <span class='ocr_line' id='line_1_1' title="bbox 572 473 2688 546; baseline -0.004 0"><span class='ocrx_word' id='word_1_1' title='bbox 572 480 653 546; x_wconf 79' lang='lat'>20</span> <span class='ocrx_word' id='word_1_2' title='bbox 1748 476 1885 540; x_wconf 88' lang='lat' dir='ltr'>LlB.</span> <span class='ocrx_word' id='word_1_3' title='bbox 1941 477 2040 540; x_wconf 86' lang='lat' dir='ltr'>IV.</span> <span class='ocrx_word' id='word_1_4' title='bbox 2086 473 2688 541; x_wconf 69' lang='lat' dir='ltr'>SENTEN&#39;HARUM</span> 
     </span>
    </p>
   </div>
   <div class='ocr_carea' id='block_1_2' title="bbox 556 641 2107 736">
    <p class='ocr_par' dir='ltr' id='par_1_2' title="bbox 556 641 2107 736">
     <span class='ocr_line' id='line_1_2' title="bbox 556 641 2107 736; baseline -0.005 -22"><span class='ocrx_word' id='word_1_5' title='bbox 556 644 725 736; x_wconf 85' lang='lat' dir='ltr'>agit</span> <span class='ocrx_word' id='word_1_6' title='bbox 767 642 1272 736; x_wconf 76' lang='lat' dir='ltr'><strong>dispositive.</strong></span> <span class='ocrx_word' id='word_1_7' title='bbox 1322 643 1541 725; x_wconf 85' lang='lat' dir='ltr'>Quod</span> <span class='ocrx_word' id='word_1_8' title='bbox 1597 643 1661 712; x_wconf 88' lang='lat' dir='ltr'>si</span> <span class='ocrx_word' id='word_1_9' title='bbox 1710 641 2107 729; x_wconf 69' lang='lat' dir='ltr'>intelliga-</span> 
     </span>
    </p>
   </div>
   <div class='ocr_carea' id='block_1_3' title="bbox 214 813 520 867">
    <p class='ocr_par' dir='ltr' id='par_1_3' title="bbox 214 813 520 867">
     <span class='ocr_line' id='line_1_3' title="bbox 214 813 520 867; baseline -0.026 0"><span class='ocrx_word' id='word_1_10' title='bbox 214 817 283 867; x_wconf 94' lang='lat' dir='ltr'>D.</span> <span class='ocrx_word' id='word_1_11' title='bbox 335 813 520 864; x_wconf 80' lang='lat' dir='ltr'>Thom.</span> 
     </span>
    </p>
   </div>
   <div class='ocr_carea' id='block_1_4' title="bbox 238 873 2112 1005">
    <p class='ocr_par' dir='ltr' id='par_1_4' title="bbox 238 873 2112 1005">
     <span class='ocr_line' id='line_1_4' title="bbox 238 873 2112 1005; baseline -0.001 -60"><span class='ocrx_word' id='word_1_12' title='bbox 238 875 502 1005; x_wconf 30' lang='lat' dir='ltr'>abigi&amp;</span> <span class='ocrx_word' id='word_1_13' title='bbox 558 877 941 968; x_wconf 89' lang='lat' dir='ltr'>possibile</span> <span class='ocrx_word' id='word_1_14' title='bbox 982 883 1106 951; x_wconf 85' lang='lat' dir='ltr'>est</span> <span class='ocrx_word' id='word_1_15' title='bbox 1161 877 1592 949; x_wconf 88' lang='lat' dir='ltr'>secundum</span> <span class='ocrx_word' id='word_1_16' title='bbox 1644 877 1903 966; x_wconf 86' lang='lat' dir='ltr'>ipsum</span> <span class='ocrx_word' id='word_1_17' title='bbox 1972 873 2112 943; x_wconf 86' lang='lat' dir='ltr'>ali-</span> 
     </span>
    </p>
   </div>
   <div class='ocr_carea' id='block_1_5' title="bbox 217 989 2113 1204">
    <p class='ocr_par' dir='ltr' id='par_1_5' title="bbox 217 989 2113 1204">
     <span class='ocr_line' id='line_1_5' title="bbox 217 989 2112 1095; baseline -0.002 -32"><span class='ocrx_word' id='word_1_18' title='bbox 217 994 659 1095; x_wconf 14' lang='lat' dir='ltr'>quzgndoin‘bi,</span> <span class='ocrx_word' id='word_1_19' title='bbox 731 996 1369 1067; x_wconf 70' lang='lat' dir='ltr'>instrumentum</span> <span class='ocrx_word' id='word_1_20' title='bbox 1440 993 1849 1081; x_wconf 76' lang='lat' dir='ltr'>attingere</span> <span class='ocrx_word' id='word_1_21' title='bbox 1926 989 2112 1060; x_wconf 80' lang='lat' dir='ltr'>effe-</span> 
     </span>
     <span class='ocr_line' id='line_1_6' title="bbox 248 1076 2113 1204; baseline -0.001 -22"><span class='ocrx_word' id='word_1_22' title='bbox 248 1076 501 1117; x_wconf 63' lang='lat' dir='ltr'>ammen-</span> <span class='ocrx_word' id='word_1_23' title='bbox 559 1118 781 1186; x_wconf 83' lang='lat' dir='ltr'>ctum</span> <span class='ocrx_word' id='word_1_24' title='bbox 837 1111 1314 1204; x_wconf 86' lang='lat' dir='ltr'>principalis</span> <span class='ocrx_word' id='word_1_25' title='bbox 1351 1110 1670 1201; x_wconf 68' lang='lat' dir='ltr'>agentis</span> <span class='ocrx_word' id='word_1_26' title='bbox 1712 1135 1725 1190; x_wconf 94' lang='lat'>;</span> <span class='ocrx_word' id='word_1_27' title='bbox 1765 1113 1843 1180; x_wconf 86' lang='lat' dir='ltr'>et</span> <span class='ocrx_word' id='word_1_28' title='bbox 1890 1112 2113 1199; x_wconf 88' lang='lat' dir='ltr'>patet</span> 
     </span>
    </p>
   </div>
   <div class='ocr_carea' id='block_1_6' title="bbox 320 1137 426 1178">
    <p class='ocr_par' dir='ltr' id='par_1_6' title="bbox 320 1137 426 1178">
     <span class='ocr_line' id='line_1_7' title="bbox 320 1137 426 1178; baseline -0.038 0"><span class='ocrx_word' id='word_1_29' title='bbox 320 1137 426 1178; x_wconf 81' lang='lat' dir='ltr'>tum</span> 
     </span>
    </p>
   </div>
   <div class='ocr_carea' id='block_1_7' title="bbox 214 1192 2117 1691">
    <p class='ocr_par' dir='ltr' id='par_1_7' title="bbox 263 1192 1953 1249">
     <span class='ocr_line' id='line_1_8' title="bbox 263 1192 1953 1249; baseline -0.002 -9"><span class='ocrx_word' id='word_1_30' title='bbox 263 1192 501 1249; x_wconf 73' lang='lat' dir='ltr'>disponat</span> <span class='ocrx_word' id='word_1_31' title='bbox 570 1230 578 1241; x_wconf 90' lang='lat'><em>.</em></span> <span class='ocrx_word' id='word_1_32' title='bbox 900 1231 912 1241; x_wconf 94' lang='lat'>.</span> <span class='ocrx_word' id='word_1_33' title='bbox 1160 1230 1171 1241; x_wconf 92' lang='lat'><strong>.</strong></span> <span class='ocrx_word' id='word_1_34' title='bbox 1536 1230 1547 1240; x_wconf 93' lang='lat'>.</span> <span class='ocrx_word' id='word_1_35' title='bbox 1692 1226 1703 1237; x_wconf 92' lang='lat'><strong>.</strong></span> <span class='ocrx_word' id='word_1_36' title='bbox 1942 1226 1953 1237; x_wconf 92' lang='lat'><strong>.</strong></span> 
     </span>
    </p>

    <p class='ocr_par' dir='ltr' id='par_1_8' title="bbox 214 1227 2117 1691">
     <span class='ocr_line' id='line_1_9' title="bbox 215 1227 2111 1326; baseline -0.005 -23"><span class='ocrx_word' id='word_1_37' title='bbox 215 1250 637 1326; x_wconf 57' lang='lat' dir='ltr'>aaqtrepiumin</span> <span class='ocrx_word' id='word_1_38' title='bbox 683 1231 963 1301; x_wconf 82' lang='lat' dir='ltr'>multis</span> <span class='ocrx_word' id='word_1_39' title='bbox 1017 1231 1328 1302; x_wconf 78' lang='lat' dir='ltr'>actibus</span> <span class='ocrx_word' id='word_1_40' title='bbox 1390 1233 1626 1310; x_wconf 77' lang='lat' dir='ltr'>artis,</span> <span class='ocrx_word' id='word_1_41' title='bbox 1688 1248 1768 1298; x_wconf 81' lang='lat' dir='ltr'>in</span> <span class='ocrx_word' id='word_1_42' title='bbox 1828 1227 2111 1317; x_wconf 79' lang='lat' dir='ltr'>quibus</span> 
     </span>
     <span class='ocr_line' id='line_1_10' title="bbox 243 1332 2114 1437; baseline -0.01 -9"><span class='ocrx_word' id='word_1_43' title='bbox 243 1332 502 1436; x_wconf 41' lang='lat' dir='ltr'>pmsszffia-</span> <span class='ocrx_word' id='word_1_44' title='bbox 561 1345 860 1419; x_wconf 79' lang='lat' dir='ltr'>artifex</span> <span class='ocrx_word' id='word_1_45' title='bbox 896 1346 1367 1437; x_wconf 74' lang='lat' dir='ltr'>quandoque</span> <span class='ocrx_word' id='word_1_46' title='bbox 1420 1364 1565 1435; x_wconf 86' lang='lat' dir='ltr'>per</span> <span class='ocrx_word' id='word_1_47' title='bbox 1624 1345 2114 1414; x_wconf 88' lang='lat' dir='ltr'>instrumen-</span> 
     </span>
     <span class='ocr_line' id='line_1_11' title="bbox 215 1440 2113 1556; baseline -0.007 -15"><span class='ocrx_word' id='word_1_48' title='bbox 215 1440 539 1556; x_wconf 51' lang='lat' dir='ltr'>ss20f¹¹¹2ffi¹12</span> <span class='ocrx_word' id='word_1_49' title='bbox 566 1468 735 1537; x_wconf 86' lang='lat' dir='ltr'>tum</span> <span class='ocrx_word' id='word_1_50' title='bbox 796 1462 1099 1535; x_wconf 78' lang='lat' dir='ltr'>inducit</span> <span class='ocrx_word' id='word_1_51' title='bbox 1150 1463 1592 1533; x_wconf 88' lang='lat' dir='ltr'>terminum</span> <span class='ocrx_word' id='word_1_52' title='bbox 1652 1457 2113 1550; x_wconf 77' lang='lat' dir='ltr'>principali-</span> 
     </span>
     <span class='ocr_line' id='line_1_12' title="bbox 214 1566 2117 1691; baseline -0.006 -36"><span class='ocrx_word' id='word_1_53' title='bbox 214 1567 351 1682; x_wconf 54' lang='lat' dir='ltr'>{Jsss32</span> <span class='ocrx_word' id='word_1_54' title='bbox 380 1582 441 1679; x_wconf 56' lang='grc' dir='ltr'>(ἐζ</span> <span class='ocrx_word' id='word_1_55' title='bbox 472 1566 527 1691; x_wconf 59' lang='lat' dir='ltr'>{j</span> <span class='ocrx_word' id='word_1_56' title='bbox 565 1584 692 1651; x_wconf 89' lang='lat' dir='ltr'>ter</span> <span class='ocrx_word' id='word_1_57' title='bbox 724 1580 1148 1659; x_wconf 89' lang='lat' dir='ltr'>intentum,</span> <span class='ocrx_word' id='word_1_58' title='bbox 1183 1577 1393 1650; x_wconf 84' lang='lat' dir='ltr'>sicut</span> <span class='ocrx_word' id='word_1_59' title='bbox 1432 1575 1936 1648; x_wconf 88' lang='lat' dir='ltr'>monetarius</span> <span class='ocrx_word' id='word_1_60' title='bbox 1975 1593 2117 1665; x_wconf 90' lang='lat' dir='ltr'>per</span> 
     </span>
    </p>
   </div>
   <div class='ocr_carea' id='block_1_8' title="bbox 244 1690 2120 4928">
    <p class='ocr_par' dir='ltr' id='par_1_9' title="bbox 244 1690 2120 4812">
     <span class='ocr_line' id='line_1_13' title="bbox 245 1690 2112 1816; baseline -0.005 -48"><span class='ocrx_word' id='word_1_61' title='bbox 245 1690 500 1816; x_wconf 28' lang='lat' dir='ltr'>{gt-(323</span> <span class='ocrx_word' id='word_1_62' title='bbox 565 1696 1198 1768; x_wconf 86' lang='lat' dir='ltr'>instrumentum</span> <span class='ocrx_word' id='word_1_63' title='bbox 1255 1690 1558 1765; x_wconf 81' lang='lat' dir='ltr'>inducit</span> <span class='ocrx_word' id='word_1_64' title='bbox 1620 1693 1972 1763; x_wconf 83' lang='lat' dir='ltr'>sormam</span> <span class='ocrx_word' id='word_1_65' title='bbox 2041 1691 2112 1762; x_wconf 91' lang='lat' dir='ltr'>in</span> 
     </span>
     <span class='ocr_line' id='line_1_14' title="bbox 244 1808 2110 1932; baseline -0.004 -49"><span class='ocrx_word' id='word_1_66' title='bbox 244 1818 500 1932; x_wconf 51' lang='lat' dir='ltr'>eud-¹18·</span> <span class='ocrx_word' id='word_1_67' title='bbox 566 1816 1001 1892; x_wconf 81' lang='lat' dir='ltr'>moneta-m,</span> <span class='ocrx_word' id='word_1_68' title='bbox 1048 1815 1128 1883; x_wconf 87' lang='lat' dir='ltr'>et</span> <span class='ocrx_word' id='word_1_69' title='bbox 1172 1809 1587 1899; x_wconf 76' lang='lat' dir='ltr'>sigillator</span> <span class='ocrx_word' id='word_1_70' title='bbox 1650 1808 1726 1878; x_wconf 92' lang='lat' dir='ltr'>in</span> <span class='ocrx_word' id='word_1_71' title='bbox 1797 1826 2110 1884; x_wconf 87' lang='lat' dir='ltr'>ceram;</span> 
     </span>
     <span class='ocr_line' id='line_1_15' title="bbox 305 1901 2119 2018; baseline -0.004 -18"><span class='ocrx_word' id='word_1_72' title='bbox 305 1901 360 1949; x_wconf 71' lang='lat'>‘¹&#39;</span> <span class='ocrx_word' id='word_1_73' title='bbox 428 1921 441 1935; x_wconf 84' lang='grc'><em>’</em></span> <span class='ocrx_word' id='word_1_74' title='bbox 563 1947 708 1999; x_wconf 90' lang='lat' dir='ltr'>nec</span> <span class='ocrx_word' id='word_1_75' title='bbox 780 1947 1131 2018; x_wconf 89' lang='lat' dir='ltr'>unquam</span> <span class='ocrx_word' id='word_1_76' title='bbox 1216 1928 1542 2017; x_wconf 87' lang='lat' dir='ltr'>oportet</span> <span class='ocrx_word' id='word_1_77' title='bbox 1628 1923 2119 1996; x_wconf 89' lang='lat' dir='ltr'>instrumen-</span> 
     </span>
     <span class='ocr_line' id='line_1_16' title="bbox 562 2038 2113 2133; baseline -0.005 -18"><span class='ocrx_word' id='word_1_78' title='bbox 562 2047 734 2116; x_wconf 83' lang='lat' dir='ltr'>tum</span> <span class='ocrx_word' id='word_1_79' title='bbox 790 2044 884 2114; x_wconf 86' lang='lat' dir='ltr'>ad</span> <span class='ocrx_word' id='word_1_80' title='bbox 937 2042 1319 2114; x_wconf 81' lang='lat' dir='ltr'>effectum</span> <span class='ocrx_word' id='word_1_81' title='bbox 1376 2039 1908 2133; x_wconf 71' lang='lat' dir='ltr'>principalem</span> <span class='ocrx_word' id='word_1_82' title='bbox 1968 2038 2113 2109; x_wconf 91' lang='lat' dir='ltr'>dis-</span> 
     </span>
     <span class='ocr_line' id='line_1_17' title="bbox 566 2156 2116 2251; baseline -0.005 -19"><span class='ocrx_word' id='word_1_83' title='bbox 566 2179 895 2251; x_wconf 85' lang='lat' dir='ltr'>ponere,</span> <span class='ocrx_word' id='word_1_84' title='bbox 965 2159 1121 2231; x_wconf 91' lang='lat' dir='ltr'>nisi</span> <span class='ocrx_word' id='word_1_85' title='bbox 1177 2158 1284 2231; x_wconf 87' lang='lat' dir='ltr'>sit</span> <span class='ocrx_word' id='word_1_86' title='bbox 1325 2157 1963 2229; x_wconf 71' lang='lat' dir='ltr'>instrumentum</span> <span class='ocrx_word' id='word_1_87' title='bbox 2037 2156 2116 2227; x_wconf 92' lang='lat' dir='ltr'>in</span> 
     </span>
     <span class='ocr_line' id='line_1_18' title="bbox 561 2270 2115 2367; baseline -0.005 -20"><span class='ocrx_word' id='word_1_88' title='bbox 561 2277 908 2357; x_wconf 88' lang='lat' dir='ltr'>actione,</span> <span class='ocrx_word' id='word_1_89' title='bbox 958 2297 1131 2367; x_wconf 84' lang='lat' dir='ltr'>quae</span> <span class='ocrx_word' id='word_1_90' title='bbox 1180 2274 1536 2366; x_wconf 84' lang='lat' dir='ltr'>disponit</span> <span class='ocrx_word' id='word_1_91' title='bbox 1580 2272 1673 2344; x_wconf 88' lang='lat' dir='ltr'>ad</span> <span class='ocrx_word' id='word_1_92' title='bbox 1732 2270 2115 2343; x_wconf 83' lang='lat' dir='ltr'>effectum</span> 
     </span>
     <span class='ocr_line' id='line_1_19' title="bbox 564 2387 2119 2484; baseline -0.003 -23"><span class='ocrx_word' id='word_1_93' title='bbox 564 2392 837 2473; x_wconf 90' lang='lat' dir='ltr'>istum,</span> <span class='ocrx_word' id='word_1_94' title='bbox 891 2394 1094 2484; x_wconf 86' lang='lat' dir='ltr'>quod</span> <span class='ocrx_word' id='word_1_95' title='bbox 1136 2413 1294 2463; x_wconf 90' lang='lat' dir='ltr'>non</span> <span class='ocrx_word' id='word_1_96' title='bbox 1366 2396 1491 2464; x_wconf 92' lang='lat' dir='ltr'>est</span> <span class='ocrx_word' id='word_1_97' title='bbox 1539 2387 2119 2460; x_wconf 90' lang='lat' dir='ltr'>universaliter</span> 
     </span>
     <span class='ocr_line' id='line_1_20' title="bbox 561 2504 2115 2594; baseline -0.003 -17"><span class='ocrx_word' id='word_1_98' title='bbox 561 2508 1147 2586; x_wconf 90' lang='lat' dir='ltr'>necessarium,</span> <span class='ocrx_word' id='word_1_99' title='bbox 1240 2508 1374 2579; x_wconf 88' lang='lat' dir='ltr'>sed</span> <span class='ocrx_word' id='word_1_100' title='bbox 1454 2505 1720 2577; x_wconf 89' lang='lat' dir='ltr'>solum</span> <span class='ocrx_word' id='word_1_101' title='bbox 1804 2504 2115 2594; x_wconf 85' lang='lat' dir='ltr'>quando</span> 
     </span>
     <span class='ocr_line' id='line_1_21' title="bbox 563 2622 2117 2716; baseline -0.004 -21"><span class='ocrx_word' id='word_1_102' title='bbox 563 2628 751 2698; x_wconf 88' lang='lat' dir='ltr'>sunt</span> <span class='ocrx_word' id='word_1_103' title='bbox 788 2625 1061 2716; x_wconf 89' lang='lat' dir='ltr'>plures</span> <span class='ocrx_word' id='word_1_104' title='bbox 1086 2624 1447 2697; x_wconf 79' lang='lat' dir='ltr'>actiones</span> <span class='ocrx_word' id='word_1_105' title='bbox 1484 2622 1903 2697; x_wconf 72' lang='lat' dir='ltr'>ordinatae,</span> <span class='ocrx_word' id='word_1_106' title='bbox 1936 2639 2117 2712; x_wconf 86' lang='lat' dir='ltr'>qua-</span> 
     </span>
     <span class='ocr_line' id='line_1_22' title="bbox 562 2738 2120 2830; baseline -0.003 -20"><span class='ocrx_word' id='word_1_107' title='bbox 562 2760 741 2811; x_wconf 91' lang='lat' dir='ltr'>rum</span> <span class='ocrx_word' id='word_1_108' title='bbox 788 2760 946 2812; x_wconf 91' lang='lat' dir='ltr'>una</span> <span class='ocrx_word' id='word_1_109' title='bbox 988 2740 1083 2812; x_wconf 88' lang='lat' dir='ltr'>ad</span> <span class='ocrx_word' id='word_1_110' title='bbox 1134 2739 1383 2812; x_wconf 87' lang='lat' dir='ltr'>aliam</span> <span class='ocrx_word' id='word_1_111' title='bbox 1448 2738 1829 2830; x_wconf 89' lang='lat' dir='ltr'>disponit.</span> <span class='ocrx_word' id='word_1_112' title='bbox 1882 2738 2120 2808; x_wconf 81' lang='lat' dir='ltr'>Abso-</span> 
     </span>
     <span class='ocr_line' id='line_1_23' title="bbox 559 2855 2119 2949; baseline -0.003 -21"><span class='ocrx_word' id='word_1_113' title='bbox 559 2858 725 2929; x_wconf 88' lang='lat' dir='ltr'>lute</span> <span class='ocrx_word' id='word_1_114' title='bbox 768 2861 1039 2929; x_wconf 89' lang='lat' dir='ltr'>autem</span> <span class='ocrx_word' id='word_1_115' title='bbox 1086 2858 1352 2949; x_wconf 92' lang='lat' dir='ltr'>potest</span> <span class='ocrx_word' id='word_1_116' title='bbox 1405 2876 1581 2927; x_wconf 88' lang='lat' dir='ltr'>esse</span> <span class='ocrx_word' id='word_1_117' title='bbox 1627 2855 2119 2927; x_wconf 86' lang='lat' dir='ltr'>instrumen-</span> 
     </span>
     <span class='ocr_line' id='line_1_24' title="bbox 565 2971 2107 3066; baseline -0.005 -20"><span class='ocrx_word' id='word_1_118' title='bbox 565 2977 736 3046; x_wconf 89' lang='lat' dir='ltr'>tum</span> <span class='ocrx_word' id='word_1_119' title='bbox 772 2973 853 3044; x_wconf 92' lang='lat' dir='ltr'>in</span> <span class='ocrx_word' id='word_1_120' title='bbox 889 2973 1322 3066; x_wconf 86' lang='lat' dir='ltr'>principali</span> <span class='ocrx_word' id='word_1_121' title='bbox 1358 2972 1698 3053; x_wconf 87' lang='lat' dir='ltr'>actione,</span> <span class='ocrx_word' id='word_1_122' title='bbox 1729 2971 1918 3044; x_wconf 88' lang='lat' dir='ltr'>licet</span> <span class='ocrx_word' id='word_1_123' title='bbox 1950 2989 2107 3040; x_wconf 91' lang='lat' dir='ltr'>non</span> 
     </span>
     <span class='ocr_line' id='line_1_25' title="bbox 562 3086 2117 3181; baseline -0.005 -19"><span class='ocrx_word' id='word_1_124' title='bbox 562 3094 1001 3162; x_wconf 85' lang='lat' dir='ltr'>concurrat</span> <span class='ocrx_word' id='word_1_125' title='bbox 1038 3090 1117 3161; x_wconf 90' lang='lat' dir='ltr'>in</span> <span class='ocrx_word' id='word_1_126' title='bbox 1162 3089 1435 3181; x_wconf 90' lang='lat' dir='ltr'>aliqua</span> <span class='ocrx_word' id='word_1_127' title='bbox 1468 3087 1631 3160; x_wconf 87' lang='lat' dir='ltr'>alia</span> <span class='ocrx_word' id='word_1_128' title='bbox 1676 3086 2117 3179; x_wconf 58' lang='lat' dir='ltr'>praeceden-</span> 
     </span>
     <span class='ocr_line' id='line_1_26' title="bbox 557 3203 2117 3297; baseline -0.004 -19"><span class='ocrx_word' id='word_1_129' title='bbox 557 3210 656 3278; x_wconf 89' lang='lat' dir='ltr'>te.</span> <span class='ocrx_word' id='word_1_130' title='bbox 742 3206 924 3278; x_wconf 93' lang='lat' dir='ltr'>Non</span> <span class='ocrx_word' id='word_1_131' title='bbox 1009 3210 1285 3297; x_wconf 89' lang='lat' dir='ltr'>potest</span> <span class='ocrx_word' id='word_1_132' title='bbox 1354 3225 1552 3295; x_wconf 85' lang='lat' dir='ltr'>ergo</span> <span class='ocrx_word' id='word_1_133' title='bbox 1638 3203 1906 3296; x_wconf 89' lang='lat' dir='ltr'>major</span> <span class='ocrx_word' id='word_1_134' title='bbox 1970 3221 2117 3274; x_wconf 87' lang='lat' dir='ltr'>sua</span> 
     </span>
     <span class='ocr_line' id='line_1_27' title="bbox 556 3321 2117 3403; baseline -0.001 -10"><span class='ocrx_word' id='word_1_135' title='bbox 556 3323 852 3395; x_wconf 85' lang='lat' dir='ltr'>habere</span> <span class='ocrx_word' id='word_1_136' title='bbox 895 3325 1361 3403; x_wconf 86' lang='lat' dir='ltr'>veritatem,</span> <span class='ocrx_word' id='word_1_137' title='bbox 1419 3322 1574 3393; x_wconf 88' lang='lat' dir='ltr'>nisi</span> <span class='ocrx_word' id='word_1_138' title='bbox 1648 3324 1765 3395; x_wconf 91' lang='lat' dir='ltr'>sic</span> <span class='ocrx_word' id='word_1_139' title='bbox 1810 3321 2117 3395; x_wconf 90' lang='lat' dir='ltr'>intelle-</span> 
     </span>
     <span class='ocr_line' id='line_1_28' title="bbox 555 3436 2117 3530; baseline -0.002 -19"><span class='ocrx_word' id='word_1_140' title='bbox 555 3443 712 3522; x_wconf 86' lang='lat' dir='ltr'>cta,</span> <span class='ocrx_word' id='word_1_141' title='bbox 797 3441 1000 3530; x_wconf 90' lang='lat' dir='ltr'>quod</span> <span class='ocrx_word' id='word_1_142' title='bbox 1073 3439 1711 3512; x_wconf 81' lang='lat' dir='ltr'>instrumentum</span> <span class='ocrx_word' id='word_1_143' title='bbox 1761 3458 1904 3530; x_wconf 92' lang='lat' dir='ltr'>per</span> <span class='ocrx_word' id='word_1_144' title='bbox 1974 3436 2117 3508; x_wconf 90' lang='lat' dir='ltr'>ali-</span> 
     </span>
     <span class='ocr_line' id='line_1_29' title="bbox 556 3553 2116 3648; baseline -0.001 -24"><span class='ocrx_word' id='word_1_145' title='bbox 556 3555 739 3645; x_wconf 83' lang='lat' dir='ltr'>quid</span> <span class='ocrx_word' id='word_1_146' title='bbox 783 3556 935 3627; x_wconf 86' lang='lat' dir='ltr'>sibi</span> <span class='ocrx_word' id='word_1_147' title='bbox 1013 3555 1462 3648; x_wconf 85' lang='lat' dir='ltr'>proprium,</span> <span class='ocrx_word' id='word_1_148' title='bbox 1520 3557 1803 3627; x_wconf 83' lang='lat' dir='ltr'>causat</span> <span class='ocrx_word' id='word_1_149' title='bbox 1845 3553 2116 3644; x_wconf 85' lang='lat' dir='ltr'>dispo-</span> 
     </span>
     <span class='ocr_line' id='line_1_30' title="bbox 558 3665 2111 3765; baseline -0.001 -21"><span class='ocrx_word' id='word_1_150' title='bbox 558 3674 935 3746; x_wconf 88' lang='lat' dir='ltr'>sitionem</span> <span class='ocrx_word' id='word_1_151' title='bbox 958 3675 1052 3746; x_wconf 86' lang='lat' dir='ltr'>ad</span> <span class='ocrx_word' id='word_1_152' title='bbox 1076 3673 1517 3746; x_wconf 90' lang='lat' dir='ltr'>terminum</span> <span class='ocrx_word' id='word_1_153' title='bbox 1549 3665 2111 3765; x_wconf 83' lang='lat' dir='ltr'>principalem,</span> 
     </span>
     <span class='ocr_line' id='line_1_31' title="bbox 562 3786 2114 3882; baseline 0 -25"><span class='ocrx_word' id='word_1_154' title='bbox 562 3792 869 3881; x_wconf 83' lang='lat' dir='ltr'>quando</span> <span class='ocrx_word' id='word_1_155' title='bbox 913 3810 1071 3860; x_wconf 91' lang='lat' dir='ltr'>non</span> <span class='ocrx_word' id='word_1_156' title='bbox 1118 3792 1381 3882; x_wconf 87' lang='lat' dir='ltr'>potest</span> <span class='ocrx_word' id='word_1_157' title='bbox 1439 3790 1751 3861; x_wconf 87' lang='lat' dir='ltr'>virtute</span> <span class='ocrx_word' id='word_1_158' title='bbox 1820 3786 2114 3878; x_wconf 86' lang='lat' dir='ltr'>princi-</span> 
     </span>
     <span class='ocr_line' id='line_1_32' title="bbox 566 3903 2112 3998; baseline -0.003 -21"><span class='ocrx_word' id='word_1_159' title='bbox 566 3906 769 3998; x_wconf 90' lang='lat' dir='ltr'>palis</span> <span class='ocrx_word' id='word_1_160' title='bbox 840 3906 1158 3995; x_wconf 80' lang='lat' dir='ltr'>agentis</span> <span class='ocrx_word' id='word_1_161' title='bbox 1235 3905 1646 3994; x_wconf 79' lang='lat' dir='ltr'>attingere</span> <span class='ocrx_word' id='word_1_162' title='bbox 1710 3904 1804 3975; x_wconf 89' lang='lat' dir='ltr'>ad</span> <span class='ocrx_word' id='word_1_163' title='bbox 1880 3903 2112 3974; x_wconf 90' lang='lat' dir='ltr'>illum</span> 
     </span>
     <span class='ocr_line' id='line_1_33' title="bbox 568 4021 2114 4114; baseline -0.003 -19"><span class='ocrx_word' id='word_1_164' title='bbox 568 4021 1007 4095; x_wconf 90' lang='lat' dir='ltr'>terminum</span> <span class='ocrx_word' id='word_1_165' title='bbox 1080 4021 1642 4114; x_wconf 82' lang='lat' dir='ltr'>principalem.</span> <span class='ocrx_word' id='word_1_166' title='bbox 1743 4023 1835 4090; x_wconf 70' lang='lat' dir='ltr'>[Gt</span> <span class='ocrx_word' id='word_1_167' title='bbox 1926 4025 2114 4092; x_wconf 87' lang='lat' dir='ltr'>tune</span> 
     </span>
     <span class='ocr_line' id='line_1_34' title="bbox 570 4136 2111 4230; baseline -0.002 -21"><span class='ocrx_word' id='word_1_168' title='bbox 570 4143 991 4230; x_wconf 86' lang='lat' dir='ltr'>oporteret</span> <span class='ocrx_word' id='word_1_169' title='bbox 1072 4158 1528 4229; x_wconf 84' lang='lat' dir='ltr'>supponere</span> <span class='ocrx_word' id='word_1_170' title='bbox 1609 4137 1688 4207; x_wconf 92' lang='lat' dir='ltr'>in</span> <span class='ocrx_word' id='word_1_171' title='bbox 1788 4136 2111 4215; x_wconf 84' lang='lat' dir='ltr'>minori,</span> 
     </span>
     <span class='ocr_line' id='line_1_35' title="bbox 565 4253 2115 4347; baseline -0.001 -25"><span class='ocrx_word' id='word_1_172' title='bbox 565 4256 771 4347; x_wconf 87' lang='lat' dir='ltr'>quod</span> <span class='ocrx_word' id='word_1_173' title='bbox 809 4260 1195 4329; x_wconf 89' lang='lat' dir='ltr'>creatura</span> <span class='ocrx_word' id='word_1_174' title='bbox 1227 4274 1388 4326; x_wconf 91' lang='lat' dir='ltr'>non</span> <span class='ocrx_word' id='word_1_175' title='bbox 1440 4254 1701 4346; x_wconf 90' lang='lat' dir='ltr'>possit</span> <span class='ocrx_word' id='word_1_176' title='bbox 1738 4253 1813 4324; x_wconf 91' lang='lat' dir='ltr'>in</span> <span class='ocrx_word' id='word_1_177' title='bbox 1855 4253 2115 4325; x_wconf 87' lang='lat' dir='ltr'>virtu-</span> 
     </span>
     <span class='ocr_line' id='line_1_36' title="bbox 562 4370 2117 4461; baseline -0.003 -18"><span class='ocrx_word' id='word_1_178' title='bbox 562 4377 641 4446; x_wconf 89' lang='lat' dir='ltr'>te</span> <span class='ocrx_word' id='word_1_179' title='bbox 712 4371 858 4446; x_wconf 91' lang='lat' dir='ltr'>Dei</span> <span class='ocrx_word' id='word_1_180' title='bbox 920 4371 1331 4461; x_wconf 78' lang='lat' dir='ltr'>attingere</span> <span class='ocrx_word' id='word_1_181' title='bbox 1393 4370 1835 4443; x_wconf 86' lang='lat' dir='ltr'>terminum</span> <span class='ocrx_word' id='word_1_182' title='bbox 1896 4389 2117 4440; x_wconf 87' lang='lat' dir='ltr'>crea-</span> 
     </span>
     <span class='ocr_line' id='line_1_37' title="bbox 559 4485 2111 4580; baseline -0.005 -19"><span class='ocrx_word' id='word_1_183' title='bbox 559 4487 832 4569; x_wconf 87' lang='lat' dir='ltr'>tionis,</span> <span class='ocrx_word' id='word_1_184' title='bbox 874 4509 1046 4580; x_wconf 83' lang='lat' dir='ltr'>quae</span> <span class='ocrx_word' id='word_1_185' title='bbox 1086 4487 1354 4559; x_wconf 89' lang='lat' dir='ltr'>minor</span> <span class='ocrx_word' id='word_1_186' title='bbox 1386 4506 1548 4558; x_wconf 90' lang='lat' dir='ltr'>non</span> <span class='ocrx_word' id='word_1_187' title='bbox 1591 4485 2111 4576; x_wconf 83' lang='lat' dir='ltr'>estprobata,</span> 
     </span>
     <span class='ocr_line' id='line_1_38' title="bbox 558 4601 2111 4696; baseline -0.004 -22"><span class='ocrx_word' id='word_1_188' title='bbox 558 4604 716 4676; x_wconf 85' lang='lat' dir='ltr'>nisi</span> <span class='ocrx_word' id='word_1_189' title='bbox 756 4625 898 4696; x_wconf 93' lang='lat' dir='ltr'>per</span> <span class='ocrx_word' id='word_1_190' title='bbox 932 4604 1332 4677; x_wconf 86' lang='lat' dir='ltr'>rationem</span> <span class='ocrx_word' id='word_1_191' title='bbox 1372 4602 1596 4673; x_wconf 88' lang='lat' dir='ltr'>illam</span> <span class='ocrx_word' id='word_1_192' title='bbox 1638 4601 1994 4693; x_wconf 87' lang='lat' dir='ltr'>priorem</span> <span class='ocrx_word' id='word_1_193' title='bbox 2021 4602 2111 4670; x_wconf 85' lang='lat' dir='ltr'>de</span> 
     </span>
     <span class='ocr_line' id='line_1_39' title="bbox 559 4716 2106 4812; baseline 0 -26"><span class='ocrx_word' id='word_1_194' title='bbox 559 4744 717 4802; x_wconf 75' lang='lat' dir='ltr'>esse,</span> <span class='ocrx_word' id='word_1_195' title='bbox 780 4721 869 4791; x_wconf 91' lang='lat' dir='ltr'>de</span> <span class='ocrx_word' id='word_1_196' title='bbox 945 4740 1098 4812; x_wconf 88' lang='lat' dir='ltr'>qua</span> <span class='ocrx_word' id='word_1_197' title='bbox 1149 4719 1321 4811; x_wconf 84' lang='lat' dir='ltr'>jam</span> <span class='ocrx_word' id='word_1_198' title='bbox 1391 4718 1653 4789; x_wconf 90' lang='lat' dir='ltr'>visum</span> <span class='ocrx_word' id='word_1_199' title='bbox 1706 4721 1855 4797; x_wconf 92' lang='lat' dir='ltr'>est,</span> <span class='ocrx_word' id='word_1_200' title='bbox 1904 4716 2106 4808; x_wconf 91' lang='lat' dir='ltr'>quod</span> 
     </span>
    </p>

    <p class='ocr_par' dir='ltr' id='par_1_10' title="bbox 559 4833 1453 4928">
     <span class='ocr_line' id='line_1_40' title="bbox 559 4833 1453 4928; baseline -0.004 -21"><span class='ocrx_word' id='word_1_201' title='bbox 559 4837 738 4928; x_wconf 87' lang='lat' dir='ltr'>ipsa</span> <span class='ocrx_word' id='word_1_202' title='bbox 786 4856 951 4908; x_wconf 91' lang='lat' dir='ltr'>non</span> <span class='ocrx_word' id='word_1_203' title='bbox 1017 4833 1453 4908; x_wconf 68' lang='lat' dir='ltr'>concludit.</span> 
     </span>
    </p>
   </div>
   <div class='ocr_carea' id='block_1_9' title="bbox 339 4948 2101 5043">
    <p class='ocr_par' dir='ltr' id='par_1_11' title="bbox 339 4948 2101 5043">
     <span class='ocr_line' id='line_1_41' title="bbox 339 4948 2101 5043; baseline -0.002 -19"><span class='ocrx_word' id='word_1_204' title='bbox 339 4993 419 5043; x_wconf 58' lang='lat'>10,</span> <span class='ocrx_word' id='word_1_205' title='bbox 650 4954 815 5025; x_wconf 88' lang='lat' dir='ltr'>Nec</span> <span class='ocrx_word' id='word_1_206' title='bbox 860 4951 1053 5023; x_wconf 91' lang='lat' dir='ltr'>illud</span> <span class='ocrx_word' id='word_1_207' title='bbox 1113 4948 1572 5039; x_wconf 77' lang='lat' dir='ltr'>exemplum</span> <span class='ocrx_word' id='word_1_208' title='bbox 1648 4948 1739 5019; x_wconf 92' lang='lat' dir='ltr'>de</span> <span class='ocrx_word' id='word_1_209' title='bbox 1810 4948 2101 5029; x_wconf 91' lang='lat' dir='ltr'>securi,</span> 
     </span>
    </p>
   </div>
   <div class='ocr_carea' id='block_1_10' title="bbox 223 5055 2116 5617">
    <p class='ocr_par' dir='ltr' id='par_1_12' title="bbox 223 5055 2116 5617">
     <span class='ocr_line' id='line_1_42' title="bbox 223 5055 2114 5168; baseline -0.001 -40"><span class='ocrx_word' id='word_1_210' title='bbox 223 5056 683 5168; x_wconf 46' lang='lat' dir='ltr'>1⁰⁸‘1&#39;212m0ffivel</span> <span class='ocrx_word' id='word_1_211' title='bbox 744 5057 1270 5151; x_wconf 83' lang='lat' dir='ltr'>probationes</span> <span class='ocrx_word' id='word_1_212' title='bbox 1318 5055 1476 5126; x_wconf 80' lang='lat' dir='ltr'>illae</span> <span class='ocrx_word' id='word_1_213' title='bbox 1522 5055 1727 5134; x_wconf 77' lang='lat' dir='ltr'>aliae,</span> <span class='ocrx_word' id='word_1_214' title='bbox 1780 5076 1952 5145; x_wconf 78' lang='lat' dir='ltr'>quae</span> <span class='ocrx_word' id='word_1_215' title='bbox 1989 5056 2114 5127; x_wconf 90' lang='lat' dir='ltr'>ad-</span> 
     </span>
     <span class='ocr_line' id='line_1_43' title="bbox 223 5172 2114 5296; baseline -0.004 -49"><span class='ocrx_word' id='word_1_216' title='bbox 223 5179 536 5296; x_wconf 46' lang='lat' dir='ltr'>ffissiffafflid</span> <span class='ocrx_word' id='word_1_217' title='bbox 561 5176 965 5248; x_wconf 89' lang='lat' dir='ltr'>ducuntur</span> <span class='ocrx_word' id='word_1_218' title='bbox 995 5174 1089 5246; x_wconf 89' lang='lat' dir='ltr'>ad</span> <span class='ocrx_word' id='word_1_219' title='bbox 1150 5173 1326 5254; x_wconf 88' lang='lat' dir='ltr'>hoc,</span> <span class='ocrx_word' id='word_1_220' title='bbox 1368 5173 1572 5264; x_wconf 86' lang='lat' dir='ltr'>quod</span> <span class='ocrx_word' id='word_1_221' title='bbox 1629 5172 2114 5245; x_wconf 89' lang='lat' dir='ltr'>instrumen-</span> 
     </span>
     <span class='ocr_line' id='line_1_44' title="bbox 565 5286 2116 5380; baseline -0.006 -15"><span class='ocrx_word' id='word_1_222' title='bbox 565 5296 737 5365; x_wconf 91' lang='lat' dir='ltr'>tum</span> <span class='ocrx_word' id='word_1_223' title='bbox 771 5290 1057 5363; x_wconf 86' lang='lat' dir='ltr'>habeat</span> <span class='ocrx_word' id='word_1_224' title='bbox 1130 5288 1433 5380; x_wconf 85' lang='lat' dir='ltr'>aliquid</span> <span class='ocrx_word' id='word_1_225' title='bbox 1495 5286 1912 5380; x_wconf 88' lang='lat' dir='ltr'>proprium</span> <span class='ocrx_word' id='word_1_226' title='bbox 1974 5305 2116 5378; x_wconf 91' lang='lat' dir='ltr'>per</span> 
     </span>
     <span class='ocr_line' id='line_1_45' title="bbox 565 5403 2116 5500; baseline -0.003 -22"><span class='ocrx_word' id='word_1_227' title='bbox 565 5407 767 5500; x_wconf 85' lang='lat' dir='ltr'>quod</span> <span class='ocrx_word' id='word_1_228' title='bbox 849 5409 1061 5497; x_wconf 84' lang='lat' dir='ltr'>agat,</span> <span class='ocrx_word' id='word_1_229' title='bbox 1138 5405 1427 5496; x_wconf 89' lang='lat' dir='ltr'>probat</span> <span class='ocrx_word' id='word_1_230' title='bbox 1533 5403 2116 5476; x_wconf 88' lang='lat' dir='ltr'>universaliter</span> 
     </span>
     <span class='ocr_line' id='line_1_46' title="bbox 563 5519 2116 5617; baseline -0.003 -23"><span class='ocrx_word' id='word_1_231' title='bbox 563 5523 768 5617; x_wconf 87' lang='lat' dir='ltr'>quod</span> <span class='ocrx_word' id='word_1_232' title='bbox 858 5521 1495 5594; x_wconf 88' lang='lat' dir='ltr'>instrumentum</span> <span class='ocrx_word' id='word_1_233' title='bbox 1575 5524 1766 5611; x_wconf 81' lang='lat' dir='ltr'>agat</span> <span class='ocrx_word' id='word_1_234' title='bbox 1860 5519 2116 5611; x_wconf 86' lang='lat' dir='ltr'>dispo—</span> 
     </span>
    </p>
   </div>
   <div class='ocr_carea' id='block_1_11' title="bbox 554 5635 2114 5730">
    <p class='ocr_par' dir='ltr' id='par_1_13' title="bbox 554 5635 2114 5730">
     <span class='ocr_line' id='line_1_47' title="bbox 554 5635 2114 5730; baseline -0.004 -16"><span class='ocrx_word' id='word_1_235' title='bbox 554 5640 819 5715; x_wconf 88' lang='lat' dir='ltr'>sitive.</span> <span class='ocrx_word' id='word_1_236' title='bbox 923 5639 1105 5711; x_wconf 93' lang='lat' dir='ltr'>Ideo</span> <span class='ocrx_word' id='word_1_237' title='bbox 1198 5637 1412 5710; x_wconf 89' lang='lat' dir='ltr'>enim</span> <span class='ocrx_word' id='word_1_238' title='bbox 1488 5635 1826 5730; x_wconf 82' lang='lat' dir='ltr'>praecise</span> <span class='ocrx_word' id='word_1_239' title='bbox 1896 5657 2114 5709; x_wconf 92' lang='lat' dir='ltr'>secu-</span> 
     </span>
    </p>
   </div>
   <div class='ocr_carea' id='block_1_12' title="bbox 2228 637 3774 730">
    <p class='ocr_par' dir='ltr' id='par_1_14' title="bbox 2228 637 3774 730">
     <span class='ocr_line' id='line_1_48' title="bbox 2228 637 3774 730; baseline -0.003 -21"><span class='ocrx_word' id='word_1_240' title='bbox 2228 640 2342 710; x_wconf 89' lang='lat' dir='ltr'>ris</span> <span class='ocrx_word' id='word_1_241' title='bbox 2463 641 2633 729; x_wconf 79' lang='lat' dir='ltr'>agit</span> <span class='ocrx_word' id='word_1_242' title='bbox 2714 637 3193 730; x_wconf 86' lang='lat' dir='ltr'>dispositive</span> <span class='ocrx_word' id='word_1_243' title='bbox 3277 637 3370 708; x_wconf 87' lang='lat' dir='ltr'>ad</span> <span class='ocrx_word' id='word_1_244' title='bbox 3468 653 3774 716; x_wconf 89' lang='lat' dir='ltr'>arcam,</span> 
     </span>
    </p>
   </div>
   <div class='ocr_carea' id='block_1_13' title="bbox 557 752 3779 848">
    <p class='ocr_par' dir='ltr' id='par_1_15' title="bbox 557 752 3779 848">
     <span class='ocr_line' id='line_1_49' title="bbox 557 752 3779 848; baseline -0.003 -14"><span class='ocrx_word' id='word_1_245' title='bbox 557 765 695 834; x_wconf 91' lang='lat' dir='ltr'>tur</span> <span class='ocrx_word' id='word_1_246' title='bbox 744 760 1349 841; x_wconf 89' lang='lat' dir='ltr'>universaliter,</span> <span class='ocrx_word' id='word_1_247' title='bbox 1399 758 1693 831; x_wconf 90' lang='lat' dir='ltr'>falsum</span> <span class='ocrx_word' id='word_1_248' title='bbox 1725 761 1876 838; x_wconf 88' lang='lat' dir='ltr'>est,</span> <span class='ocrx_word' id='word_1_249' title='bbox 1923 777 2109 828; x_wconf 87' lang='lat' dir='ltr'>nam</span> <span class='ocrx_word' id='word_1_250' title='bbox 2223 756 2411 848; x_wconf 89' lang='lat' dir='ltr'>quia</span> <span class='ocrx_word' id='word_1_251' title='bbox 2470 760 2592 829; x_wconf 90' lang='lat' dir='ltr'>est</span> <span class='ocrx_word' id='word_1_252' title='bbox 2683 757 3322 829; x_wconf 87' lang='lat' dir='ltr'>instrumentum</span> <span class='ocrx_word' id='word_1_253' title='bbox 3399 754 3482 825; x_wconf 91' lang='lat' dir='ltr'>in</span> <span class='ocrx_word' id='word_1_254' title='bbox 3587 752 3779 825; x_wconf 89' lang='lat' dir='ltr'>inci-</span> 
     </span>
    </p>
   </div>
   <div class='ocr_carea' id='block_1_14' title="bbox 2226 869 4135 3062">
    <p class='ocr_par' dir='ltr' id='par_1_16' title="bbox 2226 869 3786 1184">
     <span class='ocr_line' id='line_1_50' title="bbox 2610 869 3785 964; baseline -0.003 -21"><span class='ocrx_word' id='word_1_255' title='bbox 2610 871 3045 964; x_wconf 80' lang='lat' dir='ltr'>lignorum,</span> <span class='ocrx_word' id='word_1_256' title='bbox 3174 892 3347 963; x_wconf 80' lang='lat' dir='ltr'>quae</span> <span class='ocrx_word' id='word_1_257' title='bbox 3495 869 3785 942; x_wconf 89' lang='lat' dir='ltr'>incisio</span> 
     </span>
     <span class='ocr_line' id='line_1_51' title="bbox 2228 990 3786 1085; baseline -0.001 -21"><span class='ocrx_word' id='word_1_258' title='bbox 2228 993 2607 1085; x_wconf 70' lang='lat' dir='ltr'>praecedit</span> <span class='ocrx_word' id='word_1_259' title='bbox 2729 990 3269 1064; x_wconf 90' lang='lat' dir='ltr'>inductionem</span> <span class='ocrx_word' id='word_1_260' title='bbox 3348 992 3670 1074; x_wconf 79' lang='lat' dir='ltr'>formae;</span> <span class='ocrx_word' id='word_1_261' title='bbox 3720 990 3786 1063; x_wconf 92' lang='lat' dir='ltr'>si</span> 
     </span>
     <span class='ocr_line' id='line_1_52' title="bbox 2226 1110 3780 1184; baseline -0.001 -4"><span class='ocrx_word' id='word_1_262' title='bbox 2226 1116 2498 1184; x_wconf 87' lang='lat' dir='ltr'>autem</span> <span class='ocrx_word' id='word_1_263' title='bbox 2620 1112 2923 1184; x_wconf 79' lang='lat' dir='ltr'>artifex</span> <span class='ocrx_word' id='word_1_264' title='bbox 3026 1111 3400 1182; x_wconf 88' lang='lat' dir='ltr'>uteretur</span> <span class='ocrx_word' id='word_1_265' title='bbox 3514 1110 3780 1182; x_wconf 90' lang='lat' dir='ltr'>securi</span> 
     </span>
    </p>

    <p class='ocr_par' dir='ltr' id='par_1_17' title="bbox 2227 1224 4135 2246">
     <span class='ocr_line' id='line_1_53' title="bbox 2227 1224 3782 1317; baseline 0.001 -23"><span class='ocrx_word' id='word_1_266' title='bbox 2227 1226 2351 1297; x_wconf 85' lang='lat' dir='ltr'>vel</span> <span class='ocrx_word' id='word_1_267' title='bbox 2385 1225 2546 1297; x_wconf 87' lang='lat' dir='ltr'>alio</span> <span class='ocrx_word' id='word_1_268' title='bbox 2594 1226 3140 1297; x_wconf 84' lang='lat' dir='ltr'>instrumento</span> <span class='ocrx_word' id='word_1_269' title='bbox 3190 1224 3268 1295; x_wconf 91' lang='lat' dir='ltr'>in</span> <span class='ocrx_word' id='word_1_270' title='bbox 3349 1224 3782 1317; x_wconf 85' lang='lat' dir='ltr'>principali</span> 
     </span>
     <span class='ocr_line' id='line_1_54' title="bbox 2230 1342 3785 1439; baseline 0.001 -28"><span class='ocrx_word' id='word_1_271' title='bbox 2230 1343 2574 1425; x_wconf 87' lang='lat' dir='ltr'>actione,</span> <span class='ocrx_word' id='word_1_272' title='bbox 2648 1364 2805 1414; x_wconf 91' lang='lat' dir='ltr'>non</span> <span class='ocrx_word' id='word_1_273' title='bbox 2897 1348 3316 1437; x_wconf 85' lang='lat' dir='ltr'>oporteret</span> <span class='ocrx_word' id='word_1_274' title='bbox 3398 1345 3604 1439; x_wconf 87' lang='lat' dir='ltr'>quod</span> <span class='ocrx_word' id='word_1_275' title='bbox 3675 1342 3785 1413; x_wconf 89' lang='lat' dir='ltr'>in-</span> 
     </span>
     <span class='ocr_line' id='line_1_55' title="bbox 2233 1461 3781 1553; baseline 0.005 -25"><span class='ocrx_word' id='word_1_276' title='bbox 2233 1464 2777 1533; x_wconf 86' lang='lat' dir='ltr'>strumentum</span> <span class='ocrx_word' id='word_1_277' title='bbox 2835 1461 3051 1541; x_wconf 84' lang='lat' dir='ltr'>illud,</span> <span class='ocrx_word' id='word_1_278' title='bbox 3130 1461 3601 1553; x_wconf 85' lang='lat' dir='ltr'>inquantum</span> <span class='ocrx_word' id='word_1_279' title='bbox 3655 1466 3781 1535; x_wconf 87' lang='lat' dir='ltr'>est</span> 
     </span>
     <span class='ocr_line' id='line_1_56' title="bbox 2233 1574 3776 1659; baseline 0.003 -14"><span class='ocrx_word' id='word_1_280' title='bbox 2233 1574 2866 1648; x_wconf 87' lang='lat' dir='ltr'>instrumentum</span> <span class='ocrx_word' id='word_1_281' title='bbox 2948 1577 3040 1647; x_wconf 91' lang='lat' dir='ltr'>ad</span> <span class='ocrx_word' id='word_1_282' title='bbox 3111 1577 3465 1649; x_wconf 88' lang='lat' dir='ltr'>formam</span> <span class='ocrx_word' id='word_1_283' title='bbox 3537 1598 3776 1659; x_wconf 57' lang='lat' dir='ltr'>areae,</span> 
     </span>
     <span class='ocr_line' id='line_1_57' title="bbox 2231 1691 4135 1808; baseline 0.004 -48"><span class='ocrx_word' id='word_1_284' title='bbox 2231 1691 2563 1764; x_wconf 86' lang='lat' dir='ltr'>haberet</span> <span class='ocrx_word' id='word_1_285' title='bbox 2598 1692 2954 1783; x_wconf 85' lang='lat' dir='ltr'>aliquam</span> <span class='ocrx_word' id='word_1_286' title='bbox 2999 1693 3398 1766; x_wconf 87' lang='lat' dir='ltr'>actionem</span> <span class='ocrx_word' id='word_1_287' title='bbox 3448 1693 3780 1787; x_wconf 88' lang='lat' dir='ltr'>disposi-</span> <span class='ocrx_word' id='word_1_288' title='bbox 3813 1747 3889 1794; x_wconf 58' lang='lat' dir='ltr'>Ex</span> <span class='ocrx_word' id='word_1_289' title='bbox 3948 1747 4135 1808; x_wconf 57' lang='lat' dir='ltr'><strong>majori</strong></span> 
     </span>
     <span class='ocr_line' id='line_1_58' title="bbox 2231 1807 4119 1936; baseline 0.002 -56"><span class='ocrx_word' id='word_1_290' title='bbox 2231 1807 2513 1880; x_wconf 88' lang='lat' dir='ltr'>tivam.</span> <span class='ocrx_word' id='word_1_291' title='bbox 2565 1811 2680 1878; x_wconf 73' lang='lat' dir='ltr'>Ex</span> <span class='ocrx_word' id='word_1_292' title='bbox 2735 1808 3034 1880; x_wconf 87' lang='lat' dir='ltr'>talibus</span> <span class='ocrx_word' id='word_1_293' title='bbox 3086 1830 3284 1901; x_wconf 80' lang='lat' dir='ltr'>ergo</span> <span class='ocrx_word' id='word_1_294' title='bbox 3354 1811 3774 1902; x_wconf 83' lang='lat' dir='ltr'>exemplis,</span> <span class='ocrx_word' id='word_1_295' title='bbox 3809 1810 4119 1936; x_wconf 57' lang='lat' dir='ltr'>P?1f¹2{‘{⁰f¹5⁸3¹&#39;³</span> 
     </span>
     <span class='ocr_line' id='line_1_59' title="bbox 2230 1908 4098 2016; baseline 0.006 -26"><span class='ocrx_word' id='word_1_296' title='bbox 2230 1923 2359 1995; x_wconf 89' lang='lat' dir='ltr'>ubi</span> <span class='ocrx_word' id='word_1_297' title='bbox 2395 1924 2942 2016; x_wconf 87' lang='lat' dir='ltr'>accipit‚quod</span> <span class='ocrx_word' id='word_1_298' title='bbox 2977 1926 3607 1999; x_wconf 86' lang='lat' dir='ltr'>instrumentum</span> <span class='ocrx_word' id='word_1_299' title='bbox 3631 1927 3784 1999; x_wconf 88' lang='lat' dir='ltr'>dis·</span> <span class='ocrx_word' id='word_1_300' title='bbox 3919 1934 4044 2002; x_wconf 53' lang='lat' dir='ltr'>⁰11¹ss</span> <span class='ocrx_word' id='word_1_301' title='bbox 4087 1908 4098 1919; x_wconf 59' lang='grc'><strong>’</strong></span> 
     </span>
     <span class='ocr_line' id='line_1_60' title="bbox 2231 2006 4088 2135; baseline 0.003 -27"><span class='ocrx_word' id='word_1_302' title='bbox 2231 2037 2455 2128; x_wconf 91' lang='lat' dir='ltr'>ponit</span> <span class='ocrx_word' id='word_1_303' title='bbox 2544 2041 2637 2109; x_wconf 89' lang='lat' dir='ltr'>ad</span> <span class='ocrx_word' id='word_1_304' title='bbox 2699 2041 3139 2113; x_wconf 87' lang='lat' dir='ltr'>terminum</span> <span class='ocrx_word' id='word_1_305' title='bbox 3217 2043 3771 2135; x_wconf 86' lang='lat' dir='ltr'>principalem,</span> <span class='ocrx_word' id='word_1_306' title='bbox 3829 2006 4088 2063; x_wconf 45' lang='lat' dir='ltr'><strong>mquam</strong></span> 
     </span>
     <span class='ocr_line' id='line_1_61' title="bbox 2233 2155 3777 2246; baseline 0.006 -23"><span class='ocrx_word' id='word_1_307' title='bbox 2233 2174 2392 2225; x_wconf 90' lang='lat' dir='ltr'>non</span> <span class='ocrx_word' id='word_1_308' title='bbox 2443 2159 2709 2246; x_wconf 84' lang='lat' dir='ltr'>potest</span> <span class='ocrx_word' id='word_1_309' title='bbox 2760 2155 3050 2229; x_wconf 88' lang='lat' dir='ltr'>inferri</span> <span class='ocrx_word' id='word_1_310' title='bbox 3104 2159 3252 2231; x_wconf 85' lang='lat' dir='ltr'>hoc</span> <span class='ocrx_word' id='word_1_311' title='bbox 3304 2160 3777 2232; x_wconf 88' lang='lat' dir='ltr'>universali-</span> 
     </span>
    </p>

    <p class='ocr_par' dir='ltr' id='par_1_18' title="bbox 2234 2272 3771 2367">
     <span class='ocr_line' id='line_1_62' title="bbox 2234 2272 3771 2367; baseline 0.003 -25"><span class='ocrx_word' id='word_1_312' title='bbox 2234 2275 2384 2351; x_wconf 85' lang='lat' dir='ltr'>ter,</span> <span class='ocrx_word' id='word_1_313' title='bbox 2422 2272 2576 2343; x_wconf 90' lang='lat' dir='ltr'>nisi</span> <span class='ocrx_word' id='word_1_314' title='bbox 2620 2273 2758 2346; x_wconf 82' lang='lat' dir='ltr'>fiat</span> <span class='ocrx_word' id='word_1_315' title='bbox 2795 2273 3126 2347; x_wconf 84' lang='lat' dir='ltr'>fallacia</span> <span class='ocrx_word' id='word_1_316' title='bbox 3167 2277 3771 2367; x_wconf 87' lang='lat' dir='ltr'>consequentis;</span> 
     </span>
    </p>

    <p class='ocr_par' dir='ltr' id='par_1_19' title="bbox 2235 2387 3773 2482">
     <span class='ocr_line' id='line_1_63' title="bbox 2235 2387 3773 2482; baseline 0.005 -26"><span class='ocrx_word' id='word_1_317' title='bbox 2235 2387 2367 2459; x_wconf 87' lang='lat' dir='ltr'>sed</span> <span class='ocrx_word' id='word_1_318' title='bbox 2438 2389 2594 2460; x_wconf 90' lang='lat' dir='ltr'>nisi</span> <span class='ocrx_word' id='word_1_319' title='bbox 2638 2391 3099 2482; x_wconf 84' lang='lat' dir='ltr'>accipiatur</span> <span class='ocrx_word' id='word_1_320' title='bbox 3169 2393 3773 2475; x_wconf 84' lang='lat' dir='ltr'>universaliter,</span> 
     </span>
    </p>

    <p class='ocr_par' dir='ltr' id='par_1_20' title="bbox 2231 2509 3780 2597">
     <span class='ocr_line' id='line_1_64' title="bbox 2231 2509 3780 2597; baseline 0.005 -24"><span class='ocrx_word' id='word_1_321' title='bbox 2231 2522 2388 2574; x_wconf 89' lang='lat' dir='ltr'>non</span> <span class='ocrx_word' id='word_1_322' title='bbox 2464 2509 2729 2597; x_wconf 89' lang='lat' dir='ltr'>potest</span> <span class='ocrx_word' id='word_1_323' title='bbox 2809 2510 3211 2580; x_wconf 89' lang='lat' dir='ltr'>removeri</span> <span class='ocrx_word' id='word_1_324' title='bbox 3276 2529 3323 2581; x_wconf 85' lang='lat' dir='ltr'>a</span> <span class='ocrx_word' id='word_1_325' title='bbox 3391 2514 3780 2582; x_wconf 86' lang='lat' dir='ltr'>creatura</span> 
     </span>
    </p>

    <p class='ocr_par' dir='ltr' id='par_1_21' title="bbox 2239 2619 3785 2833">
     <span class='ocr_line' id='line_1_65' title="bbox 2240 2619 3780 2718; baseline 0.006 -29"><span class='ocrx_word' id='word_1_326' title='bbox 2240 2619 2452 2692; x_wconf 88' lang='lat' dir='ltr'>ratio</span> <span class='ocrx_word' id='word_1_327' title='bbox 2512 2622 2983 2705; x_wconf 77' lang='lat' dir='ltr'>creationiS,</span> <span class='ocrx_word' id='word_1_328' title='bbox 3058 2644 3242 2695; x_wconf 89' lang='lat' dir='ltr'>nam</span> <span class='ocrx_word' id='word_1_329' title='bbox 3312 2646 3408 2697; x_wconf 85' lang='lat' dir='ltr'>ex</span> <span class='ocrx_word' id='word_1_330' title='bbox 3478 2625 3780 2718; x_wconf 87' lang='lat' dir='ltr'>majori</span> 
     </span>
     <span class='ocr_line' id='line_1_66' title="bbox 2239 2739 3785 2833; baseline 0.006 -26"><span class='ocrx_word' id='word_1_331' title='bbox 2239 2739 2721 2829; x_wconf 83' lang='lat' dir='ltr'>particulari</span> <span class='ocrx_word' id='word_1_332' title='bbox 2777 2741 2853 2813; x_wconf 92' lang='lat' dir='ltr'>in</span> <span class='ocrx_word' id='word_1_333' title='bbox 2906 2742 3248 2814; x_wconf 89' lang='lat' dir='ltr'>secunda</span> <span class='ocrx_word' id='word_1_334' title='bbox 3319 2743 3606 2833; x_wconf 83' lang='lat' dir='ltr'>figura,</span> <span class='ocrx_word' id='word_1_335' title='bbox 3669 2745 3785 2816; x_wconf 90' lang='lat' dir='ltr'>ni-</span> 
     </span>
    </p>

    <p class='ocr_par' dir='ltr' id='par_1_22' title="bbox 2235 2854 3781 3062">
     <span class='ocr_line' id='line_1_67' title="bbox 2235 2854 3781 2951; baseline 0.005 -29"><span class='ocrx_word' id='word_1_336' title='bbox 2235 2854 2343 2925; x_wconf 76' lang='lat' dir='ltr'>hil</span> <span class='ocrx_word' id='word_1_337' title='bbox 2381 2857 3118 2951; x_wconf 79' lang='lat' dir='ltr'>sequiturpropter</span> <span class='ocrx_word' id='word_1_338' title='bbox 3150 2858 3560 2932; x_wconf 88' lang='lat' dir='ltr'>fallaciam</span> <span class='ocrx_word' id='word_1_339' title='bbox 3596 2881 3781 2933; x_wconf 91' lang='lat' dir='ltr'>con·</span> 
     </span>
     <span class='ocr_line' id='line_1_68' title="bbox 2236 2972 2673 3062; baseline -0.007 -19"><span class='ocrx_word' id='word_1_340' title='bbox 2236 2972 2673 3062; x_wconf 85' lang='lat' dir='ltr'>sequentis.</span> 
     </span>
    </p>
   </div>
   <div class='ocr_carea' id='block_1_15' title="bbox 2227 873 2451 944">
    <p class='ocr_par' dir='ltr' id='par_1_23' title="bbox 2227 873 2451 944">
     <span class='ocr_line' id='line_1_69' title="bbox 2227 873 2451 944; baseline 0.009 -2"><span class='ocrx_word' id='word_1_341' title='bbox 2227 873 2451 944; x_wconf 89' lang='lat' dir='ltr'>sione</span> 
     </span>
    </p>
   </div>
   <div class='ocr_carea' id='block_1_16' title="bbox 2692 3265 3328 3332">
    <p class='ocr_par' dir='ltr' id='par_1_24' title="bbox 2692 3265 3328 3332">
     <span class='ocr_line' id='line_1_70' title="bbox 2692 3265 3328 3332; baseline 0.006 -5"><span class='ocrx_word' id='word_1_342' title='bbox 2692 3265 3328 3332; x_wconf 82' lang='lat' dir='ltr'>COMMENTARlUS.</span> 
     </span>
    </p>
   </div>
   <div class='ocr_carea' id='block_1_17' title="bbox 2225 3543 4248 5608">
    <p class='ocr_par' dir='ltr' id='par_1_25' title="bbox 2225 3481 4252 5252">
     <span class='ocr_line' id='line_1_71' title="bbox 2308 3543 4000 3635; baseline 0.003 -30"><span class='ocrx_word' id='word_1_343' title='bbox 2308 3543 2402 3625; x_wconf 88' lang='lat' dir='ltr'>(b)</span> <span class='ocrx_word' id='word_1_344' title='bbox 2450 3548 2622 3607; x_wconf 80' lang='lat' dir='ltr'>Hanc</span> <span class='ocrx_word' id='word_1_345' title='bbox 2667 3548 2984 3608; x_wconf 85' lang='lat' dir='ltr'>rationem</span> <span class='ocrx_word' id='word_1_346' title='bbox 3017 3549 3362 3629; x_wconf 84' lang='lat' dir='ltr'>impugnat</span> <span class='ocrx_word' id='word_1_347' title='bbox 3391 3549 3427 3628; x_wconf 66' lang='lat' dir='ltr'>g</span> <span class='ocrx_word' id='word_1_348' title='bbox 3456 3551 3588 3612; x_wconf 83' lang='lat' dir='ltr'>Sed</span> <span class='ocrx_word' id='word_1_349' title='bbox 3642 3550 3774 3610; x_wconf 72' lang='lat' dir='ltr'>iscae</span> <span class='ocrx_word' id='word_1_350' title='bbox 3941 3588 4000 3635; x_wconf 67' lang='lat'>⁴.</span> 
     </span>
     <span class='ocr_line' id='line_1_72' title="bbox 2229 3644 4113 3761; baseline 0.005 -42"><span class='ocrx_word' id='word_1_351' title='bbox 2229 3664 2511 3722; x_wconf 69' lang='lat' dir='ltr'>raciones</span> <span class='ocrx_word' id='word_1_352' title='bbox 2542 3667 2666 3724; x_wconf 85' lang='lat' dir='ltr'>etc.</span> <span class='ocrx_word' id='word_1_353' title='bbox 2705 3663 2921 3741; x_wconf 86' lang='lat' dir='ltr'>quoad</span> <span class='ocrx_word' id='word_1_354' title='bbox 2971 3664 3244 3740; x_wconf 85' lang='lat' dir='ltr'>primam</span> <span class='ocrx_word' id='word_1_355' title='bbox 3293 3671 3567 3744; x_wconf 81' lang='lat' dir='ltr'>partem,</span> <span class='ocrx_word' id='word_1_356' title='bbox 3617 3683 3771 3726; x_wconf 89' lang='lat' dir='ltr'>con·</span> <span class='ocrx_word' id='word_1_357' title='bbox 3828 3644 4113 3761; x_wconf 54' lang='lat' dir='ltr'>¹¹¹¹{3fff‘2&#39;</span> 
     </span>
     <span class='ocr_line' id='line_1_73' title="bbox 2229 3777 3766 3860; baseline 0.005 -24"><span class='ocrx_word' id='word_1_358' title='bbox 2229 3779 2395 3839; x_wconf 83' lang='lat' dir='ltr'>sistit</span> <span class='ocrx_word' id='word_1_359' title='bbox 2447 3781 2508 3837; x_wconf 85' lang='lat' dir='ltr'>in</span> <span class='ocrx_word' id='word_1_360' title='bbox 2556 3777 2810 3840; x_wconf 83' lang='lat' dir='ltr'>duabus</span> <span class='ocrx_word' id='word_1_361' title='bbox 2862 3781 3436 3857; x_wconf 83' lang='lat' dir='ltr'>propositionibus,</span> <span class='ocrx_word' id='word_1_362' title='bbox 3494 3799 3766 3860; x_wconf 86' lang='lat' dir='ltr'>quarum</span> 
     </span>
     <span class='ocr_line' id='line_1_74' title="bbox 2228 3894 3774 3975; baseline 0.006 -23"><span class='ocrx_word' id='word_1_363' title='bbox 2228 3894 2428 3971; x_wconf 86' lang='lat' dir='ltr'>prima</span> <span class='ocrx_word' id='word_1_364' title='bbox 2488 3903 2586 3954; x_wconf 81' lang='lat' dir='ltr'>est</span> <span class='ocrx_word' id='word_1_365' title='bbox 2645 3913 2658 3951; x_wconf 78' lang='grc' dir='ltr'><strong><em>ε</em></strong></span> <span class='ocrx_word' id='word_1_366' title='bbox 2722 3913 2849 3955; x_wconf 81' lang='lat' dir='ltr'>esse</span> <span class='ocrx_word' id='word_1_367' title='bbox 2891 3898 3270 3972; x_wconf 71' lang='lat' dir='ltr'>simpliciter</span> <span class='ocrx_word' id='word_1_368' title='bbox 3326 3905 3412 3958; x_wconf 78' lang='lat' dir='ltr'>esc</span> <span class='ocrx_word' id='word_1_369' title='bbox 3460 3903 3774 3975; x_wconf 76' lang='lat' dir='ltr'>proprius</span> 
     </span>
     <span class='ocr_line' id='line_1_75' title="bbox 2226 4012 3774 4092; baseline 0.003 -21"><span class='ocrx_word' id='word_1_370' title='bbox 2226 4012 2486 4085; x_wconf 69' lang='lat' dir='ltr'>effectus</span> <span class='ocrx_word' id='word_1_371' title='bbox 2533 4013 2662 4074; x_wconf 82' lang='lat' dir='ltr'>Dei.</span> <span class='ocrx_word' id='word_1_372' title='bbox 2711 4013 3016 4073; x_wconf 83' lang='lat' dir='ltr'>Secunda</span> <span class='ocrx_word' id='word_1_373' title='bbox 3055 4032 3068 4073; x_wconf 90' lang='lat'>:</span> <span class='ocrx_word' id='word_1_374' title='bbox 3106 4031 3234 4075; x_wconf 75' lang='lat' dir='ltr'>esse</span> <span class='ocrx_word' id='word_1_375' title='bbox 3265 4016 3644 4092; x_wconf 71' lang='lat' dir='ltr'>simpliciter</span> <span class='ocrx_word' id='word_1_376' title='bbox 3687 4023 3774 4077; x_wconf 74' lang='lat' dir='ltr'>esc</span> 
     </span>
     <span class='ocr_line' id='line_1_76' title="bbox 2227 4130 3783 4202; baseline 0.008 -19"><span class='ocrx_word' id='word_1_377' title='bbox 2227 4130 2533 4202; x_wconf 70' lang='lat' dir='ltr'>proprius</span> <span class='ocrx_word' id='word_1_378' title='bbox 2560 4131 2873 4190; x_wconf 74' lang='lat' dir='ltr'>terminus</span> <span class='ocrx_word' id='word_1_379' title='bbox 2916 4132 3274 4192; x_wconf 74' lang='lat' dir='ltr'>creationis.</span> <span class='ocrx_word' id='word_1_380' title='bbox 3311 4133 3582 4194; x_wconf 82' lang='lat' dir='ltr'>Primam</span> <span class='ocrx_word' id='word_1_381' title='bbox 3630 4150 3783 4196; x_wconf 86' lang='lat' dir='ltr'>esse</span> 
     </span>
     <span class='ocr_line' id='line_1_77' title="bbox 2226 4243 4248 4328; baseline 0.006 -25"><span class='ocrx_word' id='word_1_382' title='bbox 2226 4243 2456 4304; x_wconf 81' lang='lat' dir='ltr'>falsam</span> <span class='ocrx_word' id='word_1_383' title='bbox 2518 4247 2751 4322; x_wconf 88' lang='lat' dir='ltr'>probat</span> <span class='ocrx_word' id='word_1_384' title='bbox 2810 4247 3071 4318; x_wconf 78' lang='lat' dir='ltr'>Ductor,</span> <span class='ocrx_word' id='word_1_385' title='bbox 3122 4251 3273 4326; x_wconf 88' lang='lat' dir='ltr'>quia</span> <span class='ocrx_word' id='word_1_386' title='bbox 3325 4266 3470 4310; x_wconf 87' lang='lat' dir='ltr'>esse</span> <span class='ocrx_word' id='word_1_387' title='bbox 3529 4252 3782 4328; x_wconf 84' lang='lat' dir='ltr'>simpli-</span> <span class='ocrx_word' id='word_1_388' title='bbox 4247 4253 4248 4278; x_wconf 72' lang='lat'><em>³</em></span> 
     </span>
     <span class='ocr_line' id='line_1_78' title="bbox 2228 4362 3781 4446; baseline 0.007 -26"><span class='ocrx_word' id='word_1_389' title='bbox 2228 4362 2386 4424; x_wconf 82' lang='lat' dir='ltr'>citer</span> <span class='ocrx_word' id='word_1_390' title='bbox 2415 4368 2516 4423; x_wconf 88' lang='lat' dir='ltr'>est</span> <span class='ocrx_word' id='word_1_391' title='bbox 2547 4364 2892 4425; x_wconf 79' lang='lat' dir='ltr'>existentia</span> <span class='ocrx_word' id='word_1_392' title='bbox 2941 4366 3058 4439; x_wconf 86' lang='lat' dir='ltr'>rei,</span> <span class='ocrx_word' id='word_1_393' title='bbox 3113 4372 3179 4427; x_wconf 88' lang='lat' dir='ltr'>et</span> <span class='ocrx_word' id='word_1_394' title='bbox 3225 4370 3581 4446; x_wconf 86' lang='lat' dir='ltr'>opponitur</span> <span class='ocrx_word' id='word_1_395' title='bbox 3632 4386 3781 4431; x_wconf 86' lang='lat' dir='ltr'>esse</span> 
     </span>
     <span class='ocr_line' id='line_1_79' title="bbox 2228 4477 3781 4556; baseline 0.005 -20"><span class='ocrx_word' id='word_1_396' title='bbox 2228 4477 2595 4539; x_wconf 89' lang='lat' dir='ltr'>secundum</span> <span class='ocrx_word' id='word_1_397' title='bbox 2654 4480 2837 4556; x_wconf 87' lang='lat' dir='ltr'>quid,</span> <span class='ocrx_word' id='word_1_398' title='bbox 2871 4481 2995 4542; x_wconf 87' lang='lat' dir='ltr'>hoc</span> <span class='ocrx_word' id='word_1_399' title='bbox 3040 4497 3188 4543; x_wconf 88' lang='lat' dir='ltr'>esse</span> <span class='ocrx_word' id='word_1_400' title='bbox 3240 4499 3372 4543; x_wconf 89' lang='lat' dir='ltr'>non</span> <span class='ocrx_word' id='word_1_401' title='bbox 3425 4488 3528 4545; x_wconf 89' lang='lat' dir='ltr'>est</span> <span class='ocrx_word' id='word_1_402' title='bbox 3565 4500 3600 4544; x_wconf 90' lang='lat' dir='ltr'>a</span> <span class='ocrx_word' id='word_1_403' title='bbox 3641 4484 3781 4544; x_wconf 85' lang='lat' dir='ltr'>solo</span> 
     </span>
     <span class='ocr_line' id='line_1_80' title="bbox 2232 4593 3779 4684; baseline 0.005 -34"><span class='ocrx_word' id='word_1_404' title='bbox 2232 4593 2386 4661; x_wconf 90' lang='lat' dir='ltr'>Deo,</span> <span class='ocrx_word' id='word_1_405' title='bbox 2450 4595 2599 4670; x_wconf 66' lang='lat' dir='ltr'>quia</span> <span class='ocrx_word' id='word_1_406' title='bbox 2660 4610 2872 4655; x_wconf 72' lang='lat' dir='ltr'>causae</span> <span class='ocrx_word' id='word_1_407' title='bbox 2929 4601 3161 4657; x_wconf 67' lang='lat' dir='ltr'>creata?</span> <span class='ocrx_word' id='word_1_408' title='bbox 3227 4602 3434 4676; x_wconf 81' lang='lat' dir='ltr'>agunt</span> <span class='ocrx_word' id='word_1_409' title='bbox 3502 4598 3586 4684; x_wconf 85' lang='lat' dir='ltr'>ad</span> <span class='ocrx_word' id='word_1_410' title='bbox 3647 4599 3779 4659; x_wconf 87' lang='lat' dir='ltr'>exi·</span> 
     </span>
     <span class='ocr_line' id='line_1_81' title="bbox 2225 4711 3776 4791; baseline 0.005 -21"><span class='ocrx_word' id='word_1_411' title='bbox 2225 4711 2533 4773; x_wconf 87' lang='lat' dir='ltr'>stentiam</span> <span class='ocrx_word' id='word_1_412' title='bbox 2572 4712 2688 4782; x_wconf 88' lang='lat' dir='ltr'>rei,</span> <span class='ocrx_word' id='word_1_413' title='bbox 2744 4712 2895 4790; x_wconf 85' lang='lat' dir='ltr'>quia</span> <span class='ocrx_word' id='word_1_414' title='bbox 2940 4716 3282 4791; x_wconf 82' lang='lat' dir='ltr'>generatio</span> <span class='ocrx_word' id='word_1_415' title='bbox 3336 4719 3435 4777; x_wconf 88' lang='lat' dir='ltr'>est</span> <span class='ocrx_word' id='word_1_416' title='bbox 3485 4715 3568 4776; x_wconf 87' lang='lat' dir='ltr'>ad</span> <span class='ocrx_word' id='word_1_417' title='bbox 3604 4732 3776 4789; x_wconf 88' lang='lat' dir='ltr'>esse,</span> 
     </span>
     <span class='ocr_line' id='line_1_82' title="bbox 2225 4829 3772 4904; baseline 0.004 -15"><span class='ocrx_word' id='word_1_418' title='bbox 2225 4830 2283 4889; x_wconf 92' lang='lat'>5.</span> <span class='ocrx_word' id='word_1_419' title='bbox 2345 4829 2769 4904; x_wconf 74' lang='lat' dir='ltr'>Physicorum</span> <span class='ocrx_word' id='word_1_420' title='bbox 2836 4833 2887 4891; x_wconf 90' lang='lat' dir='ltr'>l.</span> <span class='ocrx_word' id='word_1_421' title='bbox 2951 4831 3027 4890; x_wconf 84' lang='lat' dir='ltr'>de</span> <span class='ocrx_word' id='word_1_422' title='bbox 3073 4834 3361 4893; x_wconf 75' lang='lat' dir='ltr'>Generac.</span> <span class='ocrx_word' id='word_1_423' title='bbox 3411 4838 3465 4893; x_wconf 79' lang='lat' dir='ltr'>et</span> <span class='ocrx_word' id='word_1_424' title='bbox 3523 4836 3580 4894; x_wconf 79' lang='lat'>2.</span> <span class='ocrx_word' id='word_1_425' title='bbox 3647 4837 3772 4895; x_wconf 82' lang='lat' dir='ltr'>Me·</span> 
     </span>
     <span class='ocr_line' id='line_1_83' title="bbox 2226 4944 3771 5028; baseline 0.004 -24"><span class='ocrx_word' id='word_1_426' title='bbox 2226 4945 2468 5022; x_wconf 77' lang='lat' dir='ltr'>taphys.</span> <span class='ocrx_word' id='word_1_427' title='bbox 2545 4944 2825 5023; x_wconf 86' lang='lat' dir='ltr'>Aliquod</span> <span class='ocrx_word' id='word_1_428' title='bbox 2894 4951 3115 5007; x_wconf 81' lang='lat' dir='ltr'>autem</span> <span class='ocrx_word' id='word_1_429' title='bbox 3173 4952 3608 5025; x_wconf 88' lang='lat' dir='ltr'>compositum</span> <span class='ocrx_word' id='word_1_430' title='bbox 3650 4966 3771 5028; x_wconf 87' lang='lat' dir='ltr'>ge-</span> 
     </span>
     <span class='ocr_line' id='line_1_84' title="bbox 2231 5065 3780 5142; baseline 0.005 -22"><span class='ocrx_word' id='word_1_431' title='bbox 2231 5065 2495 5121; x_wconf 83' lang='lat' dir='ltr'>neratur</span> <span class='ocrx_word' id='word_1_432' title='bbox 2551 5078 2586 5121; x_wconf 88' lang='lat' dir='ltr'>a</span> <span class='ocrx_word' id='word_1_433' title='bbox 2649 5078 2844 5122; x_wconf 87' lang='lat' dir='ltr'>causa</span> <span class='ocrx_word' id='word_1_434' title='bbox 2920 5068 3161 5135; x_wconf 82' lang='lat' dir='ltr'>creata,</span> <span class='ocrx_word' id='word_1_435' title='bbox 3245 5065 3396 5142; x_wconf 87' lang='lat' dir='ltr'>quia</span> <span class='ocrx_word' id='word_1_436' title='bbox 3474 5067 3780 5141; x_wconf 82' lang='lat' dir='ltr'>producit</span> 
     </span>
     <span class='ocr_line' id='line_1_85' title="bbox 2228 5175 3768 5252; baseline 0.006 -17"><span class='ocrx_word' id='word_1_437' title='bbox 2228 5175 2594 5240; x_wconf 82' lang='lat' dir='ltr'>formamin</span> <span class='ocrx_word' id='word_1_438' title='bbox 2641 5179 2937 5252; x_wconf 82' lang='lat' dir='ltr'>materia,</span> <span class='ocrx_word' id='word_1_439' title='bbox 2981 5185 3107 5241; x_wconf 88' lang='lat' dir='ltr'>etc.</span> <span class='ocrx_word' id='word_1_440' title='bbox 3169 5181 3441 5243; x_wconf 86' lang='lat' dir='ltr'>consule</span> <span class='ocrx_word' id='word_1_441' title='bbox 3498 5187 3768 5245; x_wconf 84' lang='lat' dir='ltr'>textum.</span> 
     </span>
    </p>

    <p class='ocr_par' dir='ltr' id='par_1_26' title="bbox 2226 5297 3773 5608">
     <span class='ocr_line' id='line_1_86' title="bbox 2308 5297 3768 5374; baseline 0.005 -20"><span class='ocrx_word' id='word_1_442' title='bbox 2308 5297 2494 5357; x_wconf 83' lang='lat' dir='ltr'>Varie</span> <span class='ocrx_word' id='word_1_443' title='bbox 2563 5297 2973 5374; x_wconf 88' lang='lat' dir='ltr'>respondent</span> <span class='ocrx_word' id='word_1_444' title='bbox 3041 5300 3378 5360; x_wconf 76' lang='lat' dir='ltr'>Thoiuistae</span> <span class='ocrx_word' id='word_1_445' title='bbox 3440 5298 3522 5359; x_wconf 83' lang='lat' dir='ltr'>ad</span> <span class='ocrx_word' id='word_1_446' title='bbox 3602 5300 3768 5361; x_wconf 87' lang='lat' dir='ltr'>hanc</span> 
     </span>
     <span class='ocr_line' id='line_1_87' title="bbox 2226 5413 3768 5491; baseline 0.002 -18"><span class='ocrx_word' id='word_1_447' title='bbox 2226 5413 2694 5491; x_wconf 89' lang='lat' dir='ltr'>objectionem,</span> <span class='ocrx_word' id='word_1_448' title='bbox 2778 5421 3151 5476; x_wconf 81' lang='lat' dir='ltr'>asserentes</span> <span class='ocrx_word' id='word_1_449' title='bbox 3223 5416 3576 5476; x_wconf 76' lang='lat' dir='ltr'>Ductorem</span> <span class='ocrx_word' id='word_1_450' title='bbox 3637 5431 3768 5478; x_wconf 91' lang='lat' dir='ltr'>non</span> 
     </span>
     <span class='ocr_line' id='line_1_88' title="bbox 2226 5532 3773 5608; baseline 0.002 -18"><span class='ocrx_word' id='word_1_451' title='bbox 2226 5532 2567 5606; x_wconf 87' lang='lat' dir='ltr'>percipere</span> <span class='ocrx_word' id='word_1_452' title='bbox 2599 5534 2894 5591; x_wconf 89' lang='lat' dir='ltr'>mentem</span> <span class='ocrx_word' id='word_1_453' title='bbox 2928 5533 2998 5591; x_wconf 88' lang='lat' dir='ltr'>D.</span> <span class='ocrx_word' id='word_1_454' title='bbox 3031 5532 3309 5603; x_wconf 81' lang='lat' dir='ltr'>Thomae‚</span> <span class='ocrx_word' id='word_1_455' title='bbox 3348 5532 3534 5608; x_wconf 86' lang='lat' dir='ltr'>quasi</span> <span class='ocrx_word' id='word_1_456' title='bbox 3573 5533 3773 5593; x_wconf 87' lang='lat' dir='ltr'>vellet</span> 
     </span>
    </p>
   </div>
   <div class='ocr_carea' id='block_1_18' title="bbox 2225 5644 3770 5727">
    <p class='ocr_par' dir='ltr' id='par_1_27' title="bbox 2225 5644 3770 5727">
     <span class='ocr_line' id='line_1_89' title="bbox 2225 5644 3770 5727; baseline 0.003 -21"><span class='ocrx_word' id='word_1_457' title='bbox 2225 5647 2346 5723; x_wconf 89' lang='lat' dir='ltr'>ipsi</span> <span class='ocrx_word' id='word_1_458' title='bbox 2391 5646 2748 5709; x_wconf 86' lang='lat' dir='ltr'>attribuere</span> <span class='ocrx_word' id='word_1_459' title='bbox 2800 5644 2978 5727; x_wconf 91' lang='lat' dir='ltr'>quod</span> <span class='ocrx_word' id='word_1_460' title='bbox 3050 5648 3405 5708; x_wconf 86' lang='lat' dir='ltr'>asseruerit</span> <span class='ocrx_word' id='word_1_461' title='bbox 3501 5663 3770 5711; x_wconf 87' lang='lat' dir='ltr'>causam</span> 
     </span>
    </p>
   </div>
   <div class='ocr_carea' id='block_1_19' title="bbox 4242 4639 4247 5310">
    <p class='ocr_par' dir='ltr' id='par_1_28' title="bbox 4242 4639 4247 5310">
     <span class='ocr_line' id='line_1_90' title="bbox 4242 4639 4247 5310; baseline 0 0"><span class='ocrx_word' id='word_1_462' title='bbox 4242 4639 4247 5310; x_wconf 95' lang='lat' dir='ltr'> </span> 
     </span>
    </p>
   </div>
   <div class='ocr_carea' id='block_1_20' title="bbox 3803 5391 4094 5519">
    <p class='ocr_par' dir='ltr' id='par_1_29' title="bbox 3803 5391 4094 5519">
     <span class='ocr_line' id='line_1_91' title="bbox 3803 5391 4094 5461; baseline 0.01 -22"><span class='ocrx_word' id='word_1_463' title='bbox 3803 5391 4094 5461; x_wconf 79' lang='lat' dir='ltr'>Responsio</span> 
     </span>
     <span class='ocr_line' id='line_1_92' title="bbox 3868 5469 4066 5519; baseline 0.02 -17"><span class='ocrx_word' id='word_1_464' title='bbox 3868 5469 4039 5519; x_wconf 68' lang='lat' dir='ltr'>prima</span> <span class='ocrx_word' id='word_1_465' title='bbox 4052 5494 4066 5506; x_wconf 91' lang='lat'><strong>.</strong></span> 
     </span>
    </p>
   </div>
  </div>
 </body>
</html>
