4255 6375
423 695 757 762 Explicantur

544 759 643 809 alia

426 824 581 873 verba
610 825 750 887 Aug.

440 3400 760 3512 Atiawv‘erba

459 3524 734 3586 Augustini

489 3586 741 3699 ⁸¹{’,¹,⁵,.⁰‚⁸¹¹¹'
802 3579 961 3641 dere
991 3577 1251 3640 videtur
1301 3576 1662 3640 efficaciam
1712 3580 2044 3656 Baptismi,
2074 3580 2161 3642 ad
2191 3597 2352 3660 pec-

467 4336 755 4512 3335?ssss
812 4397 932 4459 sed
985 4398 1363 4458 necessario
1423 4398 1867 4473 supponentia
1931 4396 2356 4473 Baptismum,

460 4479 774 4588 subsgquen-
812 4518 879 4584 et
947 4512 1096 4575 ideo
1171 4514 1557 4590 poenitentia
1639 4512 2012 4589 appellatur
2064 4511 2361 4575 secunda

492 4593 713 4699 rextiffisi-
810 4637 958 4709 post
1000 4628 1418 4709 naufragium
1462 4629 1705 4704 tabula,
1751 4632 1825 4689 ut
1853 4645 1971 4692 suo
2017 4630 2164 4692 loco
2188 4629 2358 4692 dice-

528 4726 677 4825 ῗὲῖῗῖ
705 4775 755 4822 in
813 4755 937 4810 tur.
965 4750 1335 4826 Baptismus
1382 4750 1556 4809 enim
1603 4751 1703 4808 est
1731 4745 2020 4808 medium
2057 4762 2361 4809 necessa-

542 4835 731 4904 ptizato
752 4836 772 4885 ³

476 4791 538 4888 t:

485 5501 782 5560 Argumen-

561 5565 672 5612 tum
681 5594 695 5609 .

793 373 912 437 396

788 538 954 599 citur
983 534 1067 598 de
1111 538 1400 616 peccatis
1452 535 1689 599 deletis
1738 552 1860 613 per
1901 536 2328 613 Baptismum.

787 652 982 730 Quod
1051 658 1275 715 autem
1324 656 1730 733 Augustinus
1775 652 1973 726 dicat,
2020 669 2165 729 cap.
2217 651 2333 712 illo

784 772 880 832 33.
912 772 1125 832 verbis
1166 772 1397 843 cicatiS,
1429 770 1591 833 illud
1622 771 1800 849 quod
1830 769 2177 831 remissum
2209 773 2332 839 est,

785 893 852 949 et
897 888 1160 967 tegitur,
1216 894 1284 950 et
1325 904 1459 949 non
1500 888 1883 964 imputatur,
1917 887 2163 948 habere
2209 886 2332 945 vim

785 1004 1141 1082 quamdam
1172 1003 1523 1076 occultam,
1556 1002 1738 1064 unde
1769 1001 2134 1064 seminetur
2162 1015 2337 1061 ama-

785 1135 895 1181 rus
940 1120 1247 1190 oleaster,
1300 1118 1578 1197 intelligi
1627 1121 1846 1195 potest
1895 1116 1978 1179 de
2020 1118 2337 1193 concupi-

785 1236 1036 1296 scentia
1109 1233 1372 1306 carnalt,
1447 1234 1551 1292 vel
1605 1234 1670 1294 in
1732 1231 1892 1310 ipsis
1954 1231 2340 1310 parentibus

782 1354 1154 1428 respective
1184 1350 1269 1412 ad
1299 1349 1574 1427 prolem,
1608 1365 1752 1427 quae
1781 1350 1999 1422 etiam,
2028 1353 2102 1410 ut
2132 1349 2341 1409 nasci-

789 1475 894 1531 tur
963 1486 1000 1529 a
1065 1468 1443 1548 parentibus
1509 1466 1894 1543 baptizatiS,
1969 1482 2091 1542 per
2169 1468 2340 1528 viam

788 1583 1335 1662 concupiscentiae
1425 1583 1619 1644 trahit
1676 1586 2055 1659 peccatum,
2134 1586 2200 1643 et
2274 1579 2342 1642 fit

784 1704 1098 1775 oleaster,
1145 1701 1358 1763 donec
1388 1718 1508 1779 per
1537 1701 1942 1778 Baptismum
1976 1700 2343 1762 remittatur

673 1838 684 1843 ·
749 1825 1035 1914 *reatum
1080 1824 1362 1899 tegatur,
1397 1833 1531 1879 non
1572 1818 1955 1896 imputetur.
2001 1817 2118 1879 Vel
2149 1817 2344 1878 intel-

783 1937 899 2015 ligi
934 1941 1151 2013 potest
1178 1936 1545 2013 respective
1594 1934 1678 1996 ad
1722 1952 2072 2013 personam
2122 1938 2337 2017 bapti-

790 2053 932 2123 zati,
1004 2054 1069 2115 in
1117 2068 1245 2130 qua
1290 2052 1468 2133 viget
1526 2050 1742 2112 adhuc
1804 2055 2344 2129 concupiscentia

789 2173 854 2231 in
903 2184 1189 2250 agonem
1237 2172 1301 2231 et
1331 2176 1691 2242 certamen,
1742 2174 1808 2230 et
1855 2171 2215 2234 sollicitans
2259 2176 2342 2238 ad

793 2291 1136 2365 peccatum
1169 2286 1453 2355 actuale,
1500 2285 1620 2347 nisi
1652 2301 1772 2362 per
1814 2287 2093 2365 gratiam
2124 2290 2336 2367 bapti-

791 2408 1089 2481 smalem,
1137 2412 1203 2467 et
1245 2404 1439 2466 aliam
1487 2404 1987 2482 superadditam
2046 2410 2339 2472 remitta-

792 2533 917 2599 tur,
949 2524 1017 2586 id
1042 2527 1163 2595 est,
1195 2520 1545 2593 minuatur,
1573 2529 1767 2599 prout
1796 2521 1866 2585 fit
1896 2526 1963 2586 in
1987 2527 2342 2604 Baptismo,

792 2649 864 2705 ut
895 2640 1062 2703 infra
1095 2639 1289 2701 docet
1318 2640 1562 2702 Doctor
1589 2644 1804 2715 quoest.
1837 2643 1901 2704 7.
1939 2643 2137 2719 hujus
2164 2648 2194 2720 ς
2220 2648 2339 2708 Re-

787 2760 1090 2843 spondeo‚
1159 2756 1373 2834 aliqui
1424 2759 1665 2832 dicunt,
1721 2763 1844 2820 etc.
1913 2764 1978 2819 et
2023 2766 2205 2837 patet
2266 2779 2344 2824 ex

789 2878 1155 2959 Augustino
1183 2876 1379 2937 -variis
1409 2877 1474 2936 in
1518 2875 1704 2946 locis,
1736 2880 1812 2939 ut
1852 2876 1957 2938 hic
2002 2882 2211 2954 capite
2240 2881 2342 2942 32.

793 3000 859 3057 et
903 3011 1041 3072 cap.
1087 2993 1190 3054 25.
1224 2990 1495 3070 'regitur
1540 2993 1736 3055 etiam
1787 3007 1907 3069 per
1955 2992 2347 3057 refraenatio-

791 3128 948 3173 nem
980 3110 1142 3190 ejuS,
1178 3112 1243 3170 et
1265 3107 1497 3189 majori
1521 3107 1785 3186 justitiae
1823 3109 2131 3171 vincente
2173 3126 2350 3173 amo-

792 3244 890 3300 re,
937 3242 1069 3288 non
1112 3225 1494 3304 imputatur,
1543 3223 1810 3303 quando
1865 3229 1926 3289 ei
1977 3243 2111 3290 non
2163 3230 2353 3289 datur

793 3358 1184 3405 consensus,

887 3460 1024 3522 Alia
1049 3459 1206 3521 item
1222 3461 1420 3521 verba
1447 3462 1816 3540 Augustini,
1844 3462 2081 3538 quibus
2117 3466 2349 3525 exten-

802 3701 945 3758 cata
1006 3696 1482 3774 subsequentia
1524 3697 1953 3774 Baptismum,
2027 3704 2354 3776 quatenus

799 3812 997 3885 valet,
1026 3816 1097 3871 ut
1164 3811 1555 3888 impetretur
1596 3829 1717 3890 per
1767 3813 1983 3889 ipsum
2011 3814 2205 3875 venia
2238 3831 2351 3875 eo-

741 3957 747 3970 ·
803 3946 974 4002 rum,
1005 3929 1391 4010 intelligitur
1421 3946 1499 3989 eo
1533 3944 1758 4000 sensu,
1813 3946 1944 4009 quo
1985 3931 2356 4007 Baptismus

808 4050 1181 4109 necessario
1226 4046 1620 4123 supponitur
1670 4045 1754 4106 ad
1809 4046 2066 4107 veniam
2101 4063 2355 4121 eorum,

809 4181 952 4243 quae
982 4180 1100 4241 per
1144 4162 1268 4223 alia
1300 4160 1519 4224 media
1549 4160 1641 4232 fit,
1695 4168 1763 4223 ut
1793 4166 1945 4222 sunt
1973 4161 2060 4222 ibi
2093 4178 2360 4224 enume-

809 4285 971 4354 rata,
1020 4280 1167 4357 quia
1192 4279 1338 4340 haec
1371 4277 1586 4339 media
1622 4293 1770 4338 esse
1816 4277 2103 4339 efficacia
2139 4279 2356 4348 docet,

806 4871 971 4932 rium
1005 4868 1091 4931 ad
1136 4868 1439 4939 salutem,
1491 4872 1554 4929 et
1601 4867 1877 4945 primum
1925 4868 2104 4946 quod
2151 4869 2357 4946 appli-

811 4987 940 5048 cari
1043 4983 1395 5056 debet,·et
1461 4980 1663 5059 Janua
1714 4983 2138 5061 reliquorum,
2211 4982 2359 5045 ideo

812 5103 1187 5166 necessario
1249 5102 1660 5179 supponitur,
1713 5100 1818 5161 vel
1862 5100 1928 5161 in
1985 5117 2098 5173 re,
2143 5101 2251 5162 vel
2296 5102 2362 5162 in

810 5225 984 5294 voto,
1033 5219 1119 5281 ad
1149 5218 1404 5297 reliqua
1449 5218 1692 5291 media,
1743 5233 1893 5298 quae
1942 5235 2091 5280 cum
2145 5220 2356 5297 Bapti-

814 5337 938 5400 smi
995 5340 1379 5414 contemptu
1451 5337 1607 5400 nihil
1652 5337 1874 5398 valent
1926 5336 2011 5399 ad
2055 5337 2357 5398 salutem.

896 5455 1261 5531 Baptismus
1305 5471 1464 5534 ergo
1495 5451 1716 5516 reddit
1745 5453 2124 5532 subjectum
2158 5469 2363 5531 capax

816 5572 1220 5654 reliquorum
1263 5572 1614 5648 donorum,
1659 5577 1856 5651 atque
1915 5569 2195 5633 effectus
2254 5588 2362 5634 eo-

4070 120 4083 171 l

4078 196 4083 303 l

1952 373 2099 436 1218.
2148 373 2248 435 w.
2300 373 2895 436 SENTENTIRAUM

2445 533 2769 597 rumdem.
2795 534 3146 617 Pelagiani,
3182 552 3349 614 quos
3377 535 3626 598 ibidem
3646 536 3942 616 impugnat
3973 575 4084 633 Μ

2444 653 2870 732 AugustinuS,
2907 652 3259 728 captabant
3301 650 3753 713 fraudulenter
3785 667 3940 731 argu-
4006 654 4083 699 Ἅι

2444 774 2739 829 mentum
2795 786 2870 829 ex
2927 767 3033 829 illo
3080 768 3165 829 ad
3208 768 3524 845 Ephesios
3561 769 3624 828 5.
3686 769 3946 828 Mamas

2448 882 2644 964 eam(
2668 885 2906 962 supple
2956 880 3344 963 Ecclesiam)
3399 884 3669 945 lavacro
3711 901 3870 959 aquae
3898 888 3946 945 in

2447 1008 2640 1068 verbo
2680 1010 2842 1083 vitae,
2888 1014 2956 1068 ut
3001 1008 3354 1079 exhiberet,
3415 1013 3530 1068 etc.
3584 1024 3707 1068 non
3752 1008 3942 1069 haben·

2451 1130 2578 1183 tem
2607 1121 2941 1184 maculam
2996 1131 3106 1186 aut
3154 1139 3405 1201 rapam.
3452 1121 3830 1199 Captabanl,
3877 1126 3943 1184 in·

2452 1256 2674 1319 quam,
2705 1246 3171 1319 argumentum
3195 1256 3276 1301 ex
3295 1241 3447 1314 hoc,
3468 1238 3659 1300 unde
3691 1246 3954 1319 negarent

2452 1356 2518 1417 in
2559 1357 2851 1419 Ecclesia
2924 1372 3072 1417 esse
3140 1361 3514 1433 peccatum,
3571 1371 3814 1432 eosque
3871 1356 3947 1415 hie

2453 1475 2805 1553 impugnat
2848 1475 3275 1552 Augustinus,
3311 1474 3481 1533 sicut
3512 1476 3580 1532 et
3612 1470 3727 1534 lib.
3755 1474 3811 1533 4.
3850 1489 3956 1533 con-

2453 1602 2558 1656 tra
2605 1595 2770 1654 duas
2829 1588 3133 1666 epistolas
3172 1589 3689 1666 Pelayoe'anorum
3750 1605 3869 1664 cap.
3909 1590 3952 1649 7.

2452 1712 2566 1773 ubi
2611 1728 2693 1773 ex
2725 1716 2912 1788 parte
2958 1710 3092 1770 haec
3141 1680 3280 1785 ipsa
3322 1708 3606 1785 replicat
3639 1708 3720 1770 de
3766 1710 3951 1769 oratio·

2453 1846 2538 1890 ne
2584 1826 2960 1900 Dominica3
3028 1842 3171 1905 quae
3213 1822 3452 1887 frustra
3527 1823 3849 1887 diceretur
3892 1824 3955 1885 ad

2454 1945 2912 2005 remissionem
2959 1947 3385 2020 peccatorum
3442 1940 3955 2018 quotidianorum,

2455 2057 2578 2119 nisi
2653 2055 2878 2119 dicens
2935 2061 3115 2116 esset
3171 2055 3568 2131 baptizatus.
3640 2059 3769 2116 Hoc
3832 2060 3958 2115 enim

2446 2171 2826 2251 propterea,
2859 2173 3097 2246 dicunt,
3143 2173 3376 2251 inquit,
3425 2178 3493 2233 ut
3548 2174 3845 2235 credatur
3879 2174 3957 2233 Ec·

2459 2292 2654 2353 etesia
2682 2280 2820 2368 post
2865 2296 3180 2352 Sanctum
3215 2294 3640 2367 Baptismum,
3678 2292 3743 2350 in
3767 2305 3873 2366 quo
3909 2288 3959 2363 fit

2458 2410 2750 2468 omnium
2780 2409 3078 2468 remissio
3101 2411 3548 2483 peccalorum,
3584 2407 3845 2468 alterius
3866 2419 3955 2463 non

2459 2524 2699 2585 habere
2743 2528 3091 2609 peccatum,
3126 2528 3251 2584 etc.

2540 2643 2866 2702 intentum
2912 2656 3070 2720 ergo
3113 2638 3458 2732 Augustini
3489 2644 3621 2713 est,
3654 2638 3961 2701 Ecclesiam
4041 2660 4081 2706 n.

2462 2756 2652 2819 reddi
2682 2760 2824 2820 sine
2858 2757 3113 2819 macula
3161 2761 3229 2816 et
3274 2771 3439 2834 ruga
3479 2771 3606 2831 per
3662 2753 3964 2834 indulgen-

2462 2875 2613 2937 tiam
2648 2876 2943 2937 omnium
2976 2879 3398 2953 peccatorum
3441 2873 3505 2933 in
3550 2873 3885 2949 Baptismo‚
3918 2877 3964 2930 et

2460 3002 2678 3058 tamen
2733 2993 2798 3054 in
2869 2991 3142 3071 singulis
3186 2991 3321 3051 suis
3365 2990 3730 3067 suppositis
3777 2984 3963 3047 adultis

2462 3112 2711 3174 habere
2757 3115 3028 3189 peccata
3060 3107 3467 3187 quotidiana,
3503 3108 3659 3186 quia
3701 3108 3967 3169 veraciter

2467 3232 2733 3295 dicunt:
2776 3231 3038 3291 Dimitte
3087 3229 3264 3291 nobis
3312 3205 3531 3289 debila
3592 3231 3826 3294 nostra,
3875 3226 3969 3283 etc.

2467 3346 2773 3412 Ostendit
2830 3362 2989 3425 ergo
3062 3342 3395 3423 quomodo
3463 3344 3656 3404 locus
3729 3336 3966 3418 Apostoli

2465 3464 2940 3545 intelligendus
2982 3462 3087 3537 sit,
3122 3478 3361 3539 nempe
3409 3460 3638 3539 quoad
3686 3459 3968 3522 remissio·

2466 3600 2615 3644 nem
2649 3582 3011 3660 plenariam
3069 3585 3494 3659 peccatorum
3547 3577 3966 3657 praeteritorum

2469 3716 2589 3777 per
2618 3698 3066 3777 Baptismum3
3145 3703 3211 3758 et
3259 3697 3539 3758 ulterius
3601 3694 3779 3775 quod
3829 3690 3965 3752 idem

2467 3820 2793 3881 lavacrum
2829 3817 2969 3893 ,iarn
2997 3821 3339 3892 receptum
3368 3810 3527 3874 facit
3556 3811 3644 3873 ad
3686 3807 3966 3871 remissio-

2470 3953 2624 3998 nem
2671 3951 2924 4005 eorum,
2972 3949 3115 4011 quae
3196 3936 3420 4008 postea
3496 3930 3964 3992 committuntur,

2472 4052 2623 4131 quia
2658 4049 2947 4112 remedia
2999 4065 3115 4122 per
3142 4063 3284 4124 quae
3315 4046 3647 4114 delentur,
3693 4057 3815 4106 non
3850 4043 3967 4103 sunt

2473 4165 2787 4237 efficacia,
2833 4164 2955 4225 nisi
3016 4163 3356 4241 supposito
3420 4162 3748 4239 Baptismo
3801 4157 3855 4217 in
3890 4169 3961 4223 re,

2472 4288 2585 4344 aut
2625 4285 2801 4349 voto,
2849 4280 2960 4359 qui
3005 4283 3103 4340 est
3151 4278 3356 4357 janua
3394 4284 3459 4339 et
3511 4273 3964 4337 fundamentum

2471 4401 2903 4478 reliquorum,
2949 4397 3120 4457 sicut
3149 4392 3482 4466 estfides;
3518 4397 3625 4453 est
3681 4390 3836 4452 enim
3870 4382 3962 4461 pri·

2471 4531 2577 4576 ma
2610 4513 2906 4575 nativitas
2953 4511 3232 4572 hominis
3263 4508 3329 4568 in
3361 4507 3642 4578 Christ0‚
3677 4509 3742 4566 et
3787 4502 3957 4564 Sacra·

2475 4635 2775 4693 mentum
2806 4625 2959 4689 fidei
3006 4630 3068 4687 el
3135 4599 3580 4696 initiatorium,
3633 4618 3783 4683 nihil
3837 4628 3956 4690 ergo

2476 4746 2879 4824 Augustinus
2914 4741 3085 4803 favet
3112 4740 3461 4810 haereticis,
3511 4755 3548 4798 a
3601 4735 3821 4814 quibus
3852 4729 3953 4788 lon·

2475 4879 2564 4941 ge
2623 4861 2973 4938 discrepat,
3036 4871 3281 4935 eosque
3341 4856 3702 4933 impugnat,
3734 4856 3955 4927 quorum

2477 4995 2661 5040 error
2704 4981 2841 5038 tum
2873 4988 3005 5036 non
3038 4971 3326 5034 emersit.

2553 5097 2787 5156 Praeter
2838 5092 3066 5152 citatos
3124 5103 3403 5155 errores,
3453 5083 3574 5147 fuit
3620 5084 3797 5147 etiam
3839 5089 3951 5154 (1110-

2475 5211 2776 5276 rumdam
2833 5209 3181 5278 sententia,
3233 5220 3432 5282 quam
3481 5201 3762 5264 declarat
3809 5195 3951 5255 lnno·

2479 5333 2733 5393 centius
2769 5327 2865 5390 ΙΙΙ.
2903 5323 3188 5402 capitulo
3222 5324 3524 5398 Major-es,
3558 5322 3637 5382 de
3665 5314 3947 5391 Bapessmo:

2476 5453 2542 5510 et
2589 5452 2736 5525 post
2776 5441 3275 5506 eum-Clemens
3319 5439 3392 5500 V.
3441 5434 3810 5499 clementina
3834 5420 3947 5487 lde

2449 5580 2735 5640 ¹samma
2768 5563 3080 5624 Trinitate
3108 5567 3164 5620 et
3190 5556 3319 5636 fide
3349 5553 3703 5627 calholica,
3734 5551 3842 5611 etc.
3863 5533 3940 5600 ubi

3822 6061 4083 6282 *A
