4255 6375
87 593 324 662 Augusti-

137 675 252 711 nus.

84 721 297 771 Clemens
308 760 321 771 .

88 784 319 851 Cyprian.

67 2105 343 2158 Sacramen-

165 2175 214 2220 ta

68 2231 311 2296 fignificat-e

67 2295 244 2356 gratiam
258 2296 344 2345 ha·

72 2356 290 2410 bitualem
301 2397 315 2410 .

128 3174 261 3225 Finis

69 3235 304 3292 diversus.

72 4556 127 4604 ba
162 4503 323 4610 ἰωῑιιῗὴ

65 4622 316 4685 attingitur

74 4696 101 4728 a
149 4685 319 4733 Sacra·

110 4753 286 4796 mento.

1562 431 1759 495 ms'r.
1805 432 1852 494 1.
1898 428 2259 506 QUAESTto
2304 434 2404 497 Vl.

395 614 519 662 nus
575 596 765 683 epist.
812 600 919 664 73.
957 609 1021 664 et
1059 598 1193 677 alii,
1247 599 1358 685 qui
1415 609 1633 665 tamen
1671 616 1802 664 non
1833 595 1928 662 in·

388 712 586 778 travit
608 712 673 778 in
696 713 934 780 coelum
957 724 1105 780 ante
1133 724 1649 781 consummatam
1673 712 1930 780 redem-

388 831 700 916 ptionem,
758 851 968 919 neque
1024 833 1238 900 anima
1305 833 1450 920 ejus
1526 832 1650 899 fuit
1724 831 1930 899 beati-

382 947 597 1015 ficata.

472 1067 594 1154 (m)
648 1066 751 1133 Ad
790 1068 1119 1148 ultimum,
1176 1085 1300 1137 etc.
1344 1069 1717 1156 Respondet
1756 1067 1928 1156 quod

382 1183 781 1270 Baptismus,
824 1184 1021 1250 etiam
1064 1196 1381 1272 quantum
1439 1184 1518 1253 ad
1559 1197 1773 1252 actum
1817 1207 1927 1253 ex-

374 1301 708 1381 teriorem,
774 1322 901 1369 non
944 1302 1297 1390 significet,
1344 1303 1473 1371 nisi
1528 1303 1925 1370 ablutionem

372 1418 456 1484 ab
494 1417 908 1485 immunditia
975 1420 1319 1506 corporali,
1372 1431 1497 1487 etc.
1533 1419 1814 1487 Intendit
1844 1419 1930 1486 si-

374 1532 863 1620 gnificationem
891 1537 1247 1602 naturalem
1285 1536 1658 1615 ablutioniS,
1690 1548 1755 1602 et
1785 1557 1927 1622 spe-

373 1650 728 1718 culativam
762 1650 1014 1733 formae,
1060 1674 1253 1741 quam
1287 1654 1480 1720 habet
1521 1675 1599 1720 ex
1634 1653 1929 1719 instituto

376 1769 691 1848 humano,
750 1788 877 1833 non
938 1779 1152 1835 autem
1197 1770 1743 1858 significationem
1788 1792 1930 1859 pra-

372 1883 610 1949 cticam
638 1883 1033 1951 invisibilem
1064 1896 1128 1952 et
1152 1887 1708 1969 sacramentalem,
1735 1908 1928 1976 quam

378 1999 580 2065 habet
619 2000 698 2065 ab
748 2000 1158 2068 institutione
1188 2001 1435 2071 divina.

474 2121 545 2184 In
588 2119 1012 2205 responsione
1065 2119 1140 2185 ad
1198 2122 1507 2209 majorem
1549 2123 1783 2189 asserit
1820 2126 1930 2189 Sa-

376 2244 712 2299 cramenta
782 2233 992 2318 magis
1058 2234 1319 2320 proprie
1360 2234 1736 2321 significare
1783 2236 1931 2302 effe·

375 2360 557 2416 ctum
637 2350 1027 2436 peculiarem
1093 2350 1171 2416 ad
1222 2371 1415 2438 quem
1468 2350 1925 2432 instituuntur,

374 2487 575 2554 quam
618 2468 921 2554 gratiam,
968 2468 1140 2534 unde
1199 2467 1423 2534 eadem
1478 2469 1685 2553 gratia
1725 2480 1826 2537 est
1866 2469 1931 2534 in

374 2580 621 2666 specie,
668 2602 817 2668 quae
857 2582 1170 2650 tribuitur
1212 2584 1276 2649 in
1338 2584 1646 2651 omnibus
1708 2588 1929 2651 Sacra-

373 2699 642 2773 mentiS,
687 2710 998 2785 quantum
1068 2699 1146 2766 ad
1215 2701 1529 2767 rationem
1590 2702 1815 2769 formae
1863 2703 1930 2768 in

374 2835 494 2893 se3
559 2816 974 2883 Sacramenta
1043 2827 1259 2885 autem
1321 2830 1475 2885 sunt
1540 2817 1800 2886 diversa
1865 2819 1929 2886 in

377 2941 699 3018 quantum
790 2932 1123 3020 quodlibet
1209 2934 1537 3021 significat
1619 2935 1924 3002 effectum

375 3050 718 3116 diversum
751 3051 1041 3137 ejusdem
1083 3053 1337 3138 gratiae.

472 3169 786 3257 Loquitur
818 3168 897 3235 de
936 3170 1145 3257 gratia
1205 3170 1516 3238 habituali
1564 3194 1714 3260 quae
1753 3193 1928 3239 com·

380 3285 604 3351 munis
677 3297 777 3353 est
841 3286 1147 3353 omnibus
1224 3288 1699 3366 Sacramentis;
1786 3288 1929 3355 haec

378 3412 689 3468 causatur
736 3423 770 3469 a
802 3404 1130 3489 Baptismo
1172 3425 1286 3491 per
1334 3405 1599 3472 modum
1659 3427 1927 3493 regene-

377 3519 677 3600 rationiS,
741 3521 821 3584 ab
876 3519 1278 3586 Eucharistia
1332 3542 1443 3608 per
1496 3522 1756 3589 modum
1811 3543 1928 3590 nu-

377 3634 691 3714 tritioniS,
737 3635 926 3702 etsie
965 3636 1028 3701 in
1054 3637 1312 3704 caeteris
1350 3649 1659 3705 connotat
1706 3639 1927 3705 diver-

376 3774 489 3820 sos
554 3752 850 3831 effectus,
904 3765 968 3818 et
1035 3753 1313 3820 intendit
1352 3755 1680 3834 effectum,
1734 3777 1926 3843 quem

376 3867 600 3935 statim
658 3878 723 3933 et
771 3866 851 3934 de
889 3868 1193 3955 praesenti
1252 3870 1503 3937 confert
1550 3872 1928 3939 Sacramen-

376 3995 542 4064 tum,
578 3984 660 4050 de
689 4005 842 4071 quo,
897 3997 968 4050 ut
1011 3985 1363 4070 plurimum
1407 3986 1765 4074 loquuntur
1811 3993 1928 4054 Do-

375 4116 593 4171 ctores
631 4100 907 4190 antiqui,
970 4112 1034 4168 et
1108 4101 1188 4167 de
1253 4103 1488 4170 effectu
1555 4105 1923 4193 principali,

377 4221 491 4310 qui
532 4241 795 4308 semper
823 4220 1036 4302 datur,
1090 4220 1347 4288 secluso
1377 4222 1584 4290 obice.

470 4343 568 4406 An
622 4349 935 4427 praeterea
977 4339 1166 4406 detur
1200 4339 1435 4427 aliquis
1465 4341 1734 4409 effectus
1775 4363 1928 4431 gra·

381 4457 492 4524 tiae
586 4456 858 4523 actualis
944 4471 1238 4545 tempore
1313 4478 1628 4545 congru0,
1720 4480 1929 4547 neque

381 4572 618 4638 asserit
655 4593 988 4658 expresse,
1041 4593 1252 4660 neque
1285 4573 1479 4639 etiam
1513 4588 1729 4661 negat.
1775 4579 1925 4641 Pos-

384 4700 484 4754 set
513 4698 729 4753 tamen
761 4710 840 4754 ex
889 4688 1080 4755 dictis
1110 4690 1256 4775 ejus
1306 4689 1530 4755 inferri
1577 4689 1769 4756 talem
1831 4691 1927 4757 ef-

384 4803 623 4869 fectum
657 4802 822 4882 dari,
875 4803 955 4870 de
994 4824 1123 4890 quo
1181 4826 1378 4891 supra
1438 4804 1749 4884 diximus,
1798 4825 1926 4870 non

381 4921 551 5009 quod
594 4921 1082 4988 Sacramentum
1136 4922 1423 5008 proxime
1454 4932 1517 4987 et
1557 4921 1929 4988 immediate

379 5039 658 5125 attingat
706 5038 888 5104 illum
949 5038 1252 5105 effectum
1324 5040 1434 5127 qui
1496 5039 1706 5120 datur,
1761 5040 1929 5106 desi-

381 5167 573 5220 nente
610 5155 1051 5233 SacramentO,
1114 5153 1226 5221 sed
1299 5166 1566 5232 remote,
1605 5155 1929 5222 mediante

377 5269 605 5336 effectu
649 5269 948 5355 proximo
980 5270 1210 5357 gratiae
1271 5271 1647 5350 habitualis,
1712 5283 1781 5336 ut
1812 5271 1928 5338 da-

376 5399 486 5451 tur
525 5384 603 5451 ad
638 5384 830 5452 finem
886 5384 1276 5472 peculiarem
1328 5388 1527 5474 hujus
1586 5387 1687 5454 vel
1752 5387 1927 5453 illius

380 5503 801 5579 Sacramenti,
864 5501 1049 5568 verbi
1107 5502 1340 5587 gratia,
1408 5502 1471 5567 in
1524 5502 1927 5569 Eucharistia

380 5615 462 5683 ad
502 5615 694 5685 finem
731 5617 1132 5700 nutritionis,
1178 5618 1242 5685 in
1303 5617 1808 5686 confirmatione
1847 5619 1925 5685 ad

3471 437 3589 505 929

2045 594 2422 665 firmitatem
2484 609 2545 667 et
2576 597 2774 668 robur
2812 597 3246 670 confessionis
3297 598 3443 670 fidei
3483 623 3592 670 co-

2043 723 2180 771 ram
2225 709 2551 794 Tyranno.
3625 720 3898 834 hacgffiffis

2134 825 2293 889 Nam
2341 844 2418 889 eo
2462 824 2603 911 ipso
2637 825 2807 913 quod
2841 825 3051 912 gratia
3089 826 3334 893 virtute
3365 829 3593 895 Sacra-
3670 847 3914 918 agnitione,

2042 942 2275 1020 menti,
2315 944 2498 1010 verbi
2538 945 2771 1031 gratia,
2839 945 3291 1027 Eucharistiae,
3336 958 3406 1012 ut
3436 946 3594 1013 dicit
3622 909 3941 1043 flnzcffizhst

2042 1061 2297 1136 Ductor,
2333 1072 2660 1136 causetur,
2699 1073 3021 1149 quatenus
3053 1063 3249 1129 habet
3293 1062 3587 1130 ordinem
3696 1033 3880 1159 ἓξὲξ

2039 1178 2117 1244 ad
2162 1179 2736 1264 perseverantiam,
2793 1194 2856 1248 et
2913 1181 3269 1248 vincendas
3334 1182 3590 1248 tentati·
3653 1160 3889 1210 ³⁰²⁰³¹¹⁸·

2039 1317 2224 1377 ones,
2288 1298 2800 1365 concomitanter
2856 1297 3058 1365 trahit
3089 1319 3310 1365 secum
3375 1297 3586 1363 media

2037 1413 2333 1480 ordinata
2391 1415 2468 1480 ad
2538 1415 3113 1501 perseverandum,
3157 1436 3307 1502 quae
3372 1414 3594 1483 consi-

2045 1543 2224 1598 stunt
2267 1532 2328 1596 in
2364 1531 2571 1618 gratia
2604 1532 2838 1598 actuali
2897 1532 3228 1599 excitante
3285 1546 3348 1600 et
3407 1534 3594 1620 adju-

2039 1659 2242 1715 vante
2299 1649 2660 1716 secundum
2727 1661 3020 1716 naturam
3064 1661 3126 1715 et
3192 1650 3592 1738 exigentiam

2042 1762 2376 1849 praecepti,
2415 1774 2476 1827 et
2508 1763 2882 1828 tentationis
2913 1783 3028 1830 seu
3071 1765 3289 1849 operis
3333 1764 3397 1830 in
3439 1785 3584 1851 spe-

2042 1880 2140 1945 cie
2189 1879 2526 1965 requisita,
2600 1900 2748 1945 nam
2803 1880 2937 1946 sola
3008 1881 3217 1966 gratia
3294 1882 3601 1971 habituaf

2044 1998 2125 2064 lis
2185 1997 2377 2063 etiam
2435 1999 2684 2064 intensa
2737 1998 2962 2086 nequit
3017 1999 3171 2064 dare
3224 2001 3399 2066 hunc
3436 1999 3588 2066 effe·

2044 2125 2248 2193 ctum,
2277 2114 2445 2180 sicut
2477 2135 2557 2179 ex
2582 2113 2876 2180 Patribus
2899 2126 2959 2180 et
2982 2115 3288 2182 Conciliis
3310 2128 3586 2195 constat,

2044 2243 2266 2297 contra
2312 2229 2717 2317 PelagianOS,
2770 2231 2964 2299 etiam
3010 2231 3209 2319 justis
3246 2243 3311 2298 et
3375 2233 3589 2319 perfe-

2043 2347 2165 2412 ctis
2225 2346 2665 2413 necessarium
2710 2367 2861 2415 esse
2897 2347 3293 2434 adjutorium
3359 2350 3593 2437 gratiae

2044 2464 2317 2530 actualis
2367 2475 2430 2531 et
2490 2464 2814 2550 specialiS,
2879 2465 2957 2531 ad
2999 2464 3354 2532 vincendas
3387 2477 3591 2532 tenta·

2040 2580 2258 2645 tiones
2297 2591 2359 2645 et
2392 2580 2785 2667 implendam
2827 2580 3065 2666 legem.

2133 2699 2295 2763 Hinc
2326 2697 2834 2784 perseverantiae
2864 2697 3104 2764 donum
3130 2711 3228 2765 est
3267 2699 3593 2786 peculiare
3659 2717 3899 2771 Trident.

2043 2828 2106 2882 et
2145 2814 2480 2882 diversum
2550 2835 2583 2880 a
2642 2816 2851 2902 gratia
2907 2814 3247 2892 habituali,
3294 2815 3586 2895 Trident,

2038 2954 2199 2998 sess.
2245 2936 2308 3000 6.
2355 2954 2501 3018 cap.
2542 2935 2645 2998 13.
2683 2954 2830 2998 can.
2868 2935 2977 3001 22.
3015 2937 3213 3000 3126.
3252 2937 3452 2999 Datur
3479 2954 3590 2999 au-

2039 3065 2172 3116 tem
2229 3050 2371 3117 haec
2401 3050 2609 3137 gratia
2642 3050 2834 3116 etiam
2898 3050 3144 3117 virtute
3183 3052 3581 3118 Sacramenti

2042 3169 2235 3237 modo
2268 3171 2463 3247 dicto,
2510 3181 2824 3260 quantum
2867 3180 2967 3238 est
3007 3193 3088 3240 ex
3137 3181 3321 3259 parte
3362 3175 3587 3240 Sacra-

2043 3289 2270 3366 menti,
2319 3288 2440 3355 nisi
2485 3288 2807 3376 recipiens
2840 3289 2981 3376 ipse
3039 3289 3189 3369 sibi,
3256 3302 3319 3355 et
3357 3291 3588 3377 gratiae

2042 3407 2152 3473 Dei
2196 3406 2497 3485 desuerit,
2542 3428 2671 3473 non
2704 3407 3119 3494 acceptando,
3158 3428 3369 3495 neque
3392 3409 3586 3475 etiam

2041 3524 2333 3611 seipsum
2376 3523 2760 3611 applicando
2782 3537 2845 3590 et
2869 3524 3274 3611 disponendo
3314 3524 3391 3591 ad
3436 3527 3582 3613 ejus
3621 3536 3797 3586 Potest
3819 3534 3938 3599 poni

2042 3640 2504 3726 receptionem,
2545 3661 2692 3706 nam
2735 3641 2904 3707 sicut
2953 3642 3225 3708 effectus
3265 3641 3592 3728 principa·
3697 3600 3876 3731 32³3?ae

2039 3756 2120 3823 lis
2153 3756 2548 3822 Sacramenti
2595 3776 2719 3821 non
2755 3770 2852 3821 est
2886 3756 2968 3822 ita
3006 3755 3390 3835 infallibilis,
3430 3756 3590 3844 quin
3621 3724 3940 3836 ξξᾉιῗὸἓῖοῃῗ

2039 3873 2399 3959 dependeat
2430 3893 2464 3938 a
2488 3870 2915 3958 dispositione
2946 3872 3257 3959 requisita
3289 3893 3369 3939 ex
3411 3885 3592 3958 parte
3687 3852 3882 3899 nostra.

2040 3989 2439 4076 recipientis,
2496 3989 2604 4077 qui
2647 3988 2856 4055 eidem
2900 3998 3113 4074 potest
3175 4008 3413 4075 ponere
3456 3988 3593 4054 obi-

2040 4128 2208 4186 cem,
2245 4106 2328 4172 ita
2380 4107 2576 4172 etiam
2608 4105 2761 4172 huic
2798 4104 3057 4171 effectui
3093 4105 3325 4191 gratiae
3371 4115 3591 4171 actua-

2039 4221 2119 4288 lis
2161 4231 2373 4307 potest
2414 4220 2717 4287 similiter
2748 4240 2990 4307 ponere
3021 4219 3298 4285 obicem.

2131 4335 2252 4402 Sed
2293 4335 2564 4419 objicies
2602 4348 2825 4401 contra
2876 4338 3240 4412 Doctorem,
3297 4355 3444 4420 quae
3485 4332 3579 4397 di·
3664 4339 3896 4465 Οὺῗέὲιίο

2040 4451 2137 4516 xit
2185 4462 2405 4517 contra
2447 4454 2829 4527 Varronem,
2900 4469 3132 4535 nempe
3187 4449 3251 4515 in
3294 4448 3588 4515 Circum·
3698 4469 3878 4536 contra

2039 4566 2288 4634 cisione
2320 4565 2565 4633 intendi
2601 4542 3025 4652 principalius
3052 4565 3358 4651 gratiam,
3395 4584 3586 4651 quam
3701 4527 3860 4579 ‘'¹⁰²⁸''

2041 4686 2495 4753 remissionem
2541 4686 2781 4771 peccati
2824 4714 2837 4763 ·,
2876 4685 2989 4752 sed
3048 4684 3444 4771 significatio
3485 4705 3591 4750 se-

2040 4804 2263 4891 quitur
2303 4802 2820 4882 institutionem;
2877 4803 3021 4870 haec
3077 4812 3292 4868 autem
3336 4800 3582 4888 perfici-

2039 4930 2149 4987 tur
2186 4929 2297 4985 aut
2337 4919 2808 4987 determinatur
2861 4941 2972 5005 per
3014 4918 3437 4985 intentionem
3500 4919 3583 4984 in·

2040 5038 2566 5126 stituentis;ergo
2599 5047 2695 5103 est
2735 5036 2946 5125 magis
2977 5035 3053 5102 ad
3088 5035 3582 5123 significandam

2040 5155 2343 5241 gratiam,
2381 5175 2573 5241 quam
2609 5154 2912 5220 effectum
2947 5152 3365 5239 peculiarem,
3402 5152 3587 5218 verbi

2039 5271 2272 5359 gratia,
2316 5270 2724 5337 remissionis
2761 5268 3029 5357 peccati,
3084 5267 3255 5356 quod
3298 5283 3398 5335 est
3435 5289 3581 5334 con·

2038 5401 2136 5456 tra
2185 5390 2294 5456 hic
2332 5388 2526 5455 dicta.

2129 5503 2602 5590 Respondetur,
2641 5523 2837 5589 supra
2870 5522 3017 5569 eum
3051 5501 3231 5591 loqui
3266 5500 3344 5567 de
3376 5501 3583 5569 inten·
3622 5521 3927 5589 Responsio,

2036 5621 2216 5687 tione
2256 5619 2393 5700 Dei,
2449 5631 2518 5686 ut
2575 5618 2739 5685 ratio
2773 5619 2916 5708 ejus
2974 5617 3265 5708 subJecta
3326 5616 3577 5704 probat,
