4255 6375
704 387 785 451 ‘48
1857 374 2003 442 Lm.
2038 380 2139 440 lv,
2172 374 2767 441 SENTENTIARUM

699 557 799 612 ter
846 554 1145 611 naturam
1193 551 1259 610 et
1308 552 1516 609 artem
1575 537 1758 626 quasi
1803 543 1939 605 hacc
1982 555 2251 618 semper

697 671 1106 743 supponeret
1150 663 1474 727 actionem
1514 667 1782 731 naturae,
1831 666 1895 720 et
1938 655 2252 719 effectum

701 788 1014 862 tanquam
1059 798 1329 861 passum
1386 782 1449 843 in
1502 780 1681 860 quod
1726 784 1903 857 agat.

777 902 1014 973 Tertio,
1090 898 1358 961 tandem
1434 900 1779 976 impugnat
1852 895 2030 956 illam
2094 891 2247 952 rati-

406 1003 623 1118 rfflicffiis
700 1033 898 1077 onem
954 1016 1225 1093 petitam
1272 1032 1354 1076 ex
1415 1014 1644 1075 ordine
1703 1010 2033 1074 essentiali
2093 1022 2248 1068 cau·

354 1132 559 1195 sequela
586 1132 676 1181 im·
699 1149 969 1206 sarum;
1022 1134 1174 1212 quia
1253 1132 1334 1194 de
1407 1130 1576 1193 facto
1634 1129 1963 1191 invenitur
2044 1140 2252 1204 agens

379 1199 653 1263 pugnatur.
697 1248 1039 1310 materiale
1093 1247 1272 1326 quod
1322 1250 1423 1308 est
1460 1245 1754 1317 inferiuS,
1812 1248 1879 1304 et
1915 1239 2252 1318 spirituale

700 1362 881 1442 quod
941 1366 1046 1423 est
1113 1362 1440 1439 superiuS,
1500 1377 1635 1421 non
1704 1357 2005 1436 sequitur
2071 1352 2251 1433 quod

700 1479 1039 1542 materiale
1097 1483 1428 1555 supponat
1472 1476 1785 1538 effectum
1837 1475 2095 1553 agentis
2135 1475 2252 1534 im·

696 1595 1060 1658 materialis
1111 1595 1332 1669 creati,
1393 1611 1518 1656 nec
1580 1596 1633 1656 si
1693 1592 2028 1653 materiale
2104 1595 2252 1650 tan-

700 1718 835 1775 tum
896 1718 1229 1793 supponat
1289 1711 1602 1775 effectum
1663 1712 1781 1773 Dei
1839 1708 2249 1781 immediate,

697 1830 879 1911 quod
953 1831 1381 1893 immateriale
1469 1830 1650 1909 quod
1738 1833 1839 1892 est
1919 1827 2248 1905 superius,

693 1950 853 2011 nihil
929 1956 1284 2029 supponat.
1364 1952 1649 2027 Utraque
1722 1949 1995 2028 sequela
2074 1950 2255 2009 esset

692 2079 876 2137 vera,
935 2064 986 2126 si
1033 2064 1439 2127 antecedens
1497 2063 1656 2124 illud
1714 2079 1943 2124 verum
2002 2066 2183 2123 esset
2229 2077 2245 2119 τ

697 2180 871 2253 quod
952 2195 1153 2254 aqens
1236 2179 1514 2254 inferius
1598 2194 1852 2256 semper
1929 2180 2250 2253 supponat

698 2293 998 2368 effectum
1046 2296 1293 2369 ayentis
1348 2296 1731 2370 superioris,
1768 2296 1834 2353 in
1878 2295 2051 2370 quod
2098 2296 2252 2367 aqat

697 2415 765 2469 ut
814 2424 1113 2485 passum.
1191 2408 1493 2470 Secunda
1562 2409 1836 2487 sequela
1908 2408 2255 2468 obscurior

700 2529 824 2596 est,
886 2538 1018 2605 non
1079 2521 1342 2585 videtur
1413 2523 1588 2584 enim
1654 2524 1873 2603 sequi,
1949 2520 2125 2601 quod
2197 2521 2250 2582 si

702 2657 896 2704 causa
945 2641 1294 2702 materialis
1338 2648 1492 2720 agat
1537 2642 1703 2703 circa
1759 2640 2074 2702 effectum
2131 2642 2250 2702 Dei

695 2757 1098 2830 immediate,
1145 2757 1323 2836 quod
1360 2773 1560 2819 causa
1602 2756 2050 2818 immaterialis
2094 2755 2251 2816 nihil

698 2879 1052 2952 supponat,
1100 2876 1251 2952 quia
1301 2874 1748 2936 immaterialis
1787 2875 2101 2951 supponit
2153 2870 2250 2933 ef-

697 2988 946 3052 fectum
976 2990 1117 3061 Dei,
1154 2992 1262 3067 qui
1296 2994 1399 3051 est
1438 3006 1632 3052 causa
1681 2992 2007 3067 superior.

780 3106 1267 3185 Respondetur,
1300 3109 1365 3170 in
1412 3124 1491 3169 eo
1537 3110 1788 3168 tantum
1822 3106 2034 3185 sequi,
2070 3103 2251 3183 quod

701 3241 966 3302 passum
1010 3225 1078 3286 in
1126 3225 1304 3303 quod
1354 3227 1491 3302 agit
1547 3240 1744 3285 causa
1796 3221 2083 3295 inferior,
2149 3223 2254 3283 in-

702 3339 1124 3417 terpretando
1172 3340 1564 3418 principium
1594 3337 1757 3400 illud
1787 3339 1852 3399 in
1883 3353 2087 3399 sensu
2118 3353 2249 3418 quo

702 3455 1033 3518 concludit
1079 3457 1432 3527 intentum,
1482 3454 1683 3516 debet
1730 3470 1877 3516 esse
1925 3455 2251 3532 posterius

697 3575 953 3634 actione
1020 3588 1237 3633 cuusae
1296 3570 1678 3649 superioris.
1713 3571 1874 3631 Data
1925 3586 2083 3649 ergo
2129 3570 2251 3630 hac

695 3689 1154 3752 universaliter
1207 3687 1744 3749 subordinatione
1806 3687 1981 3748 inter
2033 3683 2251 3746 inferi-

700 3821 884 3868 orem
915 3821 1182 3867 causam
1217 3809 1283 3866 et
1312 3805 1745 3882 superiorem,
1778 3804 1830 3863 si
1875 3819 2072 3863 causa
2115 3816 2251 3862 ma-

704 3921 943 3983 terialis
1028 3925 1259 4000 ageret
1313 3918 1691 3981 immediate
1768 3922 1832 3979 in
1886 3914 2247 3990 materiam,

704 4054 848 4115 quae
906 4041 1008 4099 est
1082 4038 1359 4099 effectus
1421 4038 1566 4108 Dei,
1629 4040 1696 4096 et
1758 4052 1900 4114 quae
1957 4051 2091 4096 non
2153 4040 2252 4096 est

705 4153 873 4214 aliud
906 4169 1165 4230 passum
1212 4153 1419 4229 priuS,
1468 4154 1534 4213 et
1562 4155 1895 4228 supponat
1922 4151 2251 4212 actionem

699 4284 914 4334 causae
967 4271 1349 4347 superioris,
1407 4274 1802 4349 sequeretur
1868 4269 2045 4330 illam
2087 4270 2247 4331 acti-

701 4400 898 4447 onem
969 4400 1103 4446 non
1151 4384 1526 4446 coincidere
1584 4386 1651 4445 in
1707 4399 1970 4461 passum
2030 4398 2247 4444 causae

696 4499 1041 4575 inferioris,
1077 4517 1222 4580 quae
1269 4505 1445 4563 esset
1494 4500 1787 4573 materia,
1845 4515 1921 4560 ac
1971 4500 2249 4576 proinde

699 4634 845 4680 esse
893 4635 975 4680 ex
1016 4618 1232 4689 nihilo,
1286 4619 1436 4696 quia
1482 4618 1661 4694 prius
1726 4619 1994 4679 materia
2042 4620 2250 4694 prima

700 4737 803 4794 est
857 4733 1069 4794 solum
1116 4733 1301 4807 nihil,
1354 4730 1505 4794 ideo
1557 4730 1790 4793 dicitur
1833 4747 2036 4807 prope
2085 4729 2252 4791 nihil

701 4850 783 4912 ab
827 4850 1232 4929 Augustino:
1283 4847 1444 4910 ordo
1499 4864 1657 4927 ergo
1701 4863 2046 4910 causarum
2075 4849 2248 4909 inter

697 4983 770 5029 se
813 4984 947 5029 non
995 4968 1090 5028 sic
1134 4964 1337 5028 debet
1377 4966 1697 5044 assignari
1733 4982 1748 5036 ;
1796 4964 1946 5027 vide
2000 4966 2243 5026 Docto-

700 5100 843 5145 rem
876 5084 1065 5146 variis
1108 5082 1174 5143 in
1205 5081 1391 5154 lociS,
1423 5081 1759 5157 speciatim
1791 5082 1857 5142 in
1892 5081 1942 5142 l.
1973 5084 2034 5142 d.
2078 5082 2139 5142 3.
2183 5098 2242 5158 q.

703 5200 762 5261 9.
809 5204 839 5276 ς
897 5200 1255 5262 Intellectus
1325 5203 1411 5260 est
1483 5213 1684 5258 causa
1749 5193 2016 5274 yiqnens
2075 5199 2246 5258 noti-

694 5316 879 5377 tiam.

464 5474 549 5528 47·
777 5429 868 5512 (h)
902 5433 1150 5501 Quarta
1190 5433 1361 5492 ratio
1390 5447 1516 5492 non
1563 5429 1908 5502 concludit,
1943 5433 2067 5489 etc.
2105 5428 2246 5490 Haec

411 5538 611 5600 Quarta
694 5548 862 5614 ratio
897 5553 996 5609 est
1034 5544 1271 5627 AEgidii
1309 5546 1426 5608 ubi
1467 5563 1695 5624 supra,
1740 5550 1797 5608 et
1842 5542 2130 5621 quodlib.
2181 5546 2240 5607 3.

398 2394 633 2462 Replica.

394 3121 636 3177 Solvitur.

2363 561 2578 633 quaesc.
2626 558 2687 619 4.
2734 572 2814 617 ex
2860 524 3335 633 potentialitate
3387 528 3644 633 age-ntis
3692 528 3922 618 creati,
4009 553 4190 664 Q

2363 674 2608 735 nullum
2656 686 2866 752 agens
2924 677 3219 735 creatum
3280 675 3382 732 est
3437 684 3641 747 purus
3700 668 3912 737 actm,
4003 678 4201 731 alvear.

2359 792 2495 852 sive
2544 807 2780 870 purum
2814 806 3004 862 esse;
3062 807 3220 869 ergo
3271 806 3494 869 neque
3552 790 3716 849 actio
3773 785 3925 865 eJus

2364 910 2467 968 est
2496 911 2681 967 actus
2715 922 2942 984 puruS,
2974 906 3098 968 sed
3141 907 3483 969 involvens
3513 901 3763 983 aliquid
3794 918 3919 980 po-

2365 1023 2806 1098 tentialitatis;
2845 1025 2986 1086 talis
3019 1029 3243 1085 autem
3273 1040 3405 1086 non
3439 1027 3540 1084 est
3585 1024 3732 1083 sine
3774 1034 3918 1079 mo·
3986 1018 4204 1128 (ξι-ἓξὲξ

2364 1148 2430 1199 tu
2491 1144 2555 1200 et
2615 1141 3013 1213 mutatione;
3078 1155 3238 1219 ergo
3293 1154 3416 1200 nec
3471 1153 3681 1217 agens
3779 1151 3923 1196 cre·
3975 1148 4210 1211 eumq·

2363 1257 2541 1315 atum
2585 1260 2805 1333 potest
2852 1272 3053 1335 agere
3101 1257 3244 1317 sine
3292 1260 3477 1316 motu
3526 1258 3594 1314 et
3654 1210 4210 1313 mutati-etmutm

2363 1385 2538 1443 one;
2577 1387 2736 1451 ergo
2769 1388 2894 1434 nec
2941 1386 3189 1444 creare,
3226 1372 3380 1449 quia
3426 1384 3652 1431 creare
3703 1375 3804 1430 est
3836 1365 3928 1427 de

2362 1486 2588 1561 nihilo,
2640 1494 2850 1549 motus
2880 1493 3102 1549 autem
3133 1486 3201 1548 in
3241 1486 3538 1563 subJecto
3586 1489 3711 1546 est.

2442 1603 2822 1682 Respondet
2873 1609 3110 1670 Doctor
3156 1606 3325 1666 hanc
3380 1607 3709 1665 rationem
3761 1600 3922 1663 nihil
3969 1626 4211 1690 Ram

2364 1720 2788 1794 concludere,
2835 1725 2972 1785 sive
3020 1719 3421 1800 intelligatur
3471 1718 3916 1797 potentialitas
3982 1688 4204 1738 ⁰⁰³⁰&

2362 1834 2688 1917 obJectiv'a
2738 1844 3048 1916 respectu
3104 1853 3276 1910 esse,
3329 1837 3464 1897 sive
3512 1835 3910 1905 existentiae:

2361 1955 2496 2017 sive
2569 1955 2969 2035 intelligatur
3025 1954 3391 2032 subJectiva
3448 1950 3532 2013 ad
3595 1952 3917 2028 recipien-

2365 2069 2521 2133 dum
2558 2071 2726 2132 sicut
2758 2070 3140 2148 potentiale,
3174 2069 3282 2131 vel
3325 2067 3410 2130 ad
3462 2065 3917 2130 inhaerendum

2360 2190 2531 2250 sicut
2555 2186 2764 2248 forma
2810 2191 2877 2248 et
2906 2192 3114 2248 actus.
3163 2187 3256 2247 De
3286 2183 3477 2247 variis
3507 2182 3912 2260 acceptioni·

2360 2304 2485 2365 bus
2543 2310 2610 2366 et
2666 2303 3093 2368 divisionibus
3150 2302 3488 2380 potentiae,
3565 2300 3774 2362 habes
3830 2313 3918 2359 ex

2364 2422 2640 2482 Doctore
2699 2420 2765 2479 in
2827 2421 2882 2479 l.
2944 2420 3007 2481 d.
3069 2419 3130 2478 7.
3185 2421 3403 2493 quaese.
3467 2419 3522 2478 l.
3583 2421 3637 2475 el
3698 2415 3761 2474 d.
3807 2414 3911 2473 20.
4008 2452 4180 2502 Divisio

2361 2542 2578 2613 quaest.
2630 2538 2686 2597 l.
2734 2539 2801 2597 in
2826 2538 2888 2598 2.
2936 2538 2998 2597 d.
3059 2534 3151 2595 12.
3206 2551 3264 2611 q.
3319 2536 3373 2595 l.
3423 2538 3478 2593 et
3521 2531 3580 2593 9.
3629 2529 3913 2607 Metaph.
3954 2516 4202 2641 Ρξῖῑξξὲ

2361 2670 2421 2730 q.
2454 2654 2512 2714 2.
2565 2651 2674 2713 ch
2718 2659 2940 2713 autem
2970 2650 3281 2727 supponit
3311 2650 3488 2711 illam
3521 2647 3914 2711 divisionem

2365 2768 2535 2849 ejuS,
2568 2773 2641 2829 ut
2669 2769 3025 2845 opponitur
3066 2765 3237 2827 actui
3268 2764 3674 2842 simpliciter,
3721 2778 3912 2825 nem-

2363 2900 2447 2962 pe
2481 2900 2653 2959 esse,
2689 2888 2755 2944 et
2799 2882 3036 2943 dicitur
3089 2881 3441 2961 objectiva,
3475 2887 3539 2943 et
3581 2884 3651 2941 ut
3703 2897 3910 2957 oppo-

2359 3001 2535 3062 nitur
2597 2999 2772 3062 aetui
2854 2998 3223 3060 secundum
3299 2996 3482 3077 quid,
3544 3001 3613 3058 et
3685 2994 3922 3059 dicitur

2360 3114 2724 3193 receptiva.

2445 3235 2795 3311 Utramque
2829 3229 3216 3294 divisionem
3260 3231 3451 3294 tradit
3483 3228 3920 3309 Philosophus

2361 3347 2421 3409 9.
2471 3348 2747 3425 Metaph.
2782 3363 2927 3423 cap.
2966 3349 3019 3408 l.
3069 3350 3123 3407 et
3152 3348 3214 3408 4.
3268 3343 3510 3408 dicitur
3555 3350 3747 3408 actus
3796 3358 3921 3405 seu

2359 3459 2567 3526 forma
2599 3477 2745 3523 esse
2775 3463 2842 3523 in
2872 3462 3168 3540 potentia
3205 3461 3543 3539 receptiva
3581 3458 3668 3520 ad
3699 3461 3916 3537 ipsam

2359 3578 2828 3647 inhaerentiam,
2894 3594 3040 3657 quae
3099 3583 3201 3639 est
3260 3575 3714 3655 dependentia
3774 3576 3920 3653 ejus

2364 3692 2448 3755 ad
2491 3693 2888 3772 subjectum,
2932 3698 2998 3755 et
3027 3694 3341 3771 recipitur
3370 3693 3433 3753 in
3483 3692 3624 3770 ipsa
3672 3689 3911 3752 forma.

2363 3809 2742 3873 lnhaerentia
2787 3817 3006 3872 autem
3033 3811 3164 3871 late
3194 3810 3474 3871 sumitur
3501 3826 3619 3885 pro
3661 3808 3915 3869 unione

2362 3943 2805 4005 quacumque,
2869 3931 2934 3988 et
2990 3927 3468 4008 cujuscumque
3534 3925 3766 3987 formae
3827 3924 3912 3985 ad
4023 3972 4148 4022 Ordo

2361 4044 2722 4115 materiam,
2757 4045 2908 4123 quia
2947 4045 3114 4105 sicut
3142 4044 3410 4105 materia
3467 4039 3805 4121 perficitur
3845 4041 3912 4101 in
3937 4038 4211 4149 ¹⁵⁰⁶{gr‘9m22

2361 4172 2478 4219 suo
2526 4175 2673 4220 esse
2731 4176 2769 4221 a
2818 4157 3048 4229 forma,
3111 4161 3178 4219 et
3238 4157 3323 4219 ad
3381 4156 3688 4219 eamdem
3756 4156 3916 4220 dicit
3937 4115 4176 4212 ωῗοι-Ᾱιῗε.

2362 4271 2881 4350 dependentiam
2915 4277 2981 4333 et
3017 4271 3524 4343 inclinationem,
3575 4272 3662 4332 ita
3711 4274 3915 4334 etiam

2359 4388 2567 4450 forma
2602 4388 2757 4450 dicit
2788 4390 3154 4467 appetitum
3181 4387 3526 4451 formalem
3570 4387 3646 4448 ad
3696 4392 3910 4449 mate·

2360 4506 2548 4574 riam,
2608 4504 2938 4566 mediante
2991 4520 3119 4582 qua
3160 4503 3517 4581 perficitur,
3569 4501 3750 4580 quod
3796 4518 3912 4580 pe-

2359 4617 2548 4680 rinde
2578 4634 2808 4679 verum
2840 4624 2939 4680 est
2983 4621 3176 4680 etlam
3221 4620 3288 4678 in
3334 4619 3545 4679 anima
3578 4617 3902 4690 rationali,

2361 4736 2658 4815 quamvis
2688 4739 2751 4797 in
2797 4751 2914 4796 sua
2961 4734 3304 4797 existentia
3343 4752 3476 4796 non
3526 4734 3910 4813 dependeat

2358 4867 2394 4912 a
2438 4850 2763 4929 subjecto,
2799 4849 2952 4928 quia
3005 4849 3162 4910 dicit
3203 4851 3573 4928 appetitum
3610 4849 3907 4911 innatum

2359 4965 2442 5026 ad
2472 4982 2729 5044 corpus,
2767 4967 2957 5026 etiam
3009 4963 3276 5044 quando
3327 4969 3429 5029 est
3471 4971 3800 5045 separata,
3845 4972 3911 5027 et

2356 5086 2608 5146 ratione
2665 5082 2861 5162 hujus
2922 5084 3248 5159 appetitus
3323 5088 3424 5143 est
3482 5084 3551 5145 in
3615 5082 3908 5160 potentia

2356 5198 2639 5276 passiva,
2673 5203 2739 5258 et
2769 5195 3157 5274 perfectibili
3189 5197 3523 5259 mediante
3553 5197 3821 5259 unione.

2436 5316 2568 5376 Hoc
2613 5329 2771 5392 ergo
2817 5313 3184 5390 supposit0,
3241 5312 3687 5390 respondetur
3742 5313 3903 5374 acti·
3931 5342 4211 5393 Solviturar

2356 5445 2553 5491 onem
2640 5432 2959 5491 creaturae
3003 5430 3141 5491 sive
3194 5430 3691 5500 immanentem,
3764 5430 3904 5489 sive
3931 5409 4196 5471 gamonium

2359 5550 2829 5619 transeuntem,
2874 5544 3092 5607 dicere
3123 5545 3300 5606 illam
3330 5543 3906 5624 potentialitatem.
3985 5485 4186 5587 Pffijff
