4255 6375
754 410 873 473 908

485 2639 543 2692 Si
572 2652 673 2691 non

496 2708 666 2768 posset

749 572 1058 630 naturalis
1091 573 1148 631 ei
1196 575 1528 646 repugnat.
1577 573 1704 630 Nec
1754 573 1955 642 gratia
2003 572 2058 627 ei
2103 570 2305 640 magis

748 677 1059 745 repugnat
1088 677 1244 745 post,
1278 688 1462 745 quam
1496 677 1636 730 ante
1667 673 1936 744 lapsum,
1968 674 2119 744 quia
2143 668 2305 742 quod

752 774 1138 842 praecesserit
1194 775 1537 843 peccatum,
1597 786 1716 828 non
1768 774 1963 827 mutat
2015 772 2303 826 naturam

753 871 993 940 gratiae.
1028 872 1108 926 De
1141 870 1252 927 hoc
1300 871 1455 928 Scot.
1511 870 1562 926 1.
1594 870 1655 927 d.
1689 870 1776 926 17.
1828 885 1887 940 q.
1928 873 1981 923 2.
2033 871 2093 924 et
2138 870 2193 922 2.
2243 865 2305 921 d.

754 968 846 1024 37.
879 984 939 1040 q.
970 972 1025 1026 2.
1058 973 1095 1035 ἓ
1128 972 1227 1025 Ex
1254 971 1375 1025 isca
1413 972 1595 1024 solut.
1632 973 1690 1025 et
1719 969 1774 1025 3.
1806 967 1866 1023 d.
1898 969 1986 1024 23.
2042 965 2119 1022 ad
2168 980 2303 1035 arg.

760 1069 823 1121 et
852 1066 1020 1122 infra
1062 1065 1122 1124 d.
1176 1067 1259 1121 15.
1306 1081 1362 1136 q.
1414 1068 1463 1123 1.
1514 1082 1569 1123 a.
1622 1069 1677 1121 2.
1712 1064 1819 1121 fin.
1855 1070 1916 1121 et
1945 1065 2005 1121 d.
2042 1066 2123 1120 16.
2155 1078 2210 1134 q.
2248 1066 2304 1118 2.

760 1163 988 1235 quibus
1018 1164 1166 1221 locis
1220 1165 1437 1236 probat
1491 1178 1572 1221 ex
1619 1170 1843 1221 natura
1893 1164 1983 1220 rei
2019 1177 2141 1220 non
2173 1175 2306 1217 esse

760 1265 1246 1333 repugnantiam
1280 1265 1446 1322 inter
1491 1268 1814 1335 peccatum
1847 1266 1909 1319 et
1938 1260 2233 1333 gratiam.

855 1497 1157 1568 Contra
1230 1494 1477 1568 istam
1537 1497 1633 1583 (e)
1700 1492 2307 1566 conclusionem

762 1629 1021 1702 arguo
1070 1610 1332 1704 primo
1370 1610 1485 1684 sic
1521 1636 1534 1680 t
1577 1615 2114 1700 Quaecumque
2159 1606 2308 1679 sibi

761 1729 1108 1801 invicem
1213 1731 1669 1819 repugnant
1763 1726 1985 1799 circa
2074 1724 2303 1804 idem,

758 1848 1038 1916 mutuo
1110 1865 1194 1915 se
1259 1842 1693 1916 excludunt
1763 1842 1983 1914 circa
2065 1839 2305 1920 illud;

756 1981 953 2053 ergo
1024 1960 1152 2033 cui
1231 1960 1463 2052 plura
1546 1962 2001 2051 repugnant
2083 1956 2308 2030 circa

752 2078 1076 2170 aliquod
1174 2075 1652 2167 subJectum‚
1752 2072 1945 2146 illud
2036 2075 2304 2165 potest

756 2216 901 2287 per
960 2193 1366 2286 quodlibet
1431 2191 1763 2263 illorum
1832 2188 2150 2262 excludi
2213 2188 2310 2259 ab

756 2311 897 2384 illo
959 2310 1319 2399 subjecto
1359 2333 1374 2389 ;
1415 2308 1547 2378 sed
1615 2305 1871 2396 culpae
1924 2302 2309 2395 originali

762 2429 1161 2520 repugnat
1207 2424 1606 2499 rectitudo
1654 2424 1731 2494 in
1794 2423 2022 2516 puris
2079 2426 2309 2495 natu-

762 2543 1097 2621 ralibus,
1197 2542 1439 2615 etiarn
1552 2540 1721 2612 sine
1818 2538 2115 2630 gratia.
2211 2540 2310 2611 Et

740 2664 987 2754 ‘patet
1062 2659 1151 2731 de
1223 2658 1438 2731 facto
1525 2655 1958 2728 secundum
2052 2654 2309 2745 Magi-

420 2772 602 2817 natura
631 2779 740 2814 esse

420 2833 560 2878 recta
625 2830 665 2877 si
677 2841 738 2876 ne

768 2782 1031 2851 strum
1093 2779 1520 2869 ponentem
1577 2773 1986 2844 hominem
2045 2791 2092 2842 a
2140 2772 2309 2846 Deo

419 2893 883 2965 emtia‚¹1ae0sic
926 2892 1363 2966 conditum.
1414 2893 1647 2964 Patet
1707 2890 1957 2963 etiam
1998 2889 2089 2960 de
2135 2908 2312 2980 pos·

481 2959 612 3003 esset
631 2954 678 3003 ei

447 3015 713 3077 naturalis,

449 3085 502 3128 et
528 3080 704 3142 loquor

552 3140 614 3191 de

420 3202 726 3253 rectitudine

466 3266 685 3316 naturali

485 3330 681 3378 secluso

506 3392 646 3456 lapsu
657 3430 670 3443 .

767 3010 1006 3091 sibili,
1062 3008 1402 3089 ratione,
1469 3007 1657 3099 quia
1701 3006 1768 3077 si
1819 3025 1980 3076 non
2033 3005 2308 3096 posset

766 3132 1064 3203 natura
1122 3127 1302 3201 fieri
1354 3131 1575 3201 recta
1628 3124 2113 3199 rectitudine
2181 3141 2313 3195 na-

763 3247 1043 3329 turali,
1098 3250 1178 3320 et
1229 3246 1399 3318 sine
1441 3245 1737 3337 gratia,
1798 3248 1985 3316 tunc
2040 3240 2313 3332 gratia

762 3367 976 3436 esset
1036 3361 1468 3443 naturaliS,
1532 3360 1721 3432 licet
1782 3377 1942 3430 non
1991 3361 2310 3429 naturae

761 3480 1038 3572 lapsae,
1113 3482 1384 3551 tamen
1443 3478 1760 3548 naturae
1832 3473 1911 3545 in
1979 3470 2313 3545 rectitu-

761 3595 939 3670 dine
981 3595 1319 3689 propria
1373 3593 1815 3674 institutae;
1863 3590 2057 3663 illud
2096 3589 2310 3662 enim

762 3718 885 3788 est
986 3712 1389 3794 naturale,
1491 3710 1695 3803 quod
1782 3708 2315 3800 consequitur

768 3836 1150 3907 naturam
1223 3830 1653 3903 secundum
1728 3849 1863 3910 se;
1917 3845 2116 3918 ergo
2197 3846 2315 3898 se-

764 3950 1068 4043 quitur,
1126 3948 1328 4042 quod
1381 3966 1525 4039 per
1574 3945 1833 4018 solam
1904 3943 2312 4017 rectitudi-

763 4085 945 4138 nem
1043 4061 1531 4143 naturalem,
1612 4064 1688 4132 et
1770 4059 1940 4131 sine
2036 4058 2311 4150 gratia

762 4186 1035 4277 potest
1077 4181 1315 4273 culpa
1373 4177 1694 4271 expelli.

855 4299 937 4373 Si
986 4298 1309 4371 dicatur
1386 4296 1584 4387 quod
1626 4292 2022 4367 rectitudo
2080 4291 2312 4364 abso-

759 4417 926 4488 lute
995 4413 1263 4507 potuit
1312 4433 1489 4485 esse
1533 4412 1611 4482 in
1652 4414 1951 4481 natura
2012 4408 2311 4499 absque

760 4531 1060 4623 gratia,
1125 4533 1396 4603 tamen
1485 4530 1668 4619 post
1737 4523 2055 4615 culpam
2152 4542 2312 4593 non

761 4649 1033 4739 potest
1068 4640 1423 4723 restitui,
1459 4639 1619 4712 nisi
1661 4638 1968 4711 collata
2007 4636 2305 4728 gratia.

762 4768 1072 4839 Contra
1131 4761 1368 4839 istud,
1431 4761 1511 4831 et
1572 4754 1812 4828 simul
1857 4757 1951 4828 ad
1992 4755 2317 4828 conclu-

764 4882 1075 4953 sionem
1152 4873 1712 4968 principalem,
1795 4890 2056 4962 arguo
2132 4870 2309 4942 sic:

760 4999 1063 5071 Forma
1132 5013 1294 5064 non
1355 4990 1652 5061 habens
1726 5010 1902 5062 esse
1966 4988 2312 5061 alterius

766 5111 1113 5189 rationis
1212 5109 1294 5181 in
1381 5106 1768 5197 suchcto,
1840 5124 1999 5177 non
2077 5102 2314 5175 habet

757 5225 1542 5323 inseparabilitatem
1573 5222 1820 5294 aliam
1862 5241 1908 5292 a
1944 5240 2318 5312 quocum-

764 5366 937 5438 que,
1028 5343 1217 5435 quia
1276 5339 1491 5412 enim
1559 5341 1682 5410 est
1752 5335 1943 5410 talis
2012 5332 2307 5417 forma,

760 5465 841 5533 et
942 5458 1103 5533 tale
1206 5477 1385 5529 esse
1488 5453 1829 5534 habens,
1919 5451 2092 5523 ideo
2193 5454 2317 5522 est

765 5572 1249 5671 separabilis
1345 5570 1475 5645 vel
1570 5567 2143 5661 inseparabilis
2265 5584 2312 5637 a.

1906 410 2051 479 LIB.
2088 410 2188 471 IV.
2222 406 2818 474 SENTENTIARUM

2421 587 2958 664 quocumque;
3007 571 3140 642 sed
3192 569 3462 643 forma
3523 585 3679 640 non
3727 565 3933 640 babet

2417 706 2596 758 esse
2647 688 2994 760 alterius
3058 686 3408 762 rationis
3452 686 3536 757 in
3578 684 3934 777 subjecto,

2421 821 2520 872 ex
2556 800 2707 874 hoc
2752 803 2959 894 quod
3010 803 3188 897 ejus
3241 802 3708 896 oppositum
3775 819 3940 894 prae·

2425 918 2676 993 cessit
2727 919 2804 992 in
2849 941 2970 1003 e0,
3016 924 3105 994 ut
3164 924 3387 1013 patet
3430 919 3523 992 de
3555 917 3852 1010 frigore
3877 918 3938 989 et

2429 1035 2702 1107 calore
2761 1035 2984 1109 circa
3043 1055 3382 1129 aquam;
3443 1056 3643 1129 ergo
3710 1033 3938 1106 forma

2423 1170 2584 1222 non
2662 1151 2902 1225 habet
2972 1152 3219 1224 aliam
3317 1149 3937 1243 inseparabilita-

2421 1271 2587 1341 tem
2629 1288 2678 1339 a
2748 1289 3280 1361 quocumque,
3345 1288 3491 1360 per
3559 1266 3706 1338 hoc
3766 1264 3937 1356 quod

2423 1383 2599 1475 ejus
2665 1386 3132 1479 oppositum
3176 1383 3605 1479 praecessit
3668 1383 3747 1454 in
3794 1380 3938 1453 sub·

2418 1499 2681 1592 jecto;
2739 1501 2873 1574 sed
2932 1501 3333 1575 rectitudo
3403 1498 3826 1577 naturalis,
3888 1496 3939 1566 si

2425 1637 2586 1689 non
2689 1619 3250 1711 praecessisset
3337 1637 3576 1689 suum
3655 1613 3938 1707 opposi-

2425 1739 2626 1818 tum,
2672 1741 2946 1828 posset
2988 1733 3361 1828 separari
3397 1755 3444 1806 a
3486 1733 3779 1824 gratia,
3819 1750 3938 1823 per

2427 1854 2507 1923 te
2543 1875 2560 1932 ;
2597 1873 2822 1934 ergo,

2520 1968 2750 2052 Item,
2811 1968 3479 2060 qualemcumque
3540 1965 3935 2038 secundum
4043 1994 4074 2040 3.

2424 2082 2778 2157 formam
2841 2085 3300 2157 absolutam
3389 2086 3659 2177 potest
3754 2053 4133 2178 Deuspfflffg.

2428 2198 2839 2273 hominem
2941 2222 3251 2283 creare,
3313 2202 3560 2275 talem
3624 2205 3702 2274 et
3772 2219 3938 2292 prae·
3978 2177 4122 2288 Ἓξ

2423 2315 2589 2389 cise
2693 2321 2963 2408 potest
3071 2337 3460 2410 reparare
3545 2322 3724 2410 post
3809 2314 3941 2388 cul·
4015 2304 4106 2430 Q

2429 2450 2641 2524 pam,
2729 2433 3157 2505 secundum
3275 2431 3631 2506 formam
3741 2431 3944 2502 abso-
3981 2439 4130 2490 ram

2427 2547 2730 2628 lutam;
2831 2549 2966 2622 sed
3046 2549 3124 2620 in
3214 2568 3417 2642 pura
3495 2546 3943 2620 rectitudine

2423 2665 2785 2738 naturali
2841 2669 3106 2758 potest
3149 2666 3563 2739 hominem
3633 2684 3941 2744 creare;

2424 2803 2648 2875 ergo,
2722 2789 2875 2858 etc.
2959 2785 3233 2876 Major
3295 2784 3718 2877 probatur,
3791 2781 3946 2875 quia

2427 2897 2665 2991 culpa
2765 2918 2925 2971 non
3023 2897 3222 2972 facit
3312 2903 3695 2972 naturam
3792 2916 3945 2969 esse

2427 3013 2677 3086 aliam
2766 3014 2845 3086 in
2918 3037 3046 3096 se;
3127 3033 3325 3106 ergo
3386 3035 3531 3087 nec
3604 3015 3794 3106 quin
3863 3012 3952 3083 sit

2430 3150 2686 3224 capax
2742 3130 3125 3224 ejusdem,
3206 3131 3440 3224 cujus
3517 3130 3670 3204 fuit
3752 3130 3947 3224 prius

2428 3268 2710 3340 capax.
2758 3250 3024 3340 Agens
3094 3251 3366 3321 autem
3433 3248 3788 3320 divinum
3834 3267 3949 3339 po-

2427 3367 2589 3437 test
2658 3362 2778 3435 illi
2847 3363 3321 3455 imprimere
3390 3364 3942 3455 quodcumque,

2427 3479 2656 3571 cujus
2725 3483 2850 3553 est
2891 3498 3172 3572 capax,
3247 3484 3329 3553 et
3369 3478 3520 3552 hoc
3574 3479 3742 3551 sine
3782 3497 3947 3569 quo·

2427 3617 2792 3691 cumque,
2872 3599 3077 3692 quod
3141 3618 3303 3671 non
3381 3597 3817 3671 includitur
3875 3595 3944 3666 in

2429 3714 2748 3788 ratione
2829 3714 3047 3787 illius
3148 3715 3553 3807 impressi,
3652 3717 3729 3787 et
3796 3732 3940 3785 ma-

2425 3833 2644 3905 xime
2722 3832 2791 3903 si
2842 3832 2915 3904 id
2974 3851 3135 3902 non
3194 3830 3597 3903 inclusum
3661 3830 3762 3902 sit
3827 3848 3942 3921 po·

2429 3948 2732 4024 sterius
2764 3945 2944 4039 ipsa
2994 3945 3262 4019 forma
3304 3946 3741 4038 impressa3
3784 3965 3945 4037 gra-

2428 4065 2545 4138 tia
2638 4068 2762 4137 est
2839 4062 3303 4156 hujusmodi
3396 4068 3762 4156 respectu
3840 4062 3943 4154 ju·

2428 4181 2701 4263 stitiae,
2764 4181 2892 4253 vel
2960 4179 3470 4254 rectitudinis
3537 4178 3940 4260 naturalis,

2427 4316 2652 4388 ergo.

2518 4413 2596 4486 Si
2643 4413 2998 4483 instetur
3038 4412 3327 4484 contra
3386 4410 3805 4502 majorem.
3848 4428 3945 4480 se·
3987 4438 4046 4487 An
4073 4433 4143 4497 nm

2426 4528 2771 4602 cundum
2827 4527 3441 4618 Hieronymum,
3498 4528 3698 4619 quod
3754 4529 3942 4599 Deus
3993 4500 4142 4629 &a

2427 4663 2586 4716 non
2638 4643 2908 4735 potest
2957 4641 3047 4713 de
3104 4660 3266 4713 non
3322 4642 3646 4733 virgine
3698 4640 3941 4713 faeere
3986 4626 4142 4685 ΨΜ

2428 4758 2859 4848 virginem,
2948 4760 3028 4829 et
3114 4760 3384 4829 tamen
3453 4774 3501 4826 a
3569 4755 3938 4851 principio

2431 4877 2699 4966 potest
2760 4893 3044 4945 creare
3122 4872 3585 4963 virginem;
3635 4892 3937 4966 respon-

2430 4991 2599 5073 deo,
2672 5010 2765 5062 ac
2818 4988 2931 5080 ipi
3000 4988 3075 5060 in
3194 4989 3509 5081 majore
3624 4990 3940 5082 qualem-

2433 5127 2775 5198 cumque
2835 5104 3268 5178 secundum
3347 5104 3694 5179 formam
3742 5106 3944 5177 abso·

2429 5222 2714 5303 lutam,
2776 5224 2858 5296 et
2930 5220 3044 5294 sic
3111 5240 3274 5293 non
3350 5225 3477 5295 est
3556 5220 3938 5300 instantia,

2435 5340 2622 5431 quia
2689 5336 3153 5431 accipiendo
3223 5337 3765 5429 quodcumque
3827 5336 3942 5408 ab·

2433 5454 2792 5527 solutum
2843 5452 3381 5545 importatum
3433 5473 3580 5545 per
3642 5450 3917 5542 virgini

2430 5573 2712 5653 tatem,
2761 5568 2930 5641 sive
2979 5568 3085 5643 sit
3128 5565 3522 5662 perfectio
3566 5570 3642 5642 in
3672 5573 3931 5650 mente,
