4255 6375
1301 378 1499 443 Dtffl'.
1535 379 1613 441 m
1685 378 2046 455 QUAES'HO
2093 378 2196 441 lv,

208 542 435 605 etiam
490 542 685 606 citant
740 542 986 605 Bedam
1026 548 1094 604 et
1186 540 1570 622 Dionysium
1627 539 1776 601 Car-

210 660 603 722 thuslanum
674 666 1051 722 asserentes
1124 658 1473 749 terminum
1550 656 1774 719 obser-

205 776 463 838 vantiae
531 774 765 855 legalis
846 772 1084 837 Judaeis
1162 774 1496 836 conversis
1566 771 1774 836 fuisse

205 893 534 971 positum,
611 891 930 972 quamdiu
1004 896 1210 953 staret
1289 893 1631 970 templum,
1709 897 1776 954 et

200 1010 540 1073 sacrificia
568 1009 1013 1091 Jerosolymis.

289 1126 798 1204 Responsiones
852 1125 937 1187 ad
1003 1129 1394 1205 argumenta
1466 1127 1774 1205 superius

140 1214 555 1323 'attigimus
630 1242 1019 1321 explicando
1096 1243 1602 1304 controversiam
1684 1243 1767 1306 de

140 1340 152 1372 l

197 1368 436 1425 morte
504 1362 841 1443 legalium,
911 1378 1055 1439 quae
1113 1363 1285 1423 clare
1365 1366 1433 1422 et
1493 1359 1768 1424 fundate

194 1478 310 1538 hic
388 1478 670 1554 explicat
741 1472 1014 1550 Doctor,=
1079 1494 1234 1539 nam
1292 1478 1768 1541 consummatio

194 1588 387 1652 facta
416 1591 483 1652 in
514 1592 719 1654 Cruce
768 1591 1174 1673 intelligitur,
1220 1592 1326 1652 vel
1379 1589 1461 1650 de
1505 1589 1583 1651 iis
1628 1607 1774 1668 quae

197 1707 287 1769 de
352 1707 514 1770 fillio
570 1708 850 1771 hominis
908 1713 1096 1771 erant
1150 1708 1415 1785 scripta,
1461 1713 1535 1770 ut
1588 1713 1773 1787 patet

197 1827 400 1888 Lucae
458 1826 550 1889 12.
613 1828 767 1887 Ecce
811 1826 1212 1888 ascendimus
1266 1823 1768 1899 lerosolymam,

192 1949 331 2004 etc.
405 1948 479 2005 et
534 1943 673 2003 aliis
739 1943 900 2004 locis
957 1956 1156 2018 supra
1215 1942 1448 2013 citatis,
1510 1941 1614 2001 vel
1679 1938 1763 2002 de

194 2065 789 2126 consummatione
833 2062 902 2124 in
949 2076 1172 2133 causa,
1202 2065 1277 2122 ut
1317 2062 1514 2122 etiam
1545 2061 1610 2122 S.
1649 2063 1765 2121 Bo-

195 2182 588 2240 naventura
637 2183 702 2239 et
762 2177 868 2238 alii
917 2192 1117 2254 supra
1160 2175 1335 2238 citati
1407 2177 1763 2253 explicant,

194 2310 342 2355 non
382 2299 610 2355 tamen
640 2294 702 2353 in
755 2291 1000 2355 effectu
1050 2290 1264 2353 donec
1308 2291 1416 2351 lex
1465 2291 1765 2367 promul·

196 2414 519 2490 garetur.

284 2531 710 2608 Argumenta
743 2529 932 2590 etiam
977 2527 1380 2605 principalia,
1426 2532 1501 2590 ut
1541 2526 1704 2591 illud
1753 2543 1768 2585 :

134 2616 146 2647 ι
201 2648 351 2708 Non
440 2646 585 2707 veni
634 2644 880 2705 solvere
934 2642 1159 2721 leqem,
1221 2644 1334 2706 sed
1385 2643 1768 2719 adimplere,

195 2763 608 2841 intelligitur
664 2762 1163 2835 universaliter;
1225 2763 1509 2839 primum
1571 2775 1766 2837 quan·

202 2885 351 2941 tum
424 2877 511 2940 ad
569 2878 862 2952 moralia,
912 2895 1055 2957 quae
1095 2883 1368 2940 manent
1412 2872 1771 2952 perfectius

200 2996 569 3074 explicata.
625 2995 960 3058 iudicialia
1019 2998 1293 3058 manent
1347 3009 1480 3056 non
1540 2992 1608 3054 in
1670 3007 1766 3064 se,

197 3114 323 3177 sed
411 3114 479 3176 in
529 3113 962 3194 aequivalenti,
1037 3115 1352 3192 quantum
1424 3108 1511 3171 ad
1567 3107 1770 3169 finem

202 3234 397 3312 pacis
451 3232 750 3311 publicae,
805 3247 949 3311 quae
994 3228 1351 3309 perfectius
1399 3244 1520 3306 per
1557 3229 1770 3290 Evan-

3300 380 3419 443 376

1879 539 2158 620 gelicam
2243 541 2461 622 legem
2539 546 2858 606 servatur.
2944 542 3428 606 Caeremonialia

1879 672 2014 719 non
2080 664 2347 720 manent
2389 658 2457 719 in
2513 675 2611 733 se,
2668 659 2790 721 sed
2860 659 2927 721 in
2996 660 3130 722 suis
3188 658 3431 738 signifi-

1886 778 2092 849 catis;
2177 792 2312 838 non
2400 776 2591 838 solvit
2662 774 3237 838 circumcisionem
3320 780 3434 837 aut

1883 892 2105 973 legem
2157 891 2377 973 quoad
2424 891 2737 965 fructum,
2786 892 2905 956 sed
2962 894 3163 956 multo
3229 893 3433 954 abun·

1885 1007 2144 1071 dantius
2199 1009 2263 1070 in
2321 1008 2699 1087 perfectiori
2754 1012 3011 1070 retenta
3069 1012 3189 1070 est.
3239 1007 3430 1087 Quod

1885 1125 2177 1187 Christus
2243 1123 2442 1187 fuerit
2503 1127 2951 1197 circumcisus,
2995 1122 3118 1187 fuit
3166 1130 3436 1203 propter

1888 1239 2428 1320 adimpletionem
2485 1243 2680 1323 legiS,
2755 1260 2899 1322 quae
2974 1249 3111 1306 tum
3183 1241 3436 1307 duravit

1885 1361 2241 1435 antequam
2288 1357 2410 1419 alia
2458 1361 2697 1419 statuta
2748 1361 2869 1430 est,
2923 1358 3017 1420 sic
3062 1358 3259 1419 etiam
3289 1374 3434 1437 quae

1880 1478 2067 1535 erant
2121 1473 2289 1553 legis
2348 1479 2616 1549 naturae,
2694 1472 3204 1552 perficiebantur
3261 1477 3429 1538 circa

1876 1592 2174 1671 Moysen,
2250 1591 2465 1654 donec
2518 1591 2625 1652 lex
2681 1593 2748 1653 in
2819 1592 2994 1654 Sinai
3068 1592 3217 1668 data
3293 1598 3426 1663 est3

1875 1708 2184 1788 intelligit
2237 1709 2320 1771 de
2390 1708 2741 1782 sacrificiis,
2804 1727 2937 1772 non
2992 1708 3075 1773 de
3133 1711 3428 1774 Circum-

1879 1837 2149 1910 clsione‚
2236 1840 2387 1915 quia
2469 1839 2728 1919 Moyses
2804 1840 3227 1901 circumcisus
3301 1844 3422 1902 est.

1878 1961 1978 2025 Ad
2006 1962 2379 2025 secundum
2412 1961 2647 2024 dicitur
2688 1962 2897 2026 foedus
2928 1965 3429 2041 sempiternum,

1878 2087 1985 2148 vel
2053 2104 2204 2149 cum
2278 2088 2652 2166 particulari
2742 2105 2994 2168 genere
3073 2089 3427 2165 Abraham,

1881 2213 2033 2293 quia
2104 2212 2283 2275 aliud
2366 2214 2746 2291 specialiter
2803 2232 2936 2277 non
2999 2212 3124 2277 fuit
3182 2212 3430 2290 datum,

1879 2337 1985 2399 vel
2029 2341 2236 2409 certe,
2265 2341 2341 2398 ut
2381 2337 2649 2415 quidam
2688 2339 2919 2400 volunt
2970 2355 3119 2401 cum
3165 2339 3432 2420 CyrilIO.

1877 2462 1999 2524 fuit
2054 2463 2530 2542 sempiternum
2609 2464 2822 2527 donec
2883 2481 2964 2526 ex
3021 2469 3255 2527 natura
3311 2481 3432 2526 sua

1880 2594 2327 2663 revocaretur,
2400 2605 2482 2650 ex
2564 2588 2822 2652 diversa
2903 2589 3303 2663 conditione,
3363 2594 3432 2653 et

1878 2721 2055 2778 statu
2122 2714 2389 2797 generis
2473 2715 2790 2793 humani3
2885 2721 2952 2777 et
3027 2715 3153 2778 hoc
3231 2715 3428 2778 etiam

1874 2844 2168 2906 insinuat
2216 2846 2484 2916 Doctor,
2547 2843 2654 2905 vel
2703 2842 3093 2922 intelligitur
3145 2846 3433 2922 aequiva-

1879 2969 2116 3044 lenter,
2176 2974 2251 3030 ut
2328 2967 2486 3032 dicit
2552 2970 2988 3048 AugustinuS,
3067 2969 3247 3048 quod
3325 2970 3432 3031 lex

1873 3110 2044 3159 nova
2100 3093 2224 3156 fuit
2265 3094 2577 3157 revelatio
2627 3095 2843 3157 verbis
2888 3095 3080 3175 legis,
3111 3096 3178 3158 in
3221 3112 3436 3175 eaque

1878 3226 2370 3300 continebatur,
2422 3225 2593 3286 sicut
2641 3223 2705 3285 in
2760 3223 3018 3288 semine
3073 3224 3352 3289 fructus.
