4255 6375
1335 427 1538 492 DIS'r.
1584 428 1686 490 111.
1737 428 2099 504 QUAES'HO
2156 430 2255 495 1V.

343 586 749 665 Quantum
792 588 886 660 ad
931 587 1289 681 primum
1329 589 1532 668 dico,
1596 589 1806 679 quod

259 700 664 775 institutio
734 705 1157 796 praecessit
1220 706 1806 798 promulgatio·

260 835 475 899 nem;
522 839 680 890 non
730 820 947 892 enirn
1003 821 1578 913 promulgatur
1643 820 1800 903 lex,

254 931 402 1002 nisi
451 933 715 1025 primo
760 935 866 1007 sit
897 936 1442 1011 determinata
1483 958 1530 1009 a
1569 938 1805 1027 legis-

255 1047 541 1131 latore,
596 1071 642 1121 a
711 1072 867 1142 quo
936 1050 1229 1127 habeat
1295 1054 1801 1138 firmitatem,

252 1166 355 1254 (et
423 1164 585 1238 ista
641 1168 1218 1270 determinatio
1289 1174 1563 1262 potest
1641 1171 1797 1243 dici

261 1280 724 1373 institutio)
775 1283 930 1357 nisi
993 1284 1242 1357 etiam
1297 1287 1396 1358 ab
1465 1288 1642 1379 ipso
1695 1290 1804 1362 sit

257 1396 618 1471 revelata
681 1398 927 1470 alicui
997 1404 1382 1492 tanquam
1447 1403 1801 1493 praeconi

254 1511 622 1594 solemni,
667 1518 748 1588 et
790 1515 940 1588 hoc
1011 1515 1080 1588 si
1140 1535 1285 1607 per
1344 1535 1801 1607 praeconem

255 1628 473 1701 illam
517 1630 875 1703 voluerit
930 1631 1469 1723 promulgari.

336 1748 450 1819 De
513 1746 664 1820 hac
735 1747 1286 1832 institutione,
1345 1749 1524 1821 dico
1592 1750 1798 1822 duo:

254 1864 556 1945 Primo,
605 1866 810 1957 quod
847 1870 1187 1958 propter
1218 1887 1395 1938 earn
1429 1887 1590 1938 non
1620 1871 1803 1942 erat

254 1980 806 2054 necessarium
851 1981 1340 2074 simpliciter
1369 1981 1797 2074 baptizari,

257 2095 455 2186 quod
503 2102 726 2188 patet
758 2099 800 2168 J
813 2116 990 2169 oan.
1037 2101 1144 2172 15.
1191 2101 1269 2165 Si
1308 2121 1442 2165 non
1480 2102 1800 2166 venissem

254 2225 311 2280 et
358 2218 615 2283 locutus
645 2220 742 2283 eis
782 2239 916 2284 non
953 2221 1253 2304 fuissem,
1295 2230 1632 2305 peccatum
1664 2241 1802 2286 non

184 2362 194 2392 ‚
254 2335 592 2400 haberent.
695 2335 813 2403 Ex
922 2354 1078 2424 quo
1182 2332 1397 2406 dicto
1484 2334 1798 2425 accipio

184 2424 231 2457 ‘¹‘
258 2449 498 2522 istam
548 2448 1216 2541 propositionem,
1275 2449 1480 2541 quod
1530 2450 1801 2522 nullus

184 2546 206 2584 ²·
253 2568 582 2636 tenetur
612 2565 706 2636 ad
768 2563 1087 2655 aliquod
1142 2569 1637 2658 praeceptum
1695 2564 1801 2637 di-

249 2681 552 2761 vinum,
602 2681 762 2755 nisi
806 2702 952 2773 per
1022 2682 1372 2774 aliquem
1426 2681 1800 2755 idoneum

252 2801 327 2870 et
365 2795 930 2871 authenticum
992 2798 1139 2869 sibi
1195 2796 1794 2891 promulgetur,

254 2914 372 2986 vel
443 2914 672 2986 fama
737 2914 1095 2986 veridica
1154 2916 1231 2986 et
1322 2912 1795 2986 testimonio

251 3030 674 3109 bonorum,
731 3029 861 3102 cui
902 3029 1131 3103 debet
1164 3028 1500 3121 quilibet
1551 3029 1800 3102 ratio-

250 3146 633 3221 nabiliter
663 3146 1033 3225 credere;
1097 3148 1176 3218 et
1220 3144 1369 3218 hoc
1426 3144 1795 3240 intelligo

247 3265 332 3336 de
369 3265 554 3356 lege
597 3262 975 3357 positiva,
1021 3283 1194 3354 quae
1245 3282 1404 3333 non
1445 3270 1570 3336 est
1603 3270 1798 3338 nota

249 3379 594 3453 interius
664 3378 744 3450 in
810 3379 1074 3450 corde.
1149 3379 1331 3449 Non
1400 3397 1599 3469 ergo
1659 3400 1800 3470 per

250 3498 506 3569 solam
541 3497 787 3569 istam
840 3493 1447 3568 institutionem
1498 3515 1799 3587 praece-

246 3613 564 3688 dentem
597 3610 1345 3706 promulgationem
1384 3611 1800 3703 obligatur

249 3731 592 3824 populus
623 3729 1091 3802 necessario
1131 3728 1224 3799 ad
1255 3728 1794 3821 Baptismum,

249 3851 324 3920 et
384 3846 541 3920 hoc
592 3845 944 3918 maxime
983 3845 1076 3917 de
1127 3844 1286 3916 isto
1357 3850 1794 3937 praecepto,

253 3966 435 4056 quia
474 3969 660 4038 erat
692 3964 1253 4039 tantummodo
1305 3963 1794 4056 positivum;

255 4081 438 4155 illud
490 4084 765 4154 autem
817 4078 1261 4172 positivum
1332 4080 1539 4170 quod
1602 4099 1801 4171 prae-

254 4197 498 4273 cessit
530 4196 621 4268 de
646 4193 1312 4274 Circumcisione,
1341 4213 1500 4266 non
1531 4193 1800 4269 debuit

256 4314 531 4388 statim
572 4311 901 4394 dimitti,
938 4332 1036 4383 ex
1078 4332 1231 4404 quo
1266 4316 1582 4384 certum
1615 4310 1794 4395 fuit,

257 4430 451 4523 quod
505 4450 551 4502 a
581 4430 749 4503 Deo
791 4424 1060 4500 fuerat
1105 4427 1603 4511 institutum,
1641 4427 1800 4501 nisi

256 4544 497 4617 etiam
531 4542 938 4616 certitudo
980 4542 1214 4614 fieret
1275 4541 1468 4615 illud
1529 4564 1800 4616 secun·

257 4663 434 4735 dum
477 4661 732 4734 fuisse
781 4661 1056 4735 datum
1094 4679 1140 4731 a
1179 4661 1391 4742 Deo;
1448 4660 1618 4734 haec
1666 4681 1797 4733 au-

264 4783 415 4851 tem
462 4777 859 4852 certitudo
912 4776 1005 4849 de
1047 4776 1390 4849 secundo
1439 4798 1599 4849 non
1670 4799 1800 4871 po-

263 4898 466 4968 terat
528 4893 811 4966 haberi
896 4894 1066 4966 sine
1136 4894 1800 4986 promulgatione

264 5010 753 5086 authentica.

344 5126 698 5199 Secundo
740 5125 942 5205 dico,
982 5125 1187 5217 quod
1241 5123 1797 5216 promulgatio

184 5245 241 5290 Ψ·
267 5243 492 5335 liujus
588 5241 1099 5316 Sacramenti
1177 5245 1502 5333 poterat
1613 5242 1801 5333 poni

184 5353 223 5402 ¹¹³
269 5360 568 5452 dupleX,
634 5379 792 5430 una
853 5378 996 5451 per
1048 5358 1369 5430 modum
1429 5356 1795 5440 consilii;

184 5452 231 5526 3³
272 5477 422 5548 alia
454 5497 597 5571 per
637 5476 960 5549 modum
1006 5474 1416 5566 praecepti.
1465 5475 1634 5546 Hoc
1669 5494 1801 5544 au-

185 5625 248 5658 va.
277 5598 429 5667 tem
492 5595 646 5670 fuit
717 5611 1197 5685 congruum,
1262 5590 1468 5682 quod
1533 5589 1802 5682 primo

3336 426 3452 491 343

1919 592 2592 682 promulgaretur
2632 613 2778 685 per
2827 593 3146 666 modurn
3199 589 3467 665 consi-

1925 706 2036 789 lii,
2075 714 2418 799 propter
2448 708 2654 780 duo:
2713 709 3016 790 Primo,
3082 706 3270 800 quia
3339 707 3468 778 lex

1925 824 2438 913 Evangelica,
2470 845 2645 915 quae
2677 828 2801 897 est
2839 821 3461 915 perfectissima,

1920 958 2076 1010 non
2142 940 2411 1014 debuit
2454 940 3069 1033 praecipitanter
3128 940 3461 1031 imponi,

1919 1058 2051 1129 sed
2094 1056 2462 1129 homines
2510 1059 2773 1150 primo
2809 1058 2904 1129 ad
2940 1057 3166 1129 illam
3214 1056 3463 1139 allici,

1920 1174 2338 1247 cadentem
2388 1174 2665 1248 ‘adhuc
2728 1175 2873 1246 sub
2939 1173 3312 1254 consilio,
3380 1178 3468 1246 ut

1918 1295 2203 1384 postea
2243 1291 2724 1365 exercitatis
2761 1293 3035 1385 posset
3077 1290 3224 1361 sub
3268 1309 3472 1381 prae-

1915 1411 2151 1499 cepto
2205 1407 2539 1500 imponi.
2614 1407 3000 1489 Secundo,
3077 1406 3266 1498 quia
3337 1406 3466 1478 lex

1912 1529 2149 1596 vetus
2191 1544 2353 1595 non
2391 1527 2572 1596 erat
2608 1524 2844 1603 mala,
2893 1523 3100 1596 sicut
3142 1524 3265 1594 est
3308 1523 3465 1596 ido-

1916 1639 2278 1723 lolatria,
2332 1644 2412 1714 et
2463 1641 2637 1713 ideo
2680 1660 2839 1712 non
2879 1639 3148 1712 debuit
3196 1638 3463 1710 subito

1916 1757 2230 1851 repelli,
2280 1757 2359 1829 in
2389 1755 2542 1829 hoc
2575 1756 2783 1828 enirn
2834 1752 3123 1829 fuisset
3193 1754 3462 1847 repul-

1914 1894 2003 1946 sa
2037 1875 2266 1968 quasi
2305 1875 2546 1947 mala.
2604 1874 2749 1947 Sed
2791 1873 3059 1946 debuit
3107 1877 3459 1965 Synago·
3513 1877 3782 1991 Sygggffia

1914 2011 2016 2084 ga
2057 2012 2241 2065 cum
2278 1991 2585 2063 honore
2627 1990 2981 2082 sepeliri,
3040 1994 3127 2063 ut
3199 1994 3459 2062 osten·
3538 2003 3755 2068 sepelliri

3597 2080 3709 2115 Cum

1911 2107 2244 2178 deretur
2293 2102 2542 2177 fuisse
2611 2105 2820 2177 bona
2903 2124 3046 2196 pro
3090 2108 3462 2195 tempore
3536 2127 3742 2177 honoro.

1917 2242 2089 2292 suo.
2165 2220 2591 2314 Impositio
2688 2224 2961 2294 autem
3060 2218 3462 2307 Baptismi

1917 2359 2061 2431 per
2113 2339 2436 2410 modum
2526 2337 2964 2431 praecepti,
3036 2335 3463 2411 evacuatio

1912 2455 2064 2529 fuit
2107 2454 2800 2539 Circumcisionis‚
2863 2456 3153 2528 saltem
3217 2475 3464 2547 quan-

1912 2579 2085 2646 tum
2146 2573 2239 2644 ad
2302 2571 2901 2645 necessitatem.
2968 2570 3259 2646 Debuit
3328 2592 3457 2643 au-

1911 2691 2074 2759 tem
2110 2688 2539 2778 aliquando
2604 2686 2828 2778 sequi
2903 2685 3458 2778 promulgatio

1915 2824 2055 2896 per
2103 2805 2425 2876 modum
2494 2800 2908 2895 praecepti,
2966 2801 3154 2893 quia
3215 2800 3460 2874 aliter

1912 2942 2321 3015 nunquam
2365 2921 2700 2994 haberet
2742 2921 2868 2993 lex
2916 2919 3077 2992 ista
3115 2918 3463 2991 firmita-

1914 3047 2101 3124 tem,
2209 3041 2334 3112 vel
2448 3038 3050 3120 necessitatem,
3165 3036 3458 3113 saltem

1914 3162 2298 3252 quantum
2348 3157 2442 3229 ad
2477 3155 2666 3229 illud
2722 3158 3368 3229 Sacramentum.

2005 3281 2100 3349 Et
2154 3277 2594 3350 notandum
2666 3274 3188 3365 generaliter,
3250 3274 3456 3366 quod
3508 3287 3790 3341 Consilium

1916 3393 2474 3489 promulgatio
2534 3391 2754 3465 facta
2808 3391 2900 3463 de
2931 3391 3285 3465 consilio
3352 3390 3461 3464 di·
3503 3356 3790 3482 otnsssslad

1914 3514 2126 3596 vino,
2194 3510 2495 3601 obligat
2556 3509 2650 3581 ad
2718 3528 2876 3581 non
2947 3496 3809 3593 contemnen-oontssssnnen-

1912 3630 2125 3702 dum.
2217 3626 2365 3709 Qui
2442 3624 2657 3698 enim
2748 3622 3180 3696 consilium
3277 3606 3798 3737 con-prsscffihm

1913 3743 2258 3825 temnit,
2342 3739 2791 3813 contemnit
2870 3739 3453 3822 consulentem,
3518 3738 3783 3847 obsggm,

1912 3861 2392 3952 inquantum
2451 3856 3035 3935 consulentem,
3117 3862 3197 3929 et
3285 3855 3458 3929 ideo
3578 3861 3712 3910 dum·

1912 3978 2195 4051 nolens
2240 3993 2573 4047 servare
2613 3974 3046 4046 consilium
3100 3973 3461 4047 divinum

1915 4091 2550 4184 Evangelicum,
2632 4089 2863 4182 quasi
2938 4094 3461 4163 contemnens

1914 4209 2107 4283 illud
2210 4213 2596 4299 tanquam
2724 4203 3292 4279 irrationabile
3384 4209 3465 4279 et

1915 4325 2538 4404 infructuosum,
2623 4327 2903 4415 peccat
2933 4321 3460 4414 [mortaliter.

1911 4441 2133 4513 Unde
2184 4440 2502 4513 videant
2592 4438 3053 4510 mordentes
3124 4456 3465 4530 pauper-

1917 4563 2170 4632 tatem
2216 4555 2936 4647 Evangelicam,ne
2977 4553 3189 4626 forte
3233 4557 3462 4643 (cum

1914 4675 2177 4748 nolint
2255 4693 2616 4756 servare,
2690 4670 2878 4763 quia
2946 4691 3104 4743 non
3145 4674 3272 4743 est
3332 4690 3457 4741 ne-

1915 4791 2413 4879 cessarium)
2444 4792 2993 4869 contemnant,
3033 4788 3219 4879 quia
3252 4787 3460 4860 tales

1913 4911 2521 4983 contemnentes
2562 4907 2688 4979 vel
2761 4906 3454 4999 parvipendentes,

1912 5029 2441 5099 contemnunt
2518 5024 2980 5100 Christum,
3054 5011 3187 5115 qui
3255 5022 3460 5095 hanc

1916 5143 2178 5216 suasit
2236 5140 2659 5213 observari
2701 5145 3087 5232 tanquam
3135 5140 3465 5212 merito-

1917 5259 2126 5330 riam
2161 5262 2241 5330 et
2274 5257 2556 5330 utilem
2591 5257 2683 5328 ad
2746 5257 3001 5328 vitam
3036 5261 3460 5337 aeternam,

1919 5381 2004 5447 nt
2064 5374 2411 5446 habetur
2471 5377 2541 5440 in
2598 5375 2663 5444 6.
2739 5376 2850 5440 lib.
2905 5374 2988 5440 de
3034 5376 3212 5440 verb.
3283 5376 3458 5460 siqu.

1919 5487 2483 5580 promulgatio
2578 5491 2849 5560 autem
2923 5508 3064 5580 per
3138 5487 3460 5558 modum

1920 5609 2306 5700 praecepti
2375 5605 2679 5699 obligat
2749 5625 2908 5676 non
3022 5603 3286 5676 solum
3364 5605 3458 5675 ad
