4255 6375
1373 451 1571 514 DlS'r.
1636 451 1734 513 lv.
1770 450 2135 527 QnAES'rto
2183 455 2228 516 l.

182 627 335 689 cap.
405 614 468 673 7.
530 614 822 675 Justinus
878 612 945 674 in
1005 618 1245 693 quaest.
1314 612 1412 674 56.
1481 614 1766 689 Infantes

184 737 383 811 diqni
403 743 553 798 sunt
603 737 922 814 Baptismi
949 738 1323 809 commodis,
1349 736 1479 812 lide
1507 752 1760 808 eorum,

187 856 312 929 qm·
351 838 512 915 i'ltos
551 855 641 917 ad
689 858 1090 933 Baptz'smum
1136 856 1437 929 offerant.
1485 856 1763 916 trenaeus

188 967 302 1029 tib.
359 970 428 1029 2.
481 986 535 1030 c.
582 970 682 1032 39.
738 970 1060 1050 Origenes
1103 971 1274 1031 hom.
1337 970 1396 1030 8.
1452 972 1521 1031 in
1569 970 1759 1032 Levit.

189 1098 521 1146 asserens
565 1085 970 1163 Baptismum
1014 1087 1315 1148 Ecclesiae
1366 1087 1506 1148 dari
1550 1086 1615 1146 in
1664 1100 1763 1145 re-

193 1199 591 1262 missionem
662 1208 1085 1278 peccatorum
1168 1203 1362 1264 etiam
1410 1200 1762 1263 infantibus

197 1315 281 1375 oh
315 1322 674 1391 peccatum
705 1319 1023 1397 originale
1052 1320 1273 1381 homil.
1310 1320 1402 1381 14.
1423 1320 1489 1380 in
1538 1321 1764 1382 eadem

142 1476 174 1511 s.
202 1439 258 1492 et
285 1433 404 1494 cib.
440 1435 506 1494 5.
539 1436 606 1495 in
634 1452 775 1512 cap.
817 1435 878 1496 6.
926 1440 1014 1499 ad
1055 1439 1326 1498 Roman.
1370 1437 1764 1499 Athanasius

202 1552 430 1622 quaest.
487 1550 619 1610 124.
695 1550 967 1611 Basilius
1030 1550 1255 1611 homil.
1331 1552 1424 1613 13.
1485 1568 1626 1628 quae
1674 1556 1762 1611 est

203 1666 581 1728 exhortatio
647 1671 737 1729 ad
785 1671 1205 1744 Baptismum,
1266 1668 1515 1730 docens
1564 1682 1762 1731 omne

205 1788 480 1859 tempus
510 1788 578 1845 et
607 1788 810 1844 totam
839 1788 1106 1845 aetatem
1137 1784 1417 1847 hominis
1467 1801 1616 1848 esse
1648 1802 1758 1847 ac-

205 1898 699 1959 commodatam
729 1900 1086 1975 Baptismo.
1115 1900 1558 1961 Nazianzenus
1591 1905 1759 1961 orat.

198 2014 299 2076 40.
333 2014 706 2093 Cyprianus
736 2019 916 2093 epist.
949 2019 1049 2081 59.
1083 2018 1461 2080 Ambrosius
1513 2017 1623 2080 tib.
1667 2018 1759 2078 10.

203 2132 387 2206 epist.
460 2133 561 2194 84.
622 2135 689 2195 in
759 2152 901 2210 cap.
968 2139 1021 2198 l.
1083 2137 1263 2195 Lucae
1331 2137 1408 2197 de
1465 2136 1763 2211 mysterio

204 2248 496 2317 Paschae,
553 2266 690 2324 cap.
751 2249 809 2311 5.
873 2250 1159 2329 Syricius
1220 2256 1403 2326 epist.
1450 2250 1510 2312 5.
1571 2266 1624 2311 c.
1706 2252 1758 2311 l.

207 2362 648 2443 Hieronymus
680 2364 821 2427 loco
864 2368 1079 2439 citata,
1107 2372 1162 2427 et
1210 2367 1390 2442 epist.
1422 2368 1482 2428 7.
1517 2371 1605 2430 ad
1629 2369 1763 2428 Lae·

205 2485 360 2540 tam.
395 2480 803 2558 Augustinus
844 2482 1037 2543 variis
1081 2482 1145 2543 in
1178 2482 1361 2551 locis,
1411 2487 1485 2544 ut
1538 2483 1652 2545 lib.
1708 2486 1761 2546 l.

207 2599 434 2655 contra
499 2600 888 2670 Donatistas,
949 2615 1003 2659 c.
1067 2599 1170 2659 23.
1228 2603 1285 2660 et
1335 2598 1437 2661 24.
1497 2606 1555 2661 et
1611 2599 1768 2661 locis

207 2727 413 2786 supra
442 2714 660 2773 citatis
687 2715 864 2789 epist.
896 2714 996 2775 28.
1046 2717 1134 2775 ad
1172 2716 1431 2777 Hieron.
1484 2719 1563 2778 de
1611 2719 1762 2778 Gen.

209 2829 291 2886 ad
360 2829 673 2896 litteram,
747 2828 859 2889 tib.
940 2829 1031 2890 10.
1095 2846 1149 2891 c.
1209 2831 1308 2891 23.
1359 2829 1643 2891 Concilia
1702 2835 1770 2893 et

214 2958 446 3003 omnes
508 2942 751 3014 PatreS,
818 2949 943 3005 tam
1005 2944 1208 3006 Graeci
1265 2961 1463 3024 quam
1536 2947 1763 3022 Latini,

219 3063 542 3136 quotquot
571 3059 977 3136 scripserunt
1027 3060 1111 3121 de
1158 3061 1282 3122 hac
1332 3063 1603 3123 materia
1652 3064 1767 3124 Ba-

218 3176 460 3251 ptismi,
535 3173 1022 3256 Carthaginem.
1111 3178 1182 3240 V.
1277 3179 1767 3261 Millevitanum,

221 3293 665 3355 Bracharense
724 3293 795 3354 ll.
850 3293 1331 3354 Matisconense
1384 3296 1454 3356 ll.
1508 3296 1769 3358 Toleta-

223 3425 371 3469 num
403 3410 539 3470 ΧΗ.
583 3405 945 3471 Concilium
994 3409 1312 3483 Metense,
1369 3412 1764 3474 Lateranen·

223 3541 316 3599 se,
347 3527 749 3598 viennense,
783 3543 858 3587 ac
904 3526 1361 3589 'tridentinum
1391 3545 1536 3590 sess.
1586 3529 1645 3592 7.
1693 3534 1771 3593 de

227 3642 548 3717 Baptismo
587 3658 729 3704 can.
790 3643 882 3703 14.
927 3647 995 3704 et
1022 3661 1167 3704 sess.
1201 3646 1263 3707 5.
1300 3661 1442 3705 can.
1478 3647 1537 3706 4.
1574 3645 1768 3728 Priori

226 3755 362 3820 loco
389 3760 742 3822 damnatur
761 3764 1086 3823 sententia
1115 3778 1362 3834 eorum,
1392 3764 1499 3840 qui
1524 3772 1774 3843 negant

229 3871 651 3949 baptizandos
694 3877 1023 3953 parvulos.
1060 3878 1134 3938 Et
1166 3884 1344 3939 certe
1377 3882 1611 3942 veritas
1639 3880 1772 3942 haec

235 3987 315 4048 ita
336 3991 578 4065 passim
611 4008 647 4053 a
681 3992 1090 4064 DoctoribuS,
1130 3993 1447 4068 Patribus,
1473 3995 1775 4059 Conciliis

238 4106 425 4180 atque
457 4105 874 4168 Pontificibus
905 4110 1216 4170 continua
1261 4109 1608 4172 traditione
1655 4111 1770 4173 de·

239 4211 466 4292 finitur,
524 4226 599 4280 ut
664 4220 900 4282 mirum
956 4223 1038 4282 sit
1095 4238 1223 4299 qua
1293 4220 1508 4285 fronte
1579 4224 1777 4303 aliqui

240 4328 470 4398 fuerint
496 4338 637 4398 ausi
669 4337 1144 4402 contradicere.
1196 4341 1288 4401 Ex
1339 4340 1527 4403 dictis
1554 4346 1779 4403 autem

249 4450 368 4509 tarn
415 4453 773 4514 necessitas
824 4469 1022 4532 quam
1078 4457 1509 4536 congruentia
1559 4460 1776 4537 Bapti-

249 4567 358 4627 smi
385 4571 803 4646 parvulorum
837 4577 1037 4648 patet.
1447 4650 1457 4661 ι

322 4686 407 4743 Art
447 4687 790 4763 Baptizari
814 4689 1129 4762 parvulos
1183 4691 1263 4749 sit
1310 4693 1377 4751 in
1413 4696 1783 4768 praecepto?

165 4801 230 4898 *53¹¹
255 4794 446 4876 Aliqui
491 4800 792 4865 dubitant
827 4808 1225 4874 asserentes,
1275 4809 1439 4869 circa
1480 4807 1604 4869 hoc
1649 4823 1781 4869 non

167 4927 206 4960 s.
258 4909 514 4981 inveniri
582 4918 851 4998 aliquod
941 4926 1351 4997 praeceptum
1434 4922 1785 5000 positivum

258 5023 561 5106 Ecclesiae,
653 5032 773 5094 sed
866 5037 1413 5099 consuetudinem
1484 5038 1784 5101 obtinere

259 5142 375 5206 vim
401 5152 722 5229 praecepti.
775 5149 1092 5213 Caeterum
1142 5153 1400 5217 videtur
1438 5164 1785 5220 consuetu-

267 5255 338 5321 do
400 5263 663 5329 fundata
712 5284 859 5330 esse
929 5270 996 5330 in
1051 5276 1399 5346 praeceptO,
1462 5273 1640 5348 quod
1700 5273 1786 5336 ad

169 5413 240 5452 μς..
270 5377 654 5444 traditionem
734 5384 1175 5462 Apostolicam
1255 5385 1485 5448 referri
1558 5387 1781 5451 debet.

271 5491 432 5558 Unde
460 5500 896 5562 Nazianzenus
926 5500 1644 5565 suinitfundamentum
1678 5507 1787 5566 ba-

273 5607 524 5681 ptizandi
554 5619 858 5697 parvulos
906 5634 989 5680 ex
1038 5624 1359 5698 praecepto
1394 5619 1476 5681 de
1508 5619 1784 5682 Circum-

3309 461 3426 521 387

1874 615 2148 688 cisione,
2196 614 2377 694 quod
2424 621 2572 694 post
2602 618 2960 696 septimum
3006 619 3176 683 diem
3222 637 3430 701 urge-

1875 730 2002 795 bat.
2043 729 2221 792 idem
2254 730 2446 794 docet
2475 734 2878 813 Augustinus
2908 736 3020 798 lib.
3053 739 3124 814 21.
3173 741 3252 800 de
3301 741 3431 800 Ba-

1867 849 2121 921 ptismo,
2176 865 2318 924 cap.
2369 850 2472 910 24.
2531 858 2586 911 et
2634 856 2813 926 epist.
2860 853 2960 914 28.
2997 855 3087 914 ad
3112 856 3429 933 Hierony-

1872 978 2073 1032 mum,
2141 970 2196 1023 et
2254 963 2359 1043 de}
2390 967 2540 1027 Gen.
2601 967 2687 1026 ad
2754 965 3062 1043 litteram,
3139 969 3248 1031 lib.
3332 973 3422 1033 10.

1872 1095 2016 1155 cap.
2073 1079 2168 1139 13.
2200 1076 2449 1155 {dicens
2504 1094 2652 1140 esse
2703 1081 3119 1145 traditionem
3148 1083 3428 1161 {Aposto-

1871 1192 2062 1254 licam
2098 1212 2111 1253 ε
2150 1198 2572 1267 ConsuetudO,
2607 1197 2841 1275 inquit,
2874 1202 3105 1259 matris
3134 1200 3429 1261 Ecclesz'ae
3470 1269 3491 1285 .
3691 1271 3699 1280 ,
3732 1263 3741 1273 ,

1869 1310 1938 1370 in
1977 1310 2385 1385 baptizandis
2422 1314 2745 1386 parvulis,
2797 1331 3204 1392 nequaquam
3245 1331 3425 1391 sper·
3452 1268 3777 1395 &gog-333⁰

1871 1427 2080 1485 nenda
2109 1424 2457 1502 est,‘'neque
2487 1427 2624 1488 ullo
2655 1431 2843 1489 modo
2874 1430 3206 1508 superflua
3237 1433 3425 1508 depu-

1869 1541 2090 1611 tanda,
2139 1558 2251 1602 nec
2306 1544 2947 1622 omnz'nojcredenda,
3003 1548 3130 1607 nisi
3174 1552 3427 1623 Aposto-

1873 1653 2001 1715 lica
2043 1660 2198 1716 esset
2230 1657 2522 1718 traditae.
2569 1659 2643 1719 Et
2674 1659 2865 1734 epist.
2910 1659 3016 1719 illa
3058 1659 3160 1721 28.
3200 1663 3431 1722 Beatus

1878 1772 2240 1847 Cyprianus
2290 1788 2411 1831 non
2461 1772 2735 1847 aliquod
2780 1777 3108 1835 decretum
3160 1777 3435 1836 condens

1873 1901 2130 1956 novum,
2162 1884 2311 1963 [sed
2373 1887 2666 1949 Ecclesiae
2716 1889 2910 1964 fidem
2978 1889 3425 1963 firmissimam

1873 2017 2154 2070 servans,
2190 2004 2277 2062 ad
2314 2004 2732 2078 corriqendos
2778 2020 2906 2074 eos,
2957 2006 3074 2080 qm·
3109 2003 3426 2089 puta-bant

1873 2123 2021 2178 ante
2058 2122 2350 2179 octavum
2384 2119 2554 2179 diem
2584 2121 2940 2182 nativitatis
2968 2136 3093 2180 non
3124 2136 3252 2180 esse
3275 2136 3429 2196 par·

1871 2237 2096 2298 vntum
2181 2236 2661 2314 baptizandum,
2743 2254 2872 2298 non
2951 2252 3237 2310 carnem,
3317 2239 3431 2298 sed

3474 787 3748 853 Augustin.

1875 2359 2402 2425 animamidioeit
2473 2377 2603 2421 esse
2655 2361 3078 2435 perdendam,
3149 2363 3206 2418 et
3270 2374 3431 2419 mox

1876 2484 2101 2537 natum
2143 2478 2265 2535 rite
2313 2477 2645 2552 baptizari
2682 2492 2862 2549 posse
2915 2491 3063 2537 cam
3103 2476 3237 2535 suis
3279 2476 3420 2549 qui-

1875 2597 2145 2660 busdam
2196 2598 2596 2673 coepiscopis
2641 2599 2904 2658 censuit.

1958 2715 2090 2774 lloc
2122 2712 2467 2773 decretum
2510 2712 2791 2774 habetur
2819 2709 2998 2789 apud
3029 2710 3429 2791 Cyprianum
3581 2742 3661 2791 10.

1878 2833 2056 2908 epist.
2121 2829 2224 2891 59.
2285 2837 2747 2910 argumentum
2796 2832 3165 2890 sumentem
3210 2844 3248 2889 a
3291 2828 3425 2888 Cir-

1881 2945 2306 3016 cumcisione,
2354 2961 2494 3023 quae
2527 2941 2632 3003 die
2668 2948 2898 3003 octavo
2930 2940 3133 3004 fiebat
3164 2958 3246 3003 ex
3277 2957 3432 3019 prae·

1886 3066 2121 3139 cepto;
2159 3063 2314 3121 Can.
2346 3062 2446 3122 85.
2480 3060 2545 3120 in
2582 3059 2796 3121 Trullo
2850 3056 3147 3119 decernit
3190 3072 3435 3134 pueros

1880 3178 2331 3257 baptizandos,
2404 3176 2488 3239 de
2561 3191 2834 3258 quorum
2909 3174 3240 3254 Baptismo
3298 3190 3434 3237 non

1882 3301 2160 3368 constat,
2196 3311 2417 3373 neque
2439 3295 2877 3358 testimonium
2912 3291 3142 3354 haberi
3172 3296 3430 3368 potest3

1880 3410 1948 3474 id
1979 3412 2190 3489 ipsum
2228 3409 2517 3474 decrevit
2544 3410 2723 3489 prius
2740 3409 3123 3490 {Concilium
3163 3409 3430 3471 Cartha-

1878 3529 2159 3608 ginense
2205 3529 2275 3585 V.
2310 3544 2451 3604 cap.
2485 3527 2547 3588 6.
2582 3527 2771 3606 cujus
2799 3528 2907 3588 ille
2941 3533 3037 3588 est
3076 3526 3327 3597 Canon,
3360 3529 3431 3584 ut
3454 3556 3780 3621 Carthag.v.

1879 3650 2058 3706 recte
2100 3643 2793 3706 advertitTheodorus
2833 3643 3201 3704 Balsamon.
3252 3641 3431 3703 idem

1883 3761 2178 3825 decrevit
2217 3761 2577 3823 Concilium
2636 3761 3120 3823 Wormatiense
3150 3777 3292 3837 cap.
3326 3759 3428 3821 70.
3513 3744 3754 3850 mmm-

1883 3882 2266 3941 llincmarus
2296 3878 2682 3940 Rliemensis
2710 3876 2795 3938 ad
2829 3878 3234 3939 Hincmarum
3279 3877 3431 3937 Lau·
3461 3850 3786 3957 Ηίξξξὲᾆῗω,

1885 3994 2279 4066 dunensem,
2334 3993 2795 4070 prohibentem
2863 3991 3148 4054 infantes
3220 3992 3440 4069 bapti-

1885 4112 2035 4181 zari,
2083 4111 2485 4187 improperat
2534 4107 2616 4169 id.
2658 4123 2996 4185 nunquam
3039 4109 3106 4168 in
3149 4106 3440 4168 Ecclesia

1887 4228 1969 4287 ab
1998 4226 2131 4287 ullo
2177 4229 2503 4286 tentatum
2533 4240 2707 4295 esse,
2741 4239 3124 4302 proponens
3157 4225 3214 4285 ei
3249 4237 3445 4300 regu-

1887 4344 2017 4403 lam
2046 4340 2573 4403 Ecclesiasticam
2616 4356 2654 4400 a
2706 4341 2903 4402 Beato
2965 4339 3210 4420 Syricio
3270 4338 3448 4415 Papa

1890 4462 1953 4521 in
1985 4459 2102 4519 hos
2137 4458 2479 4534 prolatam.
2515 4458 2652 4519 llaec
2693 4461 2914 4517 autem
2960 4455 3188 4535 regula
3235 4454 3446 4516 habe-

1896 4581 1998 4636 tur
2027 4574 2089 4634 in
2137 4573 2405 4649 epistola
2438 4571 2664 4651 Syricii
2694 4570 2779 4632 ad
2813 4569 3121 4632 eumdem
3153 4570 3452 4631 Hinc-ma-

1892 4706 2037 4751 rum
2081 4690 2544 4751 Rhemensem.
2593 4685 2779 4749 Unde
2832 4690 3064 4749 merito
3123 4686 3445 4748 Tridenti-

1893 4823 2052 4868 num
2100 4804 2298 4867 docet
2342 4821 2490 4867 esse
2537 4804 2957 4866 traditionem
3001 4801 3450 4881 Apostolicam

1895 4941 2042 4986 sess.
2075 4925 2135 4984 5.
2171 4940 2314 4983 can.
2348 4923 2410 4982 4.

1976 5042 2239 5104 Statutis
2283 5045 2506 5101 autem
2547 5038 2803 5111 diebuS,
2851 5044 3028 5101 extra
3059 5037 3451 5116 periculum,

1896 5160 1960 5219 in
2001 5157 2397 5237 quibusdam
2439 5156 2749 5218 Ecclesiis
2792 5158 3158 5234 Baptismus
3206 5169 3447 5232 parvu-

1896 5278 2106 5337 lorum
2138 5275 2360 5348 fiebat,
2394 5281 2465 5336 ut
2495 5279 2675 5351 patet
2714 5291 2797 5336 ex
2844 5274 3110 5336 decreto
3156 5271 3441 5334 Matisco·
3469 5282 3802 5340 matisconen.

1898 5395 2085 5455 nensi
2132 5409 2276 5468 cap.
2325 5393 2383 5454 3.
2433 5397 2659 5453 Omnes
2702 5392 2985 5462 omnino,
3016 5389 3248 5466 inquit,
3277 5389 3450 5451 adie

1898 5511 2405 5586 quadraqesima
2435 5524 2583 5570 cum
2621 5509 2981 5583 infantibus
3022 5508 3156 5568 suis
3204 5510 3293 5570 ad
3341 5509 3454 5567 Ec·

1897 5624 2164 5685 clesiam
2202 5623 2542 5684 observare
2574 5622 3016 5699 praecipimus,
3065 5626 3133 5682 ut
3178 5622 3442 5698 imposi-
