4255 6375
1361 440 1560 505 ms'r.
1607 439 1708 502 lv,
1757 437 2119 515 QUAESTIO
2155 436 2256 498 lv,

152 635 168 668 ι
217 628 468 674 sensum
501 615 566 672 et
593 625 730 671 non
774 623 1194 671 consensum.
1244 606 1459 676 DiceS,
1506 602 1741 664 saltem

224 728 505 808 requiriri
582 742 979 787 consensum
1065 729 1429 802 parentum,
1507 720 1594 779 ita
1671 722 1745 778 ut

219 847 361 907 alias
419 842 787 920 Baptismus
845 839 1030 900 fieret
1086 837 1335 903 nullus:
1401 835 1485 893 ita
1544 832 1744 892 sentit

215 950 545 1013 Durandus
575 952 641 1009 in
671 948 728 1005 4.
774 948 916 1008 dest.
957 946 1016 1005 4.
1079 948 1292 1020 quoest.
1347 944 1407 1003 7.
1463 937 1736 1000 Paluda-

211 1082 321 1129 nus
378 1070 592 1141 quaest.
629 1065 689 1125 4.
725 1063 1111 1124 catherinus
1141 1058 1445 1136 opusculo
1504 1057 1580 1116 de
1636 1057 1732 1114 in-

203 1180 479 1258 fantibus
512 1178 884 1237 ludaeorum
909 1173 1312 1251 baptizandis
1331 1191 1350 1243 ‚·
1377 1170 1443 1230 hi
1490 1170 1739 1246 negant

153 1296 356 1387 ¹filios
427 1289 813 1365 infidelium,
864 1291 976 1368 qui
1045 1303 1179 1351 non
1233 1293 1386 1347 sunt
1439 1285 1561 1345 sub
1621 1300 1740 1357 po-

152 1404 183 1450 ¹0
212 1418 430 1473 testate
481 1409 993 1471 Christianorum
1026 1405 1324 1483 recipere
1359 1403 1736 1464 Sacramen-

153 1504 163 1526 ’
205 1536 322 1589 tum
365 1525 602 1598 valide,
649 1526 792 1587 sine
826 1538 1155 1585 consensu
1185 1538 1366 1592 ver0,
1402 1523 1515 1578 aut
1542 1520 1739 1577 inter*

152 1628 175 1702 L.
207 1644 511 1721 pretativo
562 1647 937 1721 parentum,
992 1641 1143 1717 quia
1193 1637 1494 1698 voluntas
1535 1634 1737 1711 patris

206 1766 536 1839 reputatur
586 1760 892 1822 voluntas
948 1756 1081 1827 filii,
1133 1757 1244 1833 qui
1292 1771 1410 1832 pro
1454 1754 1595 1829 ipso
1646 1756 1736 1811 te·

206 1883 418 1949 statur,
467 1885 532 1939 et
563 1875 748 1954 eligit
788 1875 1217 1950 sepulturam,
1268 1874 1335 1931 et
1379 1867 1732 1939 contrahit;

201 1998 247 2056 si
300 1994 514 2055 desint
558 1997 892 2071 parenteS,
952 1990 1309 2069 requiritur
1366 2001 1737 2049 consensus

205 2116 418 2175 tutoris
447 2112 555 2173 vel
603 2110 750 2191 ejus
795 2110 905 2187 qui
950 2125 1175 2169 curam
1220 2106 1363 2185 ejus
1394 2107 1586 2185 gerit.

276 2227 685 2291 Contrarium
739 2226 937 2305 hujus
1008 2228 1236 2284 tenent
1308 2220 1739 2283 communiter

152 2327 159 2359 ⁵
208 2348 530 2417 DoctoreS,
577 2341 683 2403 vel
741 2344 1150 2419 supponunt,
1214 2341 1445 2413 estque
1516 2338 1736 2414 Augu-

152 2456 162 2549 }
208 2462 346 2522 stini
401 2462 582 2535 epist.
655 2460 755 2519 23.
832 2458 921 2516 ad
975 2453 1405 2528 Bonifacz‘um,
1466 2451 1580 2512 ubi
1626 2468 1736 2511 ex·

154 2602 161 2611 ·
209 2594 419 2655 presse
468 2575 668 2637 docet
697 2573 1039 2650 parvulum
1084 2585 1217 2630 non
1263 2567 1647 2645 dependere
1700 2583 1738 2627 a

209 2696 529 2755 voluntate
570 2695 940 2770 parentum,
1000 2689 1136 2749 sive
1184 2683 1401 2763 quoad
1456 2685 1735 2745 salutem

210 2828 315 2891 per
354 2812 875 2877 Sacramentum,
935 2806 1072 2866 sive
1122 2801 1344 2881 quoad
1397 2816 1737 2863 consecra-

205 2930 432 2995 tionem
507 2927 651 3012 ejus
708 2923 964 2989 diabolo
1007 2943 1119 3007 per
1178 2920 1730 3000 incantationem:

212 3049 548 3121 (Iceterum,
587 3043 821 3129 inquit,
868 3062 1010 3105 cum
1062 3042 1296 3124 infans
1336 3060 1470 3103 non
1510 3037 1738 3102 redeat

207 3164 268 3226 in
301 3171 666 3248 parentem,
725 3169 792 3224 ut
823 3178 968 3224 eum
1000 3158 1144 3238 ille,
1181 3168 1238 3221 et
1273 3157 1340 3221 in
1401 3155 1521 3220 illo
1571 3174 1740 3219 ¹unus

205 3280 280 3342 sit
342 3281 555 3354 home,
610 3277 725 3342 sed
765 3276 1038 3340 omni-no
1082 3275 1255 3339 alter
1309 3275 1420 3350 sit,
1493 3271 1742 3336 liabens

209 3414 456 3461 carnem
524 3414 715 3457 suam
782 3402 841 3456 et
889 3391 1186 3456 animam
1241 3409 1452 3466 suam,
1511 3389 1740 3452 anima

208 3529 336 3592 quoe
386 3510 780 3596 peccaverit,
821 3509 968 3592 ipsa
1024 3506 1367 3570 morietur.
1403 3505 1537 3568 Nec
1566 3502 1741 3567 illud

209 3635 260 3687 te
288 3637 559 3703 moveat,
595 3624 769 3711 quod
803 3623 1068 3709 quidem
1133 3642 1268 3687 uon
1326 3642 1400 3685 ea
1457 3619 1594 3702 side
1652 3618 1741 3683 ad

209 3742 606 3825 Baptismum
686 3738 1191 3825 percipiendum
1252 3737 1573 3824 paruulos
1637 3739 1739 3820 se-

206 3869 372 3934 runt,
417 3869 488 3922 ut
545 3858 772 3943 qratia
836 3856 1186 3941 spirituali
1242 3855 1578 3920 advitam
1639 3875 1739 3918 re-

207 3984 590 4056 yenerentur
646 3984 987 4051 (eternam,
1023 3972 1138 4037 sed
1170 3970 1342 4056 quod
1376 3991 1481 4034 eos
1509 3979 1741 4054 putent

212 4094 318 4157 hoc
363 4092 656 4158 remedio
706 4089 1132 4175 temporalem
1165 4089 1452 4152 retinere
1501 4088 1603 4151 vel
1633 4107 1740 4151 re-

213 4209 414 4291 cipere
440 4210 818 4284 sanitatem,
869 4224 1005 4268 non
1035 4204 1212 4268 eni-m
1250 4212 1600 4288 propterea
1635 4202 1743 4266 illi

219 4344 337 4387 non
365 4332 870 4410 reqenerantur,
927 4322 1086 4406 quia
1127 4340 1260 4385 non
1299 4320 1379 4384 ab
1428 4321 1575 4384 istis
1619 4321 1744 4384 hac

221 4439 569 4505 intentione
661 4439 1086 4522 offeruntur,·
1145 4447 1206 4502 et
1275 4435 1499 4501 subdit
1583 4436 1741 4500 rati-

220 4572 390 4619 onem
436 4577 450 4621 :
527 4554 965 4621 Celebrautur
1015 4554 1192 4619 enim
1228 4573 1351 4637 per
1381 4573 1485 4617 eos
1525 4573 1745 4617 ueces-

220 4672 389 4735 saria
436 4673 839 4748 ministeria,
877 4683 1002 4736 etc.›
1048 4669 1110 4735 id
1168 4681 1289 4747 est,
1347 4669 1741 4754 Baptismus.

292 4795 610 4874 supponit
666 4812 826 4876 ergo
879 4797 1161 4858 salutem
1234 4794 1558 4856 infantum
1628 4795 1744 4855 ba-

224 4912 593 4984 ptizatorum
664 4927 799 4976 non
877 4911 1263 4990 dependere
1309 4930 1343 4973 a
1413 4911 1567 4984 fide,
1640 4916 1753 4972 aut

225 5022 575 5092 intentione
633 5028 879 5091 infideli
938 5033 1307 5107 parentum,
1341 5027 1461 5088 sed
1518 5043 1554 5086 a
1610 5027 1749 5087 solo

231 5141 563 5221 Baptismo‚
639 5148 808 5207 sicut
893 5147 1233 5227 subjungit
1297 5145 1753 5206 interfectores

233 5273 364 5322 esse
425 5263 732 5336 filiorum,
807 5265 919 5343 qui
990 5280 1104 5325 eos
1150 5263 1483 5325 daemoniis
1529 5279 1772 5325 conse-⁷

235 5385 418 5451 crant,
465 5395 596 5441 non
656 5377 838 5458 quod
887 5377 1277 5441 interficiant
1337 5379 1756 5456 spiritualiter

232 5490 381 5558 filios
427 5499 668 5577 reipsa,
702 5498 824 5559 sed
855 5504 1171 5576 quantum
1215 5501 1278 5560 in
1310 5501 1467 5578 ipsis
1517 5507 1655 5572 est;
1693 5502 1757 5558 et

237 5611 396 5679 addit
429 5637 442 5682 ε
477 5615 735 5703 Afferri
768 5617 1090 5703 paruulos
1118 5618 1208 5683 ad
1252 5618 1756 5705 percipiendum

3285 416 3403 487 423

1853 600 2156 677 salutem,
2192 619 2329 663 non
2369 609 2503 661 tam
2543 595 2624 660 ab
2663 596 2778 674 eis,
2835 611 3112 678 quorum
3143 598 3403 675 ‚qestan-

1858 726 1965 778 tur
2013 714 2316 778 man-ibus
2371 708 2702 797 (quamvis
2742 720 2800 772 et
2833 709 2943 771 illi
2989 707 3189 770 etiam
3239 703 3401 786 offe-

1852 842 2031 909 rant,
2087 832 2151 895 si
2201 829 2433 912 fideles
2490 839 2548 892 et
2624 827 2780 891 boui
2833 822 3028 911 suut)
3073 842 3271 908 quom
3321 820 3402 884 ab

1855 947 2167 1011 universa
2231 944 2543 1009 societate
2590 944 3037 1015 Sanctorum‚·
3101 948 3164 1001 et
3241 952 3400 999 eon-

1852 1061 2053 1128 cludit
2087 1086 2100 1129 :
2142 1061 2300 1125 Tota
2331 1082 2485 1147 erqo
2517 1061 2637 1124 hoc
2667 1067 2881 1121 mater
2904 1055 3224 1130 Ecclesia,
3254 1072 3400 1136 quce
3466 1051 3712 1101 Parvulo-

1852 1182 1926 1244 in
1985 1181 2251 1244 Sanctis
2317 1188 2430 1255 est,
2483 1178 2675 1259 facit,
2741 1176 2897 1259 quia
2954 1182 3088 1235 tota
3145 1190 3390 1247 omues,
3454 1128 3717 1227 salfxlsmrion

1853 1308 1986 1361 tota
2026 1296 2332 1382 sinyulos
2358 1296 2567 1380 parit.
2612 1294 2689 1356 Et
2730 1290 2891 1355 infra
2938 1314 2951 1355 :
3020 1287 3195 1352 Illud
3272 1307 3393 1350 au-
3465 1240 3715 1351 depe-audet

1852 1426 1980 1479 tem
2034 1414 2189 1478 nolo
2244 1424 2305 1477 te
2341 1412 2570 1495 sallat,
2645 1420 2715 1472 ut
2764 1406 3101 1471 existimes
3173 1414 3396 1473 reatus
3445 1367 3742 1494 ρζᾞξῑῗὲῗ,

1851 1530 2193 1596 vinculum
2233 1550 2317 1592 ex
2365 1526 2583 1591 Adam
2636 1533 2944 1599 tractum,
3008 1520 3210 1583 aliter
3264 1538 3400 1582 uon

1849 1668 2035 1733 posse
2066 1646 2403 1729 disrumpi
2432 1644 2571 1707 nisi
2601 1639 2876 1727 paruuli
2904 1636 2995 1702 ad
3024 1635 3397 1721 percipien-

1851 1762 2006 1827 dam
2050 1762 2308 1826 Christi
2363 1757 2657 1843 qratiam
2708 1778 2749 1819 a
2784 1752 3176 1839 parentibus
3230 1752 3401 1835 offe-

1850 1891 2115 1949 rantur.
2171 1877 2286 1941 Sic
2344 1874 2521 1937 euim
2575 1870 2829 1948 scribit,
2876 1878 2945 1932 ut
2995 1867 3161 1932 dicit
3230 1867 3400 1930 sicut

1844 2008 2159 2087 parentes
2202 1996 2482 2079 fuerunt
2511 1999 2810 2054 auctores
2841 1985 2931 2050 ad
2970 2005 3195 2049 coru-m
3258 2004 3395 2067 poe-

1849 2139 2028 2193 nam,
2079 2135 2204 2201 per
2231 2112 2435 2196 sidem
2463 2116 2822 2194 pareutum
2864 2101 3232 2167 identidem
3282 2104 3401 2186 Ju-

1848 2236 2225 2318 stisicentur
2262 2249 2407 2293 cum
2437 2224 2669 2289 videas
2706 2221 2946 2285 multos
2979 2238 3112 2282 non
3150 2215 3405 2301 ‚offerri

1849 2374 1888 2416 a
1917 2346 2330 2437 parentibus,
2383 2342 2498 2408 sed
2531 2341 2732 2406 eliam
2763 2360 2802 2401 a
2844 2333 3239 2421 quibuslibet
3283 2353 3402 2396 ea:-

1850 2469 2125 2543 traueis,
2162 2478 2285 2529 etc.
2326 2463 2457 2526 Per
2485 2461 2608 2524 hoc
2657 2455 2831 2520 nihil
2862 2451 3058 2516 aliud
3103 2450 3209 2514 hic
3249 2448 3411 2530 sieri

1850 2585 2061 2662 vides,
2114 2582 2253 2647 uisi
2294 2576 2469 2665 quod
2514 2578 2590 2640 in
2622 2569 2998 2656 Evanyelio
3045 2566 3406 2651 scriptum,

1846 2723 1990 2767 cum
2023 2698 2348 2763 Dominus
2378 2695 2848 2775 interroqasset
2879 2686 3047 2771 quis,
3088 2682 3198 2747 illi
3231 2703 3272 2745 a
3306 2681 3410 2745 la-

1850 2816 2150 2884 tronibus
2190 2811 2514 2886 sauciam,
2568 2816 2628 2871 et
2666 2803 2985 2869 semivivo
3018 2801 3093 2863 iu
3124 2798 3238 2863 via
3279 2796 3394 2861 de-

1847 2934 2104 3011 relictO,
2143 2929 2498 3015 proximus
2554 2924 2817 3007 fuisset,
2872 2935 3261 3002 respons-um
3307 2906 3398 2976 est

1849 3052 2050 3128 enim,
2088 3048 2205 3134 qui
2244 3047 2317 3110 in
2348 3044 2467 3108 illo
2488 3041 2649 3126 feeit
2674 3033 3230 3110 misericordiam,
3267 3040 3389 3094 eto.

1932 3185 2251 3248 Probatur
2279 3180 2513 3259 primo,
2537 3175 2686 3256 quia
2716 3173 3020 3236 voluntas
3050 3169 3402 3246 parentum
3565 3174 3619 3225 7.

1852 3322 1981 3366 non
2026 3303 2385 3379 imputatur
2456 3293 2537 3354 ad
2600 3283 3126 3350 contrahendum
3197 3284 3402 3360 origi-
3459 3239 3759 3302 Argumen-

3540 3306 3650 3351 tum

1853 3416 2002 3479 nale
2062 3414 2429 3493 peccatum,
2517 3420 2739 3482 neque
2826 3400 2908 3462 ab
2983 3414 3058 3459 ea
3108 3392 3407 3475 pendent
3452 3365 3723 3416 aratione.

1854 3523 2079 3606 quoad
2120 3523 2272 3595 hoc,
2332 3522 2406 3580 ut
2464 3516 2546 3578 de
2619 3513 2749 3573 fide
2821 3514 2942 3583 est,
2993 3507 3145 3586 quia
3209 3506 3404 3566 etiam

1854 3640 2142 3706 infantes
2198 3633 2713 3698 Christianorum
2797 3623 3075 3704 perinde
3144 3615 3421 3684 contra-³

1854 3760 2017 3820 hunt
2048 3752 2392 3832 originale,
2426 3748 2593 3810 sicut
2624 3747 2689 3805 et
2738 3740 3124 3814 infidelium,
3171 3739 3323 3816 quia
3367 3754 3403 3796 a

1854 3874 1995 3936 sola
2041 3872 2148 3933 illa
2203 3866 2539 3930 voluntate
2614 3864 2679 3922 et
2721 3863 2995 3938 peccato
3046 3856 3238 3934 primi
3283 3849 3397 3930 p'a-
3431 3852 3763 3927 Contrahiiur

1853 3989 2082 4059 ventis,
2134 3987 2200 4075 in
2247 4000 2376 4061 quo
2423 3994 2653 4041 omnes
2712 3981 2918 4049 erant,
2972 3980 3036 4035 et
3081 3985 3398 4050 peccave·
3468 3917 3724 4045 ffiffssixlf

1852 4110 2030 4174 runt,
2078 4098 2459 4179 dependet3
2524 4111 2683 4174 ergo
2732 4093 2929 4154 etiam
2977 4105 3111 4150 non
3143 4088 3393 4165 depen-
3431 4122 3461 4155 a
3503 4042 3758 4155 &iiiiii-ate

1855 4223 2007 4285 dent
2038 4224 2352 4299 quantum
2402 4212 2487 4275 ad
2530 4212 2811 4274 salutem
2859 4203 3399 4283 consequendam
3430 4174 3758 4294 Ῑξζΐῗζέξὲἐ,

1854 4342 1922 4401 in
1951 4337 2284 4415 Baptismo
2319 4349 2354 4393 a
2388 4330 2725 4392 voluntate
2769 4328 3140 4403 parentum,
3203 4318 3324 4380 sed
3365 4333 3401 4377 a
3511 4295 3665 4344 ΜΨ·

1858 4455 1996 4519 solo
2049 4451 2329 4523 Christe,
2388 4448 2456 4508 in
2501 4463 2629 4525 quo
2677 4457 2908 4503 omnes
2951 4454 3158 4500 unum
3215 4435 3402 4506 fiunt,

1860 4578 1927 4634 et
1955 4570 2441 4650 regenerantur
2482 4562 2565 4623 ad
2602 4561 2923 4639 justitiam
2979 4573 3097 4633 per
3153 4554 3404 4630 Baptis-

1859 4706 2062 4751 mum.

1941 4807 2127 4866 Patet
2186 4793 2687 4877 consequentia,
2765 4794 2913 4870 quia
2995 4804 3127 4850 non
3201 4784 3412 4862 magis

1866 4922 2117 4984 debent
2173 4917 2483 4979 constitui
2526 4915 2591 4974 in
2661 4911 2997 4973 voluntate
3070 4909 3416 4981 parentum

1866 5035 2088 5117 quoad
2102 5032 2418 5113 justitiam
2442 5025 2898 5105 recipiendam
2923 5039 3040 5099 per
3066 5017 3412 5085 Christum,

1867 5170 2067 5234 quam
2112 5148 2334 5231 quoad
2383 5151 2730 5226 peccatum
2763 5134 3286 5202 contrahendum
3336 5132 3415 5192 ab

1865 5273 2170 5340 Adamo;
2232 5268 2356 5328 hoc
2418 5264 2591 5325 enim
2642 5263 2819 5321 esset
2869 5261 3092 5318 contra
3127 5252 3412 5314 divinam

1866 5385 2409 5456 misericordiam,
2474 5386 2539 5442 et
2586 5381 2652 5441 in
2703 5373 3152 5457 praeiudicium
3197 5368 3410 5430 infan-

1871 5513 2052 5580 tum3
2115 5521 2273 5584 ergo
2306 5504 2465 5563 sicut
2510 5500 2839 5567 delictum,
2882 5497 2975 5553 ita
3038 5496 3093 5552 et
3126 5490 3410 5566 justitia,

1867 5624 1973 5688 vel
2029 5621 2263 5702 gratia,
2356 5621 2423 5680 et
2496 5616 2610 5676 ubi
2673 5611 3023 5675 abundavit
3087 5607 3431 5679 delictum,-
