4255 6375
416 4615 667 4744 Qua¹e2nnm
1024 4728 1036 4740 .
1578 4735 1590 4747 .
2108 4742 2119 4756 .
2218 4744 2230 4758 .

475 4760 608 4810 aqua
728 4726 1087 4806 naturam,
1134 4740 1255 4797 etc.
1322 4731 1624 4799 Excludit
1689 4757 1924 4825 aquam
2003 4741 2270 4811 artifici-

377 4810 660 4876 requiritur
678 4813 698 4865 Ι

778 360 896 424 332

789 522 1197 617 phlegma,
1236 532 1366 604 sed
1397 554 1595 608 vera
1628 556 1860 630 aqua.
1899 543 2118 624 Quod
2154 563 2337 636 pro-

788 640 921 716 bat
953 663 1052 716 ex
1091 648 1362 723 verbis
1405 654 1999 746 Evangelistae:
2061 661 2151 727 Et
2220 664 2339 747 qui

781 762 978 842 vidit,
1070 769 1515 839 testimonium
1597 775 1940 860 perhibuit
2029 780 2327 846 veritati.

783 875 1165 952 Profecto
1209 900 1367 954 non
1417 903 1739 976 aquam,
1779 889 1910 961 sed
1954 891 2332 983 phlegma

780 991 1144 1079 dixisset,
1201 996 1268 1070 si
1336 1019 1497 1073 non
1539 1000 1828 1080 fuisset
1887 1024 2120 1099 aqua,
2197 1010 2329 1081 sed

783 1105 1198 1198 phlegma.
1264 1114 1568 1192 Probat
1647 1118 1895 1193 etiam
1948 1142 1995 1194 a
2067 1127 2330 1215 poste·

781 1223 986 1297 riori
1068 1247 1212 1320 per
1285 1235 1715 1308 materiam
1814 1241 2326 1317 sacramenti

779 1341 1178 1433 Baptismi
1231 1372 1247 1417 ε
1330 1353 1463 1419 Nec
1527 1356 1600 1421 in
1653 1359 1797 1443 hoc,
1863 1355 2150 1448 inquit,
2213 1384 2323 1428 ve-

771 1480 922 1525 ram
980 1468 1505 1549 reqenerationis
1553 1471 2054 1543 Sacramentum
2085 1477 2322 1560 sitisset

767 1588 1121 1658 ostensum,
1192 1603 1337 1648 cum
1417 1607 1542 1671 per
1605 1589 2108 1658 Sacramentum
2185 1596 2320 1660 Ba-

762 1696 1017 1782 ptismi,
1065 1720 1201 1767 non
1264 1717 1738 1790 reqenerentur
1787 1709 1861 1774 in
1913 1712 2311 1798 phleqmate,

761 1815 879 1880 sed
907 1817 982 1883 in
999 1839 1203 1906 aqua.
1251 1819 1554 1893 Probat
1574 1820 1823 1896 etiam
1851 1843 1995 1917 per
2018 1844 2315 1918 aquam

769 1929 1261 2006 miscendam
1349 1935 1431 2008 in
1536 1940 2069 2016 Sacramento
2159 1947 2312 2016 Eu·

759 2043 1202 2120 chari-stiae.
1293 2051 1595 2126 Probat
1685 2054 1934 2128 etiam
2016 2063 2311 2148 quarto

764 2190 909 2261 per
966 2172 1341 2263 figuram,
1380 2195 1555 2279 quae
1591 2181 2012 2272 praecessit
2065 2203 2312 2275 super

760 2285 936 2370 hoc,
985 2288 1064 2360 in
1094 2291 1356 2364 veteri
1398 2294 1942 2378 Testamento,
1996 2301 2308 2391 quando

763 2406 1088 2499 Moyses
1164 2411 1566 2502 percussit
1644 2414 1979 2499 silicem,
2044 2422 2124 2492 et
2209 2439 2308 2491 ex

750 2543 846 2595 ea
878 2544 1036 2598 non
1072 2526 1474 2619 phlegma,
1513 2532 1643 2604 sed
1663 2550 1870 2625 aqua
1915 2536 2303 2610 manavit.

840 2641 953 2714 Ad
1019 2643 1582 2735 probationem
1673 2651 2101 2743 respondet
2165 2651 2297 2736 ibi,

752 2758 959 2849 quod
996 2759 1126 2831 vel
1189 2760 1329 2833 illa
1361 2782 1568 2857 aqua
1611 2763 1904 2839 fuitibi
1963 2766 2054 2840 de
2086 2788 2299 2841 novo

742 2878 1022 2949 creata
1058 2878 1574 2965 miraculose,
1610 2882 1701 2954 de
1750 2887 2300 2978 componenti-

745 2990 890 3063 bus
938 2993 1324 3069 resoluta.
1399 2998 1544 3072 Sed
1597 2999 2297 3095 qualitercumque

739 3108 1066 3183 dicatur
1157 3111 1248 3185 de
1316 3134 1526 3208 aqua
1594 3115 1880 3190 lateris
1955 3119 2290 3205 Christi,

745 3225 932 3318 quia
964 3226 1199 3304 fluxit
1242 3230 1452 3307 sicut
1516 3232 1667 3306 sibi
1722 3237 2048 3327 placuit,
2130 3258 2291 3312 non

741 3346 1084 3437 propter
1118 3344 1266 3419 hoc
1312 3348 1416 3420 ibi
1451 3352 1983 3428 Sacramenta
2030 3375 2292 3429 susce·

737 3465 1027 3551 perunt
1076 3463 1546 3550 efficaciam,
1577 3471 1662 3542 ut
1697 3489 1946 3562 supra
1985 3471 2289 3547 dictum

729 3580 881 3657 est,
940 3579 1072 3652 sed
1123 3587 1467 3676 propter
1511 3588 1934 3678 quamdam
1996 3589 2287 3663 simili-

727 3692 1087 3769 tudinem
1141 3698 1719 3790 perfectiorem
1797 3706 1892 3778 ad
1968 3707 2283 3803 Baptis-

734 3827 955 3883 mum
1033 3816 1110 3885 et
1219 3817 1849 3894 Eucharistiam.
1947 3828 2280 3924 Certum

721 3932 846 4001 est
920 3930 1221 4014 tamen,
1290 3937 1495 4026 quod
1557 3939 2030 4032 Baptismus
2120 3963 2278 4015 non

726 4048 996 4136 potest
1067 4046 1270 4134 fieri,
1351 4051 1508 4125 nisi
1563 4055 1641 4126 in
1711 4075 1922 4150 aqua
1982 4061 2276 4146 usuali,

723 4161 908 4253 quia
973 4164 1350 4241 Christus
1409 4169 1558 4244 hoc
1611 4172 1991 4251 instituit.

1166 4420 1828 4493 COMMENTARIUS.

821 4607 915 4695 (d)
957 4607 1152 4692 Quod
1198 4625 1414 4679 antem
1456 4616 1529 4682 in
1585 4622 1945 4705 quaestione
1994 4628 2274 4710 ponitur

723 4835 917 4920 alem,
981 4864 1130 4930 quae
1190 4850 1627 4916 communiter
1682 4847 1919 4921 dicitur
1980 4857 2150 4938 talis,
2207 4875 2271 4926 et

720 4957 793 5024 fit
867 4980 983 5045 per
1039 4962 1531 5049 expressionem
1599 4980 1711 5034 aut
1775 4969 2265 5041 distillationem

719 5081 933 5159 mixti,
980 5104 1130 5171 quae
1180 5104 1309 5151 non
1365 5099 1463 5154 est
1519 5110 1689 5177 aqua
1749 5093 2086 5176 naturalis,
2159 5111 2268 5165 aut

712 5196 1159 5280 elementariS,
1245 5202 1360 5269 sed
1446 5206 1815 5273 substantia
1898 5209 2086 5276 mixti
2154 5235 2268 5280 ex-

716 5335 964 5400 pressa,
1003 5315 1105 5383 vel
1137 5318 1292 5405 quid
1326 5320 1499 5387 aliud
1531 5322 1823 5391 tertium.
1885 5327 2122 5395 Littera
2168 5341 2263 5396 est

710 5428 906 5497 clara.
945 5431 1246 5501 Excludit
1276 5435 1471 5503 etiam
1514 5438 1681 5505 infra
1720 5461 1954 5530 aquam
1991 5445 2261 5513 mixtam

619 5551 622 5552 *
713 5568 829 5616 seu
909 5548 1262 5637 impuram,
1326 5574 1402 5621 ea
1458 5556 1798 5640 mixtione,
1873 5582 2022 5648 quae
2086 5575 2264 5631 vetat

1905 376 2048 440 Lm.
2086 380 2187 442 lv.
2224 381 2823 452 SENTENTIARUM

2447 548 2870 631 ablutionem,
2939 555 3036 622 sic
3094 577 3304 645 neque
3361 579 3529 646 aqua
3567 560 3632 626 in
3678 563 3931 650 spongia,

2446 685 2561 732 seu
2631 681 2838 753 pasta,
2898 691 3026 737 non
3090 684 3190 739 est
3246 684 3395 760 apta
3454 676 3719 742 materia
3770 677 3938 745 donee

2445 782 2871 866 exprimatur,
2926 787 3097 854 sicut
3135 809 3348 877 neque
3396 791 3533 871 nix,
3581 813 3781 880 neque
3830 793 3940 881 gla-

2442 898 2576 965 cies
2634 901 2839 970 donec
2878 905 3278 974 resolutione
3334 906 3446 975 fiat
3509 922 3655 996 apta
3722 910 3933 979 lotioni.

2441 1016 2743 1084 Excludit
2798 1021 2991 1087 etiam
3061 1022 3398 1103 humores,
3460 1036 3532 1092 ut
3588 1026 3843 1094 salivam
3891 1044 3938 1097 et

2441 1134 2720 1203 urinam.
2763 1141 2849 1204 De
2878 1139 3026 1206 aliis
3055 1140 3551 1210 alterationibus
3610 1159 3683 1212 ut
3735 1145 3934 1228 brodii,

2440 1251 2760 1332 farinatae,
2812 1255 3116 1338 cervisia,
3172 1258 3470 1340 medone,
3536 1261 3784 1341 lixivio,
3836 1284 3937 1332 non

2435 1379 2535 1434 est
2593 1367 2754 1436 adeo
2818 1384 3068 1441 certum
3111 1374 3187 1441 ad
3229 1395 3521 1456 sensum,
3583 1399 3667 1444 an
3723 1381 3940 1447 varient

2434 1484 2761 1571 speciem;
2836 1487 3010 1574 quod
3053 1490 3430 1578 Philosophi
3475 1495 3801 1562 Naturalis
3859 1498 3940 1564 de

2432 1598 2784 1667 terminare
2839 1613 2960 1683 est,
3006 1623 3133 1669 non
3193 1605 3533 1695 Theologi,
3581 1628 3791 1696 neque
3847 1614 3939 1677 Ca·

2430 1714 2729 1787 nonistae.

2517 1829 2712 1914 Quod
2755 1834 2818 1899 si
2863 1834 2945 1902 de
2992 1837 3348 1923 aliquibus,
3414 1839 3654 1928 inquit,
3706 1844 3791 1907 sit
3838 1843 3935 1908 du·
4029 1852 4055 1897 a

2427 1946 2630 2025 bium,
2690 1951 3038 2018 servandae
3119 1966 3273 2021 sunt
3356 1936 3605 2044 requioe
3663 1960 3937 2044 superius

2426 2064 2602 2130 datae
2647 2067 2827 2132 circa
2857 2067 3145 2154 formam
3196 2073 3272 2136 in
3326 2075 3692 2159 quoestione
3725 2096 3935 2161 μηνοε-

2423 2178 2632 2246 denti.
2677 2181 2890 2269 Aliqui
2922 2195 3138 2252 autem
3181 2191 3487 2255 Doctores
3534 2188 3835 2257 dubitant
3875 2189 3940 2257 de

2423 2295 2549 2375 his,
2593 2309 2707 2363 aut
2743 2299 3133 2386 quibusdam
3167 2324 3248 2370 ex
3278 2303 3467 2390 ipsis,
3495 2318 3566 2372 ut
3595 2306 3682 2372 de
3713 2305 3935 2382 brodio,

2420 2411 2474 2479 si
2514 2412 2779 2480 nimiam
2833 2415 3063 2484 habeat
3103 2419 3459 2487 admixtam
3530 2423 3933 2489 substantiam

2417 2529 2634 2597 carnis
2672 2531 3055 2614 desolatam,
3099 2534 3179 2601 de
3217 2536 3495 2603 cervisia
3534 2536 3738 2605 etiam
3774 2540 3931 2607 vide-

2416 2655 2522 2710 tur
2587 2645 2777 2732 plane
2848 2648 3152 2730 diversa;
3249 2651 3330 2718 de
3408 2651 3649 2720 lixivio
3706 2656 3927 2733 etiam,

2415 2760 2674 2846 quando
2703 2764 2906 2830 trahit
2962 2785 3185 2832 secum
3228 2767 3571 2854 qualitates
3607 2768 3840 2837 cineris
3881 2769 3932 2835 iu

2412 2876 2700 2962 perfecto
2755 2880 2986 2967 gradu.
3033 2882 3533 2952 Lousiderandae
3590 2907 3756 2974 ergo
3808 2900 3932 2953 sunt

2411 2992 2756 3080 qualitates
2815 2997 3386 3084 praedonninanteS,
3450 3012 3514 3068 et
3570 3023 3657 3068 an
3726 3022 3929 3070 nomen

2410 3122 2657 3190 mutet;
2694 3114 3091 3202 gravissime
3131 3097 3450 3205 peccaret,
3482 3119 3595 3207 qui
3642 3118 3773 3186 illis
3817 3133 3930 3185 ute·

2406 3239 2606 3308 retur,
2651 3242 2715 3296 et
2745 3232 3116 3319 Baptismus
3172 3247 3344 3302 esset
3402 3236 3674 3318 dubius,
3726 3250 3788 3303 et
3829 3236 3931 3302 sub

2403 3350 2781 3417 conditione
2831 3352 3190 3433 iteranduS,

2491 3466 2671 3534 Sicut
2716 3481 2931 3535 autem
2981 3471 3300 3557 ejusmodi
3354 3471 3648 3560 liquores
3709 3477 3926 3546 habent

2399 3583 2774 3651 differentes
2822 3586 3088 3673 gradus,
3125 3587 3212 3654 ita
3262 3589 3702 3678 Philosophus
3738 3595 3815 3662 de
3843 3597 3925 3682 ip-

2397 3700 2490 3768 sis
2518 3701 2842 3788 judicaret
2894 3724 2975 3769 ex
3029 3716 3256 3771 natura
3304 3707 3763 3777 accidentium.
3820 3712 3924 3778 Ad-

2395 3818 2705 3886 vertenda
2740 3819 2845 3887 illa
2903 3820 3067 3887 ratio
3097 3824 3411 3903 Doctoris,
3459 3827 3637 3895 unde
3683 3829 3922 3916 colligat

2392 3954 2627 4021 aquam
2685 3934 3087 4003 artificialem
3156 3959 3284 4005 non
3341 3962 3489 4008 esse
3545 3945 3912 4024 naturalem,

2394 4053 2552 4138 qnia
2590 4072 2703 4118 ars
2759 4074 2843 4118 ecc
2890 4056 3104 4120 mixto
3134 4077 3269 4122 non
3304 4069 3514 4143 potest
3552 4061 3916 4128 immediate
3963 4061 4082 4116 Νῶϊ

2394 4169 2883 4252 transformare
2910 4171 3321 4252 elementum,
3359 4177 3519 4261 quia
3586 4180 3730 4264 aqit
3761 4190 3913 4244 motu

2388 4285 2704 4352 ordinato
2746 4308 2872 4373 per
2908 4287 3185 4367 ‚medias
3252 4292 3530 4377 formas,
3584 4297 3758 4362 sicut
3779 4318 3912 4384 pro—

2386 4401 2685 4468 ducendo
2724 4405 3031 4479 mixtum,
3106 4407 3204 4472 ita
3270 4410 3469 4475 etiam
3517 4413 3907 4492 resolvendo,

2388 4517 2664 4607 ideoque
2701 4540 2876 4607 saepe
2933 4541 3062 4588 non
3109 4524 3433 4613 contingit
3505 4529 3781 4596 mixtum
3832 4550 3911 4595 re-

2386 4634 2552 4701 solvi
2604 4635 2668 4701 in
2701 4632 2871 4701 idem
2917 4636 3338 4724 elementum,
3385 4661 3462 4708 ex
3505 4664 3638 4731 quo
3693 4643 3781 4725 fit,
3813 4642 3908 4711 sed

2385 4748 2451 4815 in
2499 4748 2671 4816 aliud
2732 4751 3036 4833 mixtum,
3076 4765 3171 4826 ⁴ut
3227 4754 3480 4843 lignum
3521 4759 3585 4824 in
3653 4759 3901 4827 cineres,

2383 4872 2536 4934 Haec
2601 4868 2886 4936 maxima
2954 4869 3218 4939 videtur
3276 4874 3471 4939 etiam
3522 4896 3781 4944 currere
3847 4876 3900 4941 in

2382 4983 2662 5072 Angelo,
2706 4984 2816 5073 qui
2886 4986 3213 5054 mediante
3255 4989 3430 5076 igne,
3473 4991 3659 5059 verbi
3691 4991 3895 5078 gratia,

2383 5100 2609 5188 nequit
2638 5102 2856 5168 statim
2879 5116 3265 5171 convertere
3302 5106 3578 5174 mixtum
3605 5109 3671 5175 in
3691 5129 3894 5196 aquam

2379 5216 2867 5300 elementarem,
2917 5218 3213 5308 ideoque,
3266 5223 3437 5309 quod
3489 5223 3649 5292 dicit
3688 5225 3764 5293 de
3788 5229 3896 5292 An·

2377 5334 2526 5420 gelo
2567 5334 2737 5401 bono
2803 5336 2905 5403 vel
2938 5338 3131 5416 malo,
3178 5338 3570 5427 intelligitur
3601 5344 3779 5430 Juxta
3829 5340 3891 5406 il·

2376 5449 2501 5517 lam
2538 5453 2923 5530 maximam:
2962 5467 3025 5522 et
3054 5455 3342 5544 loquitur
3379 5457 3459 5524 de
3494 5461 3887 5527 conversione

2378 5568 2564 5636 mixti
2609 5569 2673 5635 in
2713 5590 2946 5659 aquam
3006 5573 3491 5656 elementarem,
3558 5599 3705 5666 quae
3760 5596 3885 5644 oon-
