4255 6375
1336 415 1539 479 Dls'r.
1590 413 1689 477 lit.
1725 412 2091 490 QUAEs‘rlo
2142 415 2212 475 ll.
3398 405 3509 467 301

140 582 203 678 {¹1¹
231 574 358 635 Dei
389 575 466 636 in
515 577 725 640 tribus
765 578 1103 656 personis;
1159 594 1528 659 congruum
1575 577 1699 641 fuit
1740 586 1811 642 ut

140 708 204 801 Is·
232 689 553 756 Christus
597 695 1019 772 exprimeret,
1071 694 1240 758 sicut
1288 696 1636 773 expressit,
1686 710 1812 757 no-

141 832 206 888 pe
235 810 426 872 mina
458 810 739 889 propria
770 814 965 875 trium
1005 827 1433 891 personarum
1473 814 1540 875 in
1584 810 1811 874 ordine

141 896 178 928 ι’
236 926 324 988 ad
385 929 910 1004 protestandam
964 928 1167 993 fidem
1223 934 1290 994 et
1330 930 1813 993 invocationem

235 1039 386 1115 Dei,
421 1058 563 1105 seu
596 1043 788 1106 trium
817 1062 1255 1125 personarum
1302 1044 1371 1107 in
1417 1062 1550 1108 una
1582 1061 1815 1108 essen-

234 1158 350 1231 tia,
410 1158 610 1239 quia,
682 1168 754 1225 ut
807 1164 1041 1243 inquit,
1105 1163 1370 1243 quando
1432 1158 1816 1240 exprimitur

231 1290 542 1351 persona
577 1278 880 1359 aliqu'us,
914 1280 1102 1359 cujus
1132 1281 1370 1343 intuitu
1399 1278 1813 1357 postulamus

230 1391 562 1471 gratiam,
636 1410 756 1471 per
825 1396 1162 1473 proprium
1225 1410 1495 1472 nomen,
1563 1394 1816 1459 facilius

230 1506 652 1586 impetratur
680 1511 860 1590 quod
891 1512 1159 1590 petitur,
1203 1514 1351 1591 quia
1400 1527 1642 1591 nempe
1697 1529 1809 1574 ex-

231 1625 561 1703 primitur
587 1626 948 1707 perfectius
987 1632 1303 1692 motivum
1349 1629 1464 1705 sic,
1517 1645 1712 1707 quam
1761 1630 1814 1689 si

235 1760 364 1822 per
425 1744 732 1825 aliquam
797 1747 1271 1824 proprietatem
1341 1749 1812 1825 exponeretur,

238 1862 431 1924 verbi
461 1864 706 1942 gratia,
740 1865 794 1926 si
826 1861 1080 1925 dicatur
1110 1879 1230 1942 per
1257 1861 1462 1927 filium
1492 1862 1811 1937 Zebedaei,

243 1978 352 2040 vel
394 1978 816 2060 hujusmodi,
861 1977 1294 2061 intelligendo
1325 1983 1673 2043 Joannem.

330 2093 508 2158 Cum
554 2097 622 2158 in
671 2097 1002 2174 Baptismo
1051 2100 1275 2176 itaque
1332 2114 1453 2175 per
1497 2094 1812 2159 invocati-

248 2228 454 2274 onem
483 2213 843 2286 TrinitatiS,
890 2219 957 2275 et
1000 2210 1111 2275 fiat
1149 2212 1533 2292 protestatio
1564 2209 1718 2272 fidei
1748 2209 1814 2270 in

243 2330 418 2392 facie
449 2330 787 2404 Ecclesiae,
849 2334 916 2392 et
958 2334 1223 2409 petatur
1267 2331 1475 2410 gratia
1524 2342 1808 2408 regene-

244 2462 401 2508 rans
431 2450 504 2510 in
534 2446 887 2522 Christum,
922 2463 1290 2527 congruum
1325 2445 1466 2519 fuit,
1513 2449 1588 2508 ut
1628 2444 1816 2506 invo-

247 2562 416 2622 catio
465 2561 930 2623 institueretur
986 2577 1420 2639 personarum
1475 2559 1597 2621 sub
1657 2574 1810 2637 pro-

248 2678 404 2755 priis
444 2679 852 2750 nominibus,
916 2684 1112 2757 prout
1156 2678 1444 2741 Christus
1490 2676 1815 2755 expressit

251 2795 552 2856 Matthaei
573 2794 826 2869 ultimo,
862 2800 930 2857 et
965 2796 1255 2857 Ecclesia
1297 2810 1564 2873 semper
1608 2793 1815 2854 tenuit

252 2908 315 2967 in
341 2924 475 2970 usu
511 2914 647 2971 tam
695 2908 1123 2989 professionis
1169 2908 1347 2982 fidei,
1395 2925 1592 2988 quam
1634 2910 1812 2970 invo-

258 3024 536 3086 cationis
608 3024 977 3089 divinarum
1047 3040 1506 3105 personarum,
1579 3022 1813 3086 edocta

263 3144 390 3203 tam
445 3158 534 3205 ex
588 3142 736 3205 loco
800 3142 1135 3222 praedicto,
1197 3159 1396 3223 quam
1462 3158 1543 3204 ex
1599 3140 1740 3205 aliis
1795 3161 1809 3202 ε

263 3259 590 3335 Quidquid
613 3260 929 3335 petieritis
946 3264 1211 3337 patrem
1240 3260 1308 3320 in
1346 3259 1603 3320 nomene
1647 3273 1811 3319 meo,

260 3376 452 3438 Nemo
482 3377 661 3438 novit
691 3379 953 3437 Patrem
991 3377 1121 3439 nisi
1157 3376 1379 3450 Filius,
1436 3379 1563 3437 etc.
1623 3378 1816 3436 Pater

259 3488 799 3567 clarifica,etc-et
818 3491 1068 3569 ubique
1098 3491 1162 3551 in
1198 3492 1621 3553 Testamento
1641 3506 1811 3553 novo

262 3601 359 3665 hic
427 3607 674 3669 modus
747 3605 1157 3685 exprimendi
1214 3622 1536 3685 personas
1591 3609 1693 3667 est
1747 3603 1814 3666 in

263 3735 407 3796 usu,
456 3740 591 3801 quo
643 3724 849 3785 utitur
893 3724 1184 3786 Ecclesia
1233 3723 1300 3785 in
1352 3723 1701 3805 Symbolis,
1751 3729 1817 3786 et

266 3838 692 3915 orationibuS,
755 3846 821 3902 et
890 3839 1506 3912 benedictionibus3
1581 3843 1814 3917 estque

268 3957 462 4032 magis
486 3955 1032 4020 accommodatus
1064 3958 1284 4034 captui
1304 3955 1619 4028 omnium,
1664 3952 1816 4034 quia

269 4084 392 4131 non
422 4089 657 4135 omnes
699 4071 1077 4152 intelligunt
1103 4071 1411 4134 notiones
1450 4070 1816 4135 divinarum

272 4201 721 4262 personarum,
754 4192 868 4251 aut
896 4189 1268 4267 intelligere
1300 4192 1598 4266 possunt.

344 4304 517 4367 Sicut
549 4322 711 4386 ergo
756 4303 961 4367 forma
1006 4303 1312 4383 Baptismi
1354 4305 1444 4366 ita
1475 4308 1578 4366 est
1612 4302 1809 4366 tradi·

278 4419 354 4491 ta,
403 4425 473 4481 ut
528 4422 703 4483 sicut
730 4421 1165 4482 ministerium
1196 4415 1817 4483 Sacramentifieret

280 4549 612 4600 commune
668 4541 1061 4618 cuicumque
1121 4542 1440 4616 quantum
1499 4536 1583 4600 ad
1640 4537 1816 4601 valo·

281 4664 427 4727 rem,
457 4657 590 4716 tam
619 4654 769 4717 viris
802 4670 1000 4734 quam
1030 4653 1429 4724 mulieribus,
1464 4658 1596 4716 tarn
1645 4650 1816 4714 fide-

282 4763 434 4833 libus
464 4789 663 4851 quam
699 4769 1101 4846 infidelibus,
1146 4771 1261 4851 qui
1308 4768 1608 4833 conferre
1657 4786 1815 4848 pos-

286 4888 414 4946 sunt
447 4887 945 4951 Sacramentum
986 4887 1204 4952 valide
1236 4887 1303 4948 in
1334 4888 1513 4949 omni
1544 4902 1725 4959 casu,
1751 4888 1818 4947 et

286 4994 441 5064 licite
481 5003 548 5066 in
597 5021 756 5068 casu
804 5004 1258 5077 necessitatis;
1312 5005 1401 5065 ita
1435 5002 1633 5064 etiam
1666 5018 1816 5064 con-

289 5126 503 5189 gruum
530 5117 674 5192 fuit,
726 5126 799 5182 ut
845 5118 1034 5181 fieret
1082 5134 1202 5197 per
1244 5122 1506 5197 propria
1547 5120 1818 5180 nomina

292 5243 717 5309 Personarum,
772 5237 1012 5316 quibus
1057 5234 1224 5298 fides
1270 5235 1575 5314 explicita
1617 5234 1818 5296 Trini-

297 5349 440 5427 tatis,
470 5361 535 5419 et
560 5357 917 5427 invocatio,
966 5353 1337 5417 secundum
1387 5360 1652 5432 captum
1702 5370 1816 5416 cu-

291 5457 498 5548 iusque
528 5473 1028 5551 exprimeretur,
1064 5477 1131 5535 et
1173 5489 1307 5536 non
1344 5487 1467 5549 per
1509 5472 1633 5534 alia
1675 5484 1819 5548 quae

301 5590 528 5661 captum
561 5590 894 5654 excedunt
920 5590 1287 5671 vulgarem.

2015 579 2149 643 Hoc
2218 577 2435 664 ipsum
2484 574 2853 642 declaratur
2928 570 3252 659 exemp10,
3289 568 3477 637 verbi

1920 692 2156 779 gratia,
2229 692 2297 758 in
2340 690 2608 758 materia
2648 689 3085 757 Eucharistiae
3131 686 3474 754 institutus

1922 821 2020 875 est
2082 809 2269 895 panis
2322 808 2611 888 usualis;
2684 808 2840 874 hinc
2900 807 2967 872 in
3037 816 3219 893 pasta
3252 801 3481 889 nequit

1925 925 2320 1006 consecrari,
2380 924 2682 1013 quamvis
2751 922 2970 1011 specie
3010 921 3284 1009 physica
3351 937 3481 983 non

1922 1037 2369 1126 distinguatur
2425 1059 2461 1105 a
2523 1058 2712 1125 pane,
2787 1037 2941 1125 quia
3001 1056 3240 1122 nempe
3286 1031 3474 1121 panis

1929 1176 2058 1220 non
2090 1167 2191 1222 est
2223 1154 2494 1237 usualis,
2534 1155 2684 1222 licet
2714 1166 3032 1243 quantum
3065 1153 3143 1221 ad
3176 1152 3477 1219 effectum

1928 1273 2331 1353 nutritionis,
2407 1273 2593 1361 panis
2681 1273 2810 1340 dici
2879 1271 3111 1360 possit,
3175 1279 3477 1356 respectu

1928 1391 2097 1476 ejuS,
2177 1390 2845 1477 cujus2stomachum
2906 1409 3034 1455 non
3091 1385 3474 1454 offenderet.

1925 1508 2016 1571 lta
2092 1504 2162 1571 in
2238 1506 2457 1572 verbis
2522 1504 2905 1590 contingere
2963 1514 3200 1589 potest,
3256 1517 3329 1567 ut
3404 1519 3479 1565 ea

1926 1640 2206 1708 quorum
2275 1640 2433 1687 usus
2499 1631 2597 1686 est
2662 1617 3031 1686 communis
3110 1627 3173 1682 et
3226 1635 3476 1683 accom-

1930 1735 2229 1802 modatus
2270 1735 2485 1823 captui
2546 1736 2841 1802 omnIum
2883 1753 3249 1820 congruum
3285 1730 3481 1798 fuerit

1928 1852 2208 1932 institui,
2255 1873 2382 1918 non
2444 1852 2593 1933 alia,
2662 1852 2822 1919 licet
2874 1862 3174 1937 respectu
3225 1847 3481 1935 aliquo-

1928 1991 2073 2037 rum
2150 1970 2283 2037 sint
2367 1970 2851 2058 aequivalentia,
2907 1989 3143 2055 nempe
3201 1964 3481 2033 Theolo-

1923 2108 2325 2175 gorum,non
2368 2098 2583 2153 namen
2618 2096 2915 2172 respectu
2956 2082 3254 2151 omnium
3329 2081 3483 2169 qui·-

1927 2203 2048 2269 bus
2105 2202 2584 2271 accommodari
2653 2201 2879 2269 debuit
2923 2202 3161 2288 forma,
3207 2198 3379 2266 sicut
3417 2209 3481 2263 et

1926 2332 2212 2405 potestas
2299 2318 2713 2386 ministrandi
2801 2320 3294 2384 Sacramentum
3389 2312 3469 2379 ad

1937 2458 2049 2504 eos
2100 2437 2224 2503 fuit
2283 2435 2616 2503 translata.

2017 2553 2535 2619 Fundamentum
2577 2572 2736 2638 ergo
2805 2548 3188 2638 primarium
3249 2558 3349 2615 est
3381 2545 3474 2612 in-

1927 2670 2180 2737 stitutio
2258 2669 2499 2737 Christi
2575 2670 2921 2738 accedente
2977 2689 3100 2735 usu
3163 2678 3227 2733 et
3281 2665 3471 2732 inter·

1927 2788 2286 2874 pretatione
2318 2800 2448 2854 tam
2479 2773 2808 2867 Ecclesiae,
2849 2805 3044 2874 quam
3091 2788 3465 2850 Doctorum.
3524 2802 3529 2809 ”

3555 2579 3791 2705 νεξὲιιει

3533 2705 3759 2768 rejicitur
3771 2745 3784 2759 ,

1926 2905 2230 2992 Vasquez
2302 2903 2480 2989 disp.
2534 2908 2681 2970 144.
2730 2924 2879 2990 cap.
2950 2902 3016 2969 3.
3114 2911 3297 2987 putat
3347 2902 3474 2964 Do·
3528 2922 3533 2927 ·

1926 3029 2173 3085 ctorem
2242 3017 2522 3085 deficere
2586 3019 2650 3085 in
2720 3040 2839 3085 suo
2924 3016 3251 3097 discursu,
3326 3014 3480 3104 quia

1930 3156 2057 3202 non
2105 3134 2400 3224 assignat
2459 3135 2801 3218 rationem,
2886 3153 3087 3223 quare
3157 3131 3481 3200 invocatio

1927 3273 2354 3341 personarum
2431 3253 2554 3320 sub
2589 3251 2965 3319 nominibus
2997 3249 3281 3339 propriis
3337 3248 3481 3316 fieri

1927 3366 2180 3448 debeat,
2227 3379 2290 3435 et
2332 3387 2461 3434 non
2514 3367 2637 3434 sub
2668 3365 3237 3455 aequivalentibus,
3307 3364 3482 3451 quod

1925 3485 2179 3566 docere,
2220 3483 2454 3573 inquit,
2535 3483 2794 3550 deberet
2835 3484 2998 3569 ipse,
3034 3493 3096 3548 et
3133 3481 3264 3546 alii
3302 3501 3462 3567 quos

1926 3604 2183 3690 rejicit.
2263 3601 2387 3669 Sed
2467 3622 2596 3667 non
2628 3599 2958 3687 integrum
3020 3597 3311 3666 Doctoris
3342 3576 3529 3663 dis--

1924 3739 2195 3786 cursum
2238 3717 2599 3806 ponderat;
2664 3715 2771 3783 illa
2804 3714 2996 3802 ,enim
3046 3726 3148 3781 est
3213 3711 3482 3780 conclu·-

1926 3832 2023 3899 sio
2081 3830 2474 3912 communiS,
2565 3851 2760 3917 quam
2854 3827 3258 3915 probationis
3339 3826 3481 3893 loco

1929 3968 2058 4013 non
2090 3945 2433 4014 substituit
2474 3944 2849 4024 Doctor,sed
2881 3942 3287 4010 assertionis.
3324 3946 3478 4009 Eam

1929 4064 2158 4150 probat
2235 4082 2317 4128 ex
2412 4059 2663 4127 ratione
2764 4059 3125 4147 praemissa,
3216 4071 3527 4145 sumpta·

1927 4177 2355 4266 congruentia
2416 4197 2495 4244 ex
2553 4175 2746 4242 modo
2827 4174 3170 4241 invocandi
3248 4179 3476 4256 Deum,
3526 4181 3529 4186 '

1903 4307 1990 4362 et
2054 4291 2468 4380 significandi
2503 4313 2621 4359 usu
2657 4295 3028 4379 Synagogae
3074 4312 3188 4378 per
3241 4312 3478 4359 nomen

1930 4412 2204 4488 Jelzova,
2278 4413 2884 4495 Tetragrammaton
2945 4406 3284 4494 proprium
3334 4409 3475 4475 Dei.

1929 4530 2307 4615 Congruum
2375 4540 2514 4593 erat
2562 4526 2757 4593 etiam
2797 4525 3129 4592 Christum
3164 4525 3261 4592 sic
3301 4523 3485 4591 insti-

1930 4643 2137 4712 tuisse
2202 4646 2475 4712 sormam
2554 4642 2866 4730 Baptismi
2918 4641 3041 4707 sub
3074 4641 3515 4708 invocatione-

1905 4791 1912 4798 ·
1940 4781 2364 4847 personarum
2411 4759 2533 4826 sub
2571 4758 2952 4826 nominibus
2984 4758 3291 4845 propriis,
3328 4756 3484 4844 quia

1927 4876 2075 4945 talis
2110 4876 2436 4944 invocatio
2512 4875 2818 4962 proponit
2859 4874 3178 4942 motivum
3218 4893 3482 4960 expres·

1929 4994 2095 5078 sius,
2167 5015 2249 5061 ex
2314 5014 2441 5082 quo
2514 4992 2820 5060 reddatur
2870 4991 3082 5079 magis
3112 4988 3480 5057 efficaxin-

1928 5109 2210 5189 vocatio;
2268 5121 2475 5176 totum
2533 5121 2748 5177 autem
2810 5107 3088 5175 refertur
3153 5105 3232 5172 ad
3293 5105 3480 5173 insti-

1926 5227 2271 5307 tutionem,
2316 5226 2467 5315 quia
2527 5246 2657 5291 non
2732 5221 3207 5291 observabatur
3260 5220 3329 5288 in
3372 5220 3481 5288 illa

1892 5359 1905 5369 ·
1928 5344 2257 5432 genitoris
2305 5354 2367 5408 et
2419 5342 2649 5429 yeniti,
2690 5353 2812 5408 etc.
2895 5339 3103 5405 forma
3184 5337 3481 5405 instituta

1931 5484 1967 5528 a
1996 5460 2277 5529 Christo.
2316 5457 2819 5547 Comprehendit
2860 5456 3055 5524 etiam
3088 5459 3321 5523 Doctor
3352 5455 3478 5524 sub

1931 5576 2349 5645 invocatione
2381 5574 2577 5641 trium
2602 5592 3054 5661 personarum,
3103 5592 3230 5638 non
3263 5570 3476 5641 solum
