4255 6375
77 2511 274 2563 npugna·

82 3586 107 3634 J
110 3586 262 3638 ustitia

78 3649 294 3713 riginalis.

78 4787 298 4840 Hem-icus.

1498 390 1699 454 Dts'r.
1760 392 1806 455 1.
1840 391 2202 468 QUAESTIO
2249 393 2351 457 Vl.

335 570 463 630 na..
492 549 890 643 fitdignus
924 550 1093 624 vita.
1125 552 1459 630 aeter-na,
1486 552 1565 622 et
1598 551 1689 623 de
1713 573 1872 624 non

330 675 662 763 potente
697 671 1122 746 meritorie
1163 693 1430 767 agere,
1466 673 1555 747 fit
1590 679 1873 766 potens

330 805 578 877 agere
652 789 1110 862 meritorie.
1192 788 1412 862 Licet
1487 810 1686 883 ergo
1776 813 1873 864 ex

333 904 600 995 prima
656 906 1106 980 mutatione
1154 927 1315 978 non
1370 907 1628 1000 possit
1687 927 1874 979 con-

329 1021 541 1094 cludi
594 1022 867 1116 aliqua
914 1024 1179 1096 forma
1213 1045 1421 1097 nova
1466 1027 1543 1098 in
1583 1025 1875 1118 justifl-

328 1138 680 1222 catione,
726 1145 999 1216 tamen
1046 1163 1142 1213 ex
1187 1142 1537 1214 secunda
1577 1145 1869 1234 potest,

326 1259 407 1329 et
439 1255 558 1330 sic
590 1261 975 1348 argutum
1005 1260 1129 1331 est
1164 1256 1293 1338 ibi,
1329 1261 1482 1326 dist.
1527 1262 1870 1347 17prim0.

204 1415 217 1428 ·
324 1371 511 1444 Non
552 1372 765 1445 enim
808 1376 930 1446 est
962 1394 1173 1447 nunc
1212 1373 1500 1467 dignus
1534 1376 1623 1446 de
1666 1394 1874 1445 novo

324 1484 496 1559 vita
565 1493 899 1570 aeterna,
957 1510 1210 1582 neque
1254 1510 1464 1562 nunc
1517 1489 1607 1562 de
1664 1508 1874 1559 novo

322 1603 596 1692 potest
667 1602 1089 1675 meritorie
1145 1622 1415 1695 agere,
1468 1602 1625 1675 nisi
1718 1600 1876 1675 for-

322 1736 540 1791 mam
579 1717 936 1811 aliquam
1004 1740 1300 1791 novam
1341 1719 1656 1800 habeat,
1722 1737 1878 1811 qua

323 1832 428 1906 sit
475 1835 795 1926 dignus,
840 1838 918 1908 et
962 1856 1117 1927 qua
1158 1836 1420 1929 possit
1472 1854 1738 1928 agere.

778 2145 1443 2210 COMMENTARIUS.

3420 395 3533 460 211

1988 561 2429 646 probabiliter,
2469 581 2751 648 sequens
2788 561 3176 628 sententiam
3232 562 3535 648 antiquo·

1986 697 2130 743 rum
2193 678 2264 742 in
2303 681 2366 743 2.
2428 675 2589 742 disc.
2654 678 2762 740 29.
2841 686 2903 742 et
2960 675 3279 743 reducens
3355 672 3534 744 illam

1987 792 2380 860 sententiam
2425 791 2679 858 Henrici
2714 791 2792 856 ad
2824 812 3188 878 congruum
3236 811 3533 858 sensum.

1986 913 2080 975 lta
2120 910 2378 977 Alensis
2418 911 2482 977 2.
2524 920 2705 995 μανι.
2752 921 2977 996 quoesc.
3014 912 3078 976 9.
3127 932 3212 976 m.
3254 914 3315 975 1.
3362 921 3422 975 ει
3465 913 3531 974 2.
3736 984 3746 993 ,

1988 1029 2060 1091 D.
2117 1028 2569 1091 Bonaventura
2609 1026 2682 1090 in
2741 1027 2802 1090 2.
2876 1025 3032 1092 dist.
3106 1027 3214 1090 29.
3282 1035 3413 1091 art.
3478 985 3887 1120 1.A1{32{¹3331

1987 1152 2211 1228 quaest.
2263 1147 2319 1206 1.
2366 1153 2426 1207 el
2469 1145 2532 1208 2.
2610 1141 2969 1208 Richardus
3012 1141 3234 1229 (quem
3285 1162 3366 1208 ex
3408 1141 3538 1208 ins·
3574 1109 3881 1162 R¹⁰h⁸¹⁸d¹¹³

1987 1259 2182 1325 tituto
2234 1259 2336 1326 hic
2369 1263 2601 1326 Doctor
2659 1260 3027 1347 impugnat)
3096 1258 3324 1326 eadem
3376 1259 3531 1326 dist.

2006 1386 2232 1460 φανεῖ.
2302 1379 2361 1439 1.
2428 1385 2487 1438 et
2525 1375 2683 1440 disc.
2730 1378 2839 1440 21.
2890 1386 3020 1441 arc.
3070 1379 3129 1440 1.
3195 1385 3421 1462 quaest.
3471 1378 3531 1441 1.

1989 1490 2101 1576 qui
2189 1501 2429 1577 negant
2527 1492 2728 1558 Adam
2817 1491 3020 1558 fuisse
3105 1503 3392 1558 creatum
3471 1490 3536 1556 in

1988 1607 2223 1692 gratia,
2303 1607 2416 1674 sed
2478 1607 2543 1672 in
2630 1608 2762 1674 sola
2847 1606 3101 1694 justitia
3202 1606 3529 1693 originali.

1988 1723 2237 1799 Quibus
2269 1722 2535 1810 adjungi
2570 1735 2863 1810 possunt,
2911 1723 3021 1810 qui
3068 1723 3261 1789 etiam
3296 1733 3538 1809 negant

1990 1839 2278 1927 Angelos
2317 1851 2568 1904 creatos
2626 1839 2829 1905 fuisse
2868 1839 2931 1905 in
2962 1838 3197 1926 gratia,
3245 1850 3313 1904 ut
3354 1836 3534 1924 AEgi-

1990 1955 2141 2022 dius
2189 1957 2262 2022 in
2293 1959 2357 2023 2.
2396 1955 2552 2023 dist.
2625 1960 2689 2022 4.
2735 1967 2960 2042 quoest.
3009 1960 3070 2021 1.
3132 1968 3263 2023 are.
3309 1960 3374 2021 4.
3417 1961 3534 2022 Ar·
3576 1944 3856 2072 Αἷξέἐξξξιξῖ

1989 2071 2295 2158 geminas
2335 2084 2558 2158 quoest.
2610 2076 2670 2137 1.
2713 2084 2845 2138 art.
2885 2075 2947 2138 2.
3002 2070 3263 2140 Accedit
3302 2070 3532 2138 Marsi·
3569 2069 3856 2184 ffiffiljffig·

1993 2186 2121 2252 lius
2151 2187 2224 2252 in
2263 2191 2327 2252 2.
2394 2197 2620 2274 quoest.
2669 2191 2774 2254 18.
2838 2188 3181 2256 Durandus
3228 2187 3384 2254 dist.
3420 2189 3528 2255 20.
3604 2170 3864 2321 ῦέἒῑτὲξι]

1989 2316 2214 2390 quoest.
2261 2310 2324 2372 5.
2361 2305 2612 2372 Gabriel
2664 2306 2820 2372 dist.
2868 2309 2975 2372 30.
3021 2317 3248 2392 quoest.
3299 2310 3358 2371 1.
3406 2307 3534 2371 Ma·
3594 2317 3843 2430 Ιῗίιξὲἳέιέ.

418 2421 508 2509 (e)
539 2422 790 2487 Contra
826 2422 1021 2486 iscam
1050 2421 1874 2508 conclusionemaryuitur
1981 2419 2088 2506 jor
2125 2432 2351 2507 quoest.
2406 2425 2469 2489 2.
2513 2434 2575 2488 et
2607 2424 2890 2508 primum
2927 2422 3287 2490 universim
3330 2433 3533 2489 nostri
3605 2443 3842 2507 Mayron.

324 2538 553 2623 primo
564 2539 680 2611 sic,
699 2548 820 2603 etc.
840 2537 1100 2603 Duabus
1120 2536 1476 2604 rationibus
1494 2537 1631 2625 agit
1649 2542 1879 2605 Doctor

328 2665 561 2720 contra
617 2653 897 2739 priorem
968 2653 1356 2719 sententiam
1406 2676 1419 2718 ε
1464 2654 1679 2719 Prima
1747 2667 1870 2734 est,

329 2769 505 2857 quod
570 2768 882 2836 rectitudo
942 2769 1259 2836 naturalis
1306 2770 1659 2856 opponitur
1726 2791 1877 2856 pec-

330 2896 474 2952 cato
549 2885 877 2972 originali,
973 2907 1100 2972 qua
1184 2886 1390 2973 posita
1463 2886 1664 2952 deleri
1762 2907 1877 2973 po-

1990 2539 2320 2616 DoctoreS,
2366 2559 2642 2625 quorum
2676 2539 2871 2627 aliqui
2904 2540 3071 2606 hanc
3104 2539 3534 2626 quaestionem
3571 2507 3636 2557 1).
3689 2506 3877 2559 Thom,

1988 2651 2321 2719 disserunt
2390 2653 2455 2719 in
2510 2660 2574 2723 4.
2646 2656 2769 2720 hac
2820 2656 2975 2722 dist.
3056 2668 3127 2722 ut
3183 2656 3533 2737 BassoliuS,

1988 2768 2269 2850 Rubion,
2306 2774 2599 2857 Mayron.
2657 2771 2748 2837 Ab
2790 2772 2893 2837 his
2951 2770 3300 2839 dissentire
3350 2771 3530 2839 vide·

1989 2894 2096 2949 tur
2146 2888 2212 2953 D.
2245 2887 2528 2954 Thomas
2559 2898 2811 2953 tantum
2853 2888 2916 2953 in
2949 2907 3049 2966 ec,
3087 2886 3257 2975 quod
3306 2887 3540 2955 asserit

328 3012 482 3068 test.
522 2999 812 3068 Secunda
845 3011 966 3081 est,
1011 3000 1369 3067 sicutDeus
1418 3001 1624 3088 potuit
1670 3000 1880 3087 primo
1984 3000 2312 3088 justitiam
2364 3003 2750 3090 originalem
2822 3003 3025 3072 fuisse
3066 3005 3413 3071 radicatam
3467 3003 3535 3069 in

331 3117 734 3184 constituere
806 3117 1139 3184 hominem
1198 3129 1445 3184 rectum
1520 3116 1877 3183 secundum

324 3235 653 3322 justitiam
731 3233 1140 3320 originalem,
1225 3246 1289 3300 et
1357 3235 1419 3301 in
1497 3234 1883 3302 rectitudine

336 3350 646 3428 naturali,
689 3350 785 3417 sic
869 3350 1063 3418 etiam
1139 3361 1352 3438 potest
1427 3351 1679 3438 lapsum
1742 3373 1881 3417 res-

339 3475 600 3532 taurare
661 3465 725 3530 in
787 3465 1078 3532 eamdem
1130 3466 1610 3532 rectitudinem.

425 3580 526 3646 Αι1
567 3581 962 3648 evidentiam
1019 3581 1281 3661 horum,
1348 3583 1410 3648 in
1471 3603 1714 3669 genere
1767 3582 1884 3648 ad-

338 3697 726 3764 vertendum
767 3711 866 3764 est
905 3702 925 3783 (
970 3698 1213 3764 omissa
1258 3697 1581 3764 sententia
1634 3700 1883 3765 moder-

309 3833 579 3896 norum
611 3812 980 3900 >justitiam
1036 3812 1424 3900 originalem
1470 3814 1550 3879 ab
1601 3815 1888 3901 antiquis

339 3926 759 3994 Scholasticis
788 3927 1096 3995 constitui
1137 3928 1201 3993 in
1252 3927 1628 4015 integritate
1668 3940 1730 3994 et
1790 3949 1888 3994 re-

338 4042 654 4110 ctitudine
695 4042 970 4109 naturali
1014 4055 1073 4109 et
1127 4042 1439 4110 habituali
1484 4055 1756 4125 naturae,
1804 4043 1889 4111 si-

338 4178 419 4223 ve
458 4157 570 4224 illa
608 4158 803 4224 suerit
848 4158 1039 4246 vigor
1089 4158 1231 4246 ipse
1276 4170 1529 4226 naturae
1578 4170 1641 4226 et
1699 4159 1889 4226 liberi

278 4344 290 4356 ι
340 4272 618 4353 arbitrii,
688 4284 758 4339 ut
802 4274 1110 4359 Magister
1169 4274 1325 4339 dist.
1380 4278 1490 4341 24.
1553 4275 1890 4340 insinuare

343 4388 624 4469 videtur,
678 4389 782 4455 cui
822 4389 1204 4476 superaddit
1242 4390 1517 4476 gratiam
1572 4391 1713 4457 sine
1764 4410 1892 4477 qua

345 4526 500 4583 non,
551 4524 680 4570 non
726 4516 940 4572 autem
986 4505 1181 4584 dona,
1226 4517 1338 4572 aut
1390 4506 1667 4591 gratiam
1744 4527 1891 4572 san·

347 4619 775 4699 ctificantem;
819 4631 881 4686 et
912 4641 990 4687 ex
1027 4631 1206 4707 parte
1238 4621 1494 4686 videtur
1525 4622 1895 4688 consentire

350 4737 668 4804 Henricus
728 4738 1115 4813 Quodlibelo
1162 4741 1225 4805 6.
1277 4749 1502 4824 qnaesc.
1578 4744 1689 4805 11.
1750 4759 1890 4804 earn

351 4854 553 4920 fuisse
591 4852 1044 4920 rectitudinem
1076 4853 1455 4932 voluntatis,
1506 4874 1655 4939 quas
1693 4875 1896 4940 oppo-

350 4970 526 5035 nitur
562 4968 891 5049 curvitati‚
940 4989 1089 5055 quae
1139 4980 1238 5034 est
1292 4969 1460 5035 sicut
1499 4970 1777 5055 qualitas
1828 4971 1893 5036 in

348 5083 727 5169 quantitate,
774 5104 887 5169 per
954 5103 1149 5169 quam
1183 5082 1613 5169 distinguitur
1668 5096 1896 5148 natura

345 5198 641 5264 instituta
674 5219 709 5264 a
749 5219 818 5264 se
850 5199 992 5284 ipsa
1026 5209 1173 5286 post
1206 5198 1487 5284 lapsum,
1536 5198 1675 5264 sive
1700 5199 1895 5264 etiam

347 5313 543 5379 fuerit
604 5312 848 5380 donum
933 5312 1195 5400 aliquod
1269 5312 1759 5399 superadditum
1834 5327 1898 5380 et

346 5428 864 5515 supernaturale,
934 5428 1249 5495 ordinans
1302 5429 1633 5494 hominem
1685 5430 1764 5495 ad
1825 5430 1897 5495 fi-

347 5565 495 5612 nem
526 5564 718 5613 suum
788 5544 1174 5625 naturalem,
1220 5556 1411 5632 prout
1450 5556 1626 5612 tenet
1664 5550 1898 5613 Doctor

1980 4969 2117 5035 wib,
2176 4968 2255 5033 de
2298 4981 2567 5055 peccato
2635 4972 2983 5057 oriqinali,
3031 4992 3179 5037 esse
3232 4970 3550 5057 privatio·
3716 4968 3772 5015 1¹¹

1992 3116 2199 3202 gratia
2242 3116 2707 3184 sanctificante.

2084 3230 2644 3315 Distinguitenim
2692 3237 2750 3297 1.
2797 3236 2858 3297 2.
2915 3255 2976 3319 q.
3045 3235 3193 3300 109.
3233 3233 3538 3320 intregri-
3623 3243 3843 3317 meatus

1993 3356 2193 3412 tatem
2237 3359 2509 3428 naturae,
2545 3358 2607 3413 et
2655 3348 2931 3435 gratiam
2988 3349 3529 3416 sanctificantem.
3596 3312 3882 3435 offffitaiffs.

1997 3464 2177 3527 Patet
2217 3464 2409 3529 etiam
2442 3485 2523 3530 ex
2562 3462 2797 3530 effectu
2833 3463 3113 3550 justitiae
3162 3465 3539 3552 originaliS,

1998 3579 2107 3666 qui
2143 3579 2262 3646 fuit
2299 3579 2622 3647 ordinatio
2667 3581 3102 3668 potentiarum
3149 3581 3214 3647 in
3263 3554 3547 3668 operan-

1997 3693 2079 3759 do
2137 3696 2624 3776 delectabiliter,
2693 3695 3053 3763 secundum
3127 3708 3371 3764 rectam
3446 3719 3547 3765 ra·

1999 3810 2268 3892 tionem,
2305 3825 2368 3878 et
2406 3813 2575 3879 circa
2606 3813 3026 3880 rebellionem
3063 3824 3173 3879 aut
3215 3815 3506 3882 fomitem
3530 3868 3545 3884 .

2000 3935 2177 3997 Hanc
2222 3951 2383 4017 ergo
2424 3929 2838 4009 sententiam,
2886 3952 3034 4017 quae
3063 3944 3163 3997 est
3200 3933 3537 4014 Richardi,

2001 4046 2315 4135 supponit
2378 4050 2633 4112 Doctor.
2698 4045 2861 4121 Quid
2930 4057 3148 4113 autem
3221 4049 3551 4115 senserint

2003 4162 2296 4229 moderni
2338 4162 2507 4227 circa
2574 4161 2961 4249 originalem
3008 4163 3356 4250 justitiam,
3418 4185 3546 4230 non

2001 4290 2100 4344 est
2140 4279 2337 4365 hujus
2369 4276 2490 4343 loci
2524 4277 2869 4358 disserere,
2926 4290 2990 4344 et
3055 4300 3136 4345 an
3195 4281 3274 4345 ab
3315 4279 3546 4346 iisdem

2003 4391 2345 4459 dissentiat
2410 4403 2631 4457 noster
2670 4395 2903 4459 Doctor
2949 4414 3028 4459 ex
3072 4394 3334 4481 propria
3393 4414 3550 4460 sen-

2003 4506 2229 4573 tentia.

2092 4621 2381 4687 Alterum
2442 4623 2857 4708 suppositum
2919 4625 3214 4690 Doctoris
3256 4634 3354 4689 est
3394 4644 3551 4710 pec-
3627 4589 3863 4705 Alizgium

2003 4750 2217 4803 catum
2285 4736 2605 4824 originale
2670 4759 2749 4803 ex
2845 4740 3167 4807 sententia
3258 4740 3549 4806 Anselmi
3624 4715 3857 4829 ⁸¹¹tffifi'

2005 4853 2118 4918 lib.
2173 4852 2254 4918 de
2333 4854 2665 4939 Cone-epta
2707 4854 3053 4942 viryinali,
3101 4877 3247 4942 cap.
3303 4858 3411 4922 26.
3490 4865 3551 4921 et
3596 4839 3871 4953 (ξὲῖξζῗζᾷξ

2007 5104 2155 5149 nem
2227 5086 2507 5171 justitiae
2565 5086 2930 5174 originalis,
3002 5107 3194 5173 quam
3253 5086 3551 5174 sequitur
3579 5034 3888 5143 gnvgffioong.

2009 5202 2243 5265 Doctor
2285 5202 2359 5266 in
2397 5204 2467 5267 2.
2521 5203 2675 5269 dist.
2713 5206 2821 5268 31.
2870 5202 3098 5288 reliqui
3132 5201 3547 5268 Sententiarii
3625 5154 3848 5207 Aleum.

2005 5316 2161 5381 dist.
2191 5318 2298 5381 30.
2328 5316 2559 5384 Schola
2592 5321 2667 5383 D.
2694 5319 2961 5385 Thomae
2989 5322 3049 5384 1.
3087 5321 3149 5384 2.
3180 5329 3404 5404 quoest.
3433 5323 3541 5385 51.

2006 5441 2143 5497 arc.
2219 5437 2280 5496 5.
2327 5432 2417 5497 ad
2455 5436 2519 5498 2.
2564 5443 2623 5497 ec
2689 5445 2911 5519 quoesc.
2986 5435 3093 5498 82.
3140 5456 3204 5500 a.
3250 5436 3314 5500 2.
3368 5446 3429 5500 et
3475 5439 3540 5500 3.

2009 5547 2267 5614 Alensis
2305 5550 2372 5613 2.
2421 5560 2602 5635 part.
2649 5560 2874 5635 quoest.
2932 5552 3080 5616 122.
3133 5571 3545 5643 quocumque
