4255 6375
1385 388 1583 450 msT.
1641 388 1741 449 vl.
1775 388 2139 465 QUAEsTlo
2172 390 2274 452 ix.

212 550 395 618 cter
472 544 577 619 sit
630 546 1101 629 indelebilis,
1152 547 1375 618 nulla
1415 546 1608 619 talis
1650 550 1774 619 est

206 660 489 733 forma
522 662 603 733 in
635 662 909 735 anima
946 662 1353 752 baptizati.

301 777 755 851 Secundum
798 777 1044 852 istam
1105 778 1598 871 opinionem,
1632 796 1768 870 pa-

200 898 320 968 tet
380 895 809 987 responsio
848 896 943 967 ad
975 895 1171 967 duas
1224 893 1766 968 auctoritates

200 1010 591 1084 adductas
634 1010 729 1082 ad
763 1011 1011 1083 aliam
1073 1014 1393 1104 partem
1454 1008 1769 1102 quaesti-

204 1126 417 1209 onis,
455 1125 643 1219 quia
676 1125 887 1199 male
920 1127 1449 1208 adducuntur,
1492 1130 1572 1199 et
1610 1146 1770 1198 om·

202 1244 407 1325 nino
463 1263 623 1315 non
705 1244 1137 1317 secundum
1234 1243 1768 1316 intentionem

206 1364 676 1441 auctorum,
751 1361 963 1434 sicut
1040 1362 1263 1453 patet
1352 1360 1431 1431 in
1503 1360 1770 1452 prima

212 1477 542 1550 ratione
576 1476 816 1552 istius
854 1477 1285 1571 opinionis.

301 1595 424 1668 Ad
487 1592 890 1667 rationem
962 1615 1113 1688 pro
1185 1594 1325 1666 illa
1394 1598 1631 1686 parte
1679 1594 1772 1664 de

213 1711 829 1792 indelebilitate,
872 1712 1317 1804 respondeo
1362 1710 1566 1802 quod
1611 1730 1771 1782 non

212 1830 341 1899 est
388 1830 1012 1901 Sacramentum
1055 1826 1545 1906 initerabile,
1593 1845 1773 1918 pro-

212 1949 404 2036 pter
446 1943 600 2015 hoc
674 1944 881 2035 quod
941 1943 1365 2036 imprimat
1398 1941 1772 2015 effectum

210 2059 752 2142 indelebilem,
846 2060 979 2132 sed
1078 2080 1177 2131 ex
1265 2058 1773 2132 ordinatione

209 2175 521 2261 divina,
559 2176 772 2250 sicut
838 2176 1139 2250 dictum
1182 2180 1307 2249 est
1349 2176 1430 2248 in
1473 2195 1771 2268 praece·

209 2292 436 2367 denti
480 2294 951 2386 quaestione.
1668 2358 1671 2365 ς

308 2412 487 2482 Ista
545 2411 796 2483 etiam
857 2411 1073 2482 ratio
1130 2414 1396 2501 potest
1457 2410 1637 2484 duci
1680 2412 1772 2482 ad

221 2527 725 2620 oppositum.
772 2526 1037 2618 Magis
1080 2527 1293 2598 enim
1326 2530 1449 2598 est
1494 2530 1776 2598 Sacra-

220 2648 592 2718 mentum
638 2643 1121 2725 initerabile‚
1162 2643 1231 2716 si
1265 2643 1574 2715 nullam
1615 2642 1774 2713 for-

217 2781 447 2834 mam
544 2761 991 2854 imprimat,
1086 2759 1273 2852 quia
1352 2764 1772 2852 quantum-

212 2898 566 2969 cumque
627 2876 1141 2971 imprimeret
1208 2876 1463 2957 illam‚
1524 2874 1773 2947 deleri

214 2999 524 3087 posset.
601 2993 683 3067 Si
735 2997 1009 3067 autem
1092 2995 1354 3065 solum
1440 2994 1776 3087 ponitur

216 3109 715 3193 initerabile,
781 3110 969 3202 quia
1027 3110 1333 3184 transit
1414 3111 1494 3183 in
1576 3132 1770 3204 prae-

213 3229 587 3312 teritum,
677 3231 867 3301 tunc
944 3227 1316 3303 salvatur
1386 3229 1775 3323 simplici-

212 3351 347 3419 ter
399 3344 617 3417 ratio
654 3344 1129 3428 indelebilis,
1176 3346 1367 3437 quia
1416 3348 1630 3419 Deus
1685 3347 1775 3419 de

212 3463 586 3556 potentia.
647 3462 1023 3536 absoluta
1105 3483 1268 3534 non
1334 3466 1607 3556 posset
1659 3464 1775 3535 fa-

212 3598 407 3651 cere
465 3577 981 3668 praeteritum
1024 3598 1185 3650 non
1244 3579 1771 3671 praeteriisse,

212 3715 412 3768 nam
500 3696 567 3767 si
663 3693 932 3787 fugias
1011 3696 1101 3767 ad
1186 3695 1538 3769 formam
1632 3699 1772 3771 im-

214 3830 619 3904 pressam,
667 3832 849 3886 cum
912 3812 1284 3903 quaelibet
1347 3813 1453 3887 sit
1494 3814 1777 3886 delebi-

214 3931 350 4012 lis,
407 3948 568 4000 non
618 3928 964 4003 habetur
997 3928 1487 4022 simpliciter
1538 3931 1773 4004 inite-

218 4046 632 4119 rabilitas.
726 4048 869 4120 Sed
958 4046 1025 4119 si
1093 4047 1413 4121 dicatur
1498 4049 1770 4121 actum

218 4162 741 4256 praeteritum
790 4183 970 4235 esse
1049 4162 1397 4254 signum,
1436 4185 1619 4237 cum
1680 4165 1773 4236 il-

214 4282 291 4353 le
384 4283 617 4353 actus
705 4280 1178 4373 praeteritus
1268 4300 1429 4352 non
1507 4284 1771 4375 possit

211 4396 494 4480 deleri,
606 4397 677 4469 id
730 4402 878 4478 est,
951 4419 1111 4470 non
1147 4397 1423 4482 fuisse,
1510 4401 1772 4492 sequi-

212 4516 357 4586 tur
396 4514 602 4605 quod
644 4513 804 4587 ista
854 4513 963 4587 sit
1012 4514 1228 4588 ratio
1284 4513 1774 4608 simpliciter

218 4629 897 4705 initerabilitatis.

795 4892 1195 4952 SCHOLIUM.

293 5116 427 5174 Non
481 5130 660 5188 posse
704 5116 965 5188 probari
1045 5118 1305 5187 ratione,
1357 5122 1771 5192 experientia,

224 5216 549 5287 Scriptura
581 5229 778 5283 sacra,
811 5216 917 5271 vel
947 5216 1137 5273 claris
1176 5221 1237 5273 et
1272 5221 1585 5290 expressis
1615 5220 1774 5278 San-

222 5316 466 5370 ctorum
514 5313 687 5376 locis,
738 5312 1094 5383 ponendum
1145 5328 1278 5371 esse
1317 5315 1770 5387 characterem,

226 5410 333 5467 sed
407 5409 543 5467 dari
593 5414 835 5467 constat
908 5427 982 5466 ex
1053 5414 1415 5471 auctoritate
1457 5417 1769 5488 Ecclesiae,

228 5526 277 5564 c.
310 5511 567 5579 Major-es,
596 5508 672 5565 de
698 5513 865 5581 bapt.
891 5510 1053 5581 quod
1082 5517 1221 5585 post
1249 5515 1403 5573 Scot.
1445 5516 1770 5576 definitum

235 5610 331 5662 est
376 5607 441 5663 in
493 5609 756 5665 Florent.
795 5609 1046 5666 Decreto
1094 5613 1247 5683 Eug.
1300 5619 1361 5672 et
1390 5614 1555 5671 Trid.
1600 5630 1680 5672 ss,
1711 5620 1768 5673 7.

3324 391 3439 453 603

1884 563 2020 604 can.
2068 550 2124 604 6.
2167 547 2274 604 sed
2306 563 2382 604 ex
2411 549 2883 606 auctoritatibus
2932 565 3053 607 non
3097 553 3436 621 expressis.

1883 650 2112 702 Omnes
2177 654 2346 709 enim
2407 661 2656 727 possent
2715 651 2939 719 exponi
2985 649 3064 706 de
3129 651 3265 721 iPSO
3322 652 3441 706 Βδ-

1882 748 2132 819 ptimo,
2190 750 2298 819 qui
2338 750 2461 808 dici
2514 758 2713 824 potest
2749 753 3074 810 character
3117 753 3178 806 et
3225 750 3439 817 signa-

1882 844 2119 903 culum.
2185 846 2345 905 Vide
2418 850 2551 907 loca
2622 853 2984 910 Sanctorum
3053 848 3221 922 apud
3285 848 3438 905 Coc-

1885 958 2076 1001 cium.

1971 1258 2085 1329 Ad
2155 1259 2684 1350 quaestionem
2726 1265 2994 1354 potest
3060 1261 3214 1335 dici
3284 1261 3431 1335 ali-

1885 1380 2037 1456 ter,
2085 1376 2291 1466 quod
2324 1376 2515 1451 licet
2545 1378 3110 1452 characterem
3168 1379 3432 1452 inesse

1886 1492 2203 1574 animae,
2289 1514 2451 1566 non
2527 1496 2788 1587 possit
2878 1495 3211 1588 probari
3290 1517 3434 1590 per

1892 1609 2292 1682 rationem
2338 1613 2824 1695 naturalem,
2863 1631 3115 1706 neque
3149 1612 3230 1685 in
3264 1615 3435 1685 uni-

1887 1725 2214 1807 versali,
2273 1727 2478 1818 quod
2557 1728 2868 1802 scilicet
2945 1748 3275 1801 necesse
3327 1729 3433 1802 sit

1885 1843 2077 1914 dare
2110 1843 2359 1916 talem
2416 1840 2766 1916 formam
2820 1843 3083 1915 inesse
3141 1844 3433 1916 animae

1888 1965 2230 2051 propter
2269 1962 2449 2049 quid,
2490 1980 2633 2032 nec
2675 1960 2924 2031 etiam
2975 1965 3312 2053 propter
3350 1961 3436 2032 fi-

1888 2096 2094 2158 nem,
2140 2096 2397 2168 neque
2451 2076 2532 2148 in
2576 2075 3088 2168 particulari,
3152 2082 3240 2151 ut
3290 2098 3435 2170 per

1885 2195 2478 2287 experientiam
2543 2195 2889 2287 alicujus
2968 2202 3228 2280 actus,
3296 2219 3430 2270 seu

1890 2332 2035 2403 per
2076 2311 2581 2386 conditiones
2633 2316 2862 2386 actus
2909 2309 3434 2385 manifestan-

1889 2434 2010 2500 tes
2044 2430 2293 2503 talem
2328 2428 2681 2502 formam
2716 2431 2979 2503 inesse
3012 2430 3168 2522 ipsi
3202 2447 3436 2520 agen-

1889 2545 1953 2617 ti
2014 2546 2498 2638 percipienti
2567 2551 2839 2621 actum
2899 2565 3157 2629 suum,
3224 2544 3435 2619 sicut

1888 2682 2033 2736 nec
2093 2664 2428 2756 probari
2483 2668 2751 2758 potest
2819 2666 2909 2737 de
2975 2663 3248 2757 gratia
3305 2663 3432 2734 vel

1887 2780 2321 2863 charitate,
2374 2781 2465 2853 de
2517 2803 2673 2875 quo
2714 2782 3017 2856 dictum
3055 2787 3180 2856 est
3228 2782 3310 2854 in
3348 2785 3420 2853 3.

1891 2901 2002 2968 lib.
2075 2897 2266 2973 licet
2316 2898 2563 2973 etiam
2622 2919 2721 2970 ex
2782 2898 3114 2971 creditis
3185 2897 3434 2969 mani-

1890 3018 2119 3100 feste,
2199 3018 2367 3091 sive
2438 3038 2612 3109 quae
2666 3020 2850 3089 sunt
2903 3015 3285 3108 explicite
3343 3015 3434 3087 de

1891 3133 2350 3209 substantia
2415 3133 2618 3220 fidei,
2692 3131 2858 3207 sive
2938 3153 3113 3225 quae
3169 3131 3438 3206 -conti-

1888 3254 2188 3324 nentur
2230 3254 2310 3325 in
2345 3253 2799 3346 Scriptura,
2856 3254 3026 3325 sive
3061 3272 3236 3344 quae
3271 3270 3436 3322 ma-

1890 3368 2184 3444 nifeste
2261 3392 2405 3464 per
2491 3374 2832 3445 Sanctos
2915 3372 3101 3442 sunt
3160 3369 3437 3442 elicita

1889 3508 1988 3559 ex
2066 3487 2426 3570 creditiS,
2501 3509 2661 3559 non
2735 3488 2997 3579 possit
3070 3486 3430 3580 probari,

1893 3605 2079 3697 quia
2110 3626 2271 3677 non
2322 3610 2667 3699 apparet
2707 3603 3174 3676 necessaria
3214 3603 3434 3676 habi-

1892 3721 2078 3796 tudo
2130 3723 2305 3814 ejus
2362 3722 2455 3793 ad
2507 3719 2707 3796 talia
2759 3719 3102 3800 credita;
3162 3723 3434 3793 tamen

1892 3839 2080 3930 poni
2159 3840 2453 3931 potest,
2536 3836 2721 3929 quia
2788 3858 2947 3910 non
3035 3842 3432 3931 repugnat

1887 3958 2042 4051 ipsi
2087 3956 2379 4030 animae
2432 3956 2680 4029 talem
2722 3956 3075 4028 formam
3108 3954 3429 4035 habere,

1889 4073 2151 4166 qualis
2219 4072 2709 4147 describitur
2758 4070 3218 4153 character,
3289 4091 3432 4142 nec

1892 4213 2032 4286 per
2078 4211 2576 4283 consequens
2617 4191 2784 4262 Deo
2849 4209 3088 4281 posse
3138 4187 3428 4260 animae

1887 4310 2137 4383 talem
2171 4307 2529 4381 formam
2564 4306 3062 4400 imprimere.

1978 4428 2123 4502 Sed
2184 4448 2281 4499 ne
2335 4425 2661 4498 omnino
2765 4424 3082 4499 frustra
3175 4423 3253 4495 et
3316 4419 3421 4492 si-

1885 4566 1982 4617 ne
2041 4543 2527 4617 necessitate
2616 4546 2993 4635 ponatur,
3106 4540 3430 4631 oportet

1884 4660 2243 4752 aliquam
2278 4658 2862 4733 auctoritatem
2930 4656 3251 4739 habere,
3297 4653 3426 4727 cui

1887 4778 2315 4860 innitatur,
2364 4777 2499 4868 qui
2576 4763 3048 4868 ponit'eam,
3118 4776 3198 4846 et
3238 4773 3432 4845 tunc

1885 4893 2126 4968 facile
2167 4893 2329 4967 erit
2364 4893 2708 4974 solvere,
2808 4911 2982 4983 quae
3044 4888 3429 4981 objiciun-

1885 5017 2048 5086 tur.
2074 5012 2302 5084 Inter
2340 5006 2883 5083 auctoritates
2926 5008 3199 5079 autem
3244 5008 3432 5079 San·

1887 5132 2209 5202 ctorum
2236 5125 2666 5198 secundum
2691 5124 2934 5197 istam
2969 5122 3437 5215 significati-

1889 5265 2121 5318 onem
2154 5242 2788 5324 characteris,de
2815 5261 2968 5333 qua
2991 5240 3427 5332 loquimur,

1885 5381 2047 5433 non
2107 5359 2481 5432 videntur
2542 5357 2818 5430 multae
2889 5355 3430 5429 auctoritates

1884 5497 2321 5572 expressae,
2412 5480 2685 5550 tamen
2742 5472 3032 5566 aliquae
3082 5471 3432 5563 allegan-

1883 5602 2024 5671 tur
2081 5614 2242 5668 non
2310 5593 2876 5667 concludentes
2917 5610 3015 5664 ex
3055 5588 3428 5679 Augusti-

3490 2939 3613 2994 dist.
3662 2940 3748 2992 26.
