4255 6375
1413 387 1610 457 DlST.
1649 389 1746 454 ΙΙΙ.
1796 387 2162 467 QUAESTIO
2208 391 2307 458 111.

300 555 451 624 nihil
480 554 801 623 assertive
829 554 1067 622 dixerit
1097 554 1523 634 Ambrosius;
1560 553 1676 621 sed
1719 573 1834 639 per

300 672 465 739 illam
505 671 849 749 rationem,
896 692 1026 757 qua
1073 668 1362 738 ostendit
1426 668 1832 756 Baptismum

301 789 511 854 datum
597 788 663 853 in
723 787 989 855 nomine
1066 787 1314 853 Christi
1362 786 1429 851 in
1499 784 1834 873 primitiva

299 902 602 983 Ecclesia,
646 902 985 969 continere
1024 901 1499 988 professionem
1561 900 1837 967 Trinita-

300 1019 403 1099 tis,
462 1019 633 1086 sicut
661 1031 726 1086 et
755 1039 997 1085 nomen
1038 1018 1311 1097 Christi,
1378 1030 1449 1084 ut
1496 1017 1693 1084 etiam
1727 1016 1834 1082 alii

300 1139 513 1203 Patres
536 1136 918 1223 loquuntur,
956 1134 1052 1202 sic
1089 1134 1313 1215 etiam,
1349 1134 1643 1220 inquam,
1714 1135 1834 1199 Ba-

301 1253 603 1339 ptismum
641 1252 865 1319 datum
926 1251 995 1318 in
1035 1251 1300 1318 nomine
1364 1249 1648 1336 Spiritus
1686 1269 1833 1314 san-

174 1376 276 1425 abi·
297 1368 400 1447 cti,
471 1370 811 1436 continere
903 1367 1375 1455 professionem
1452 1364 1833 1452 implicitam

180 1515 248 1549 um
297 1484 669 1561 Trinitatis:
713 1497 778 1551 et
841 1483 909 1549 in
951 1483 1166 1570 primo
1223 1482 1512 1549 occurrit
1565 1480 1836 1567 obJecti-

175 1578 251 1674 Ῠθ
296 1599 421 1679 oni,
474 1621 626 1686 quae
660 1599 802 1667 fieri
845 1612 1083 1686 potest,
1120 1599 1276 1685 quia
1324 1597 1696 1685 Baptismus
1736 1606 1837 1662 est

297 1714 608 1800 professio
658 1713 808 1781 fidei
851 1713 1215 1793 Trinitatis,
1255 1712 1533 1800 ideoque
1598 1711 1836 1779 dicitur

291 1832 780 1898 Sacramentum
816 1829 993 1897 fidei.
1039 1833 1216 1896 Hanc
1254 1841 1474 1896 autem
1521 1828 1835 1916 professi-

289 1968 472 2015 onem
505 1948 703 2015 etiam
734 1948 944 2015 salvat
974 1946 1364 2013 Ambrosius
1396 1946 1463 2012 in
1505 1945 1837 2032 Baptismo

285 2062 428 2129 dato
458 2064 526 2130 in
560 2064 826 2131 nomine
855 2063 1125 2144 Christi,
1154 2074 1346 2150 prout
1378 2062 1566 2129 datus
1596 2061 1839 2148 legitur

288 2180 347 2244 in
377 2178 599 2260 Actis3
637 2191 702 2245 et
738 2200 822 2245 ex
851 2178 1289 2246 similitudine
1353 2176 1624 2245 rationis
1665 2176 1835 2243 idem

283 2296 598 2362 contineri
632 2295 698 2361 in
732 2295 1086 2384 Baptismo,
1125 2294 1239 2383 qui
1289 2295 1558 2362 daretur
1623 2294 1689 2360 in
1730 2314 1839 2359 no·

287 2410 456 2476 mine
486 2411 686 2478 unius
724 2432 1053 2498 personae,
1116 2423 1186 2477 ut
1253 2409 1536 2497 Spiritus
1604 2408 1833 2476 sancti.

288 2528 570 2596 intendit
632 2548 917 2615 namque
963 2526 1351 2595 Ambrosius
1425 2526 1699 2612 probare
1756 2546 1838 2591 ex

292 2642 586 2711 instituto
635 2646 951 2712 unitatem
985 2657 1051 2711 et
1080 2642 1702 2731 inseparabilitatem
1742 2641 1839 2708 di-

291 2760 591 2828 vinarum
627 2783 1075 2849 personarum,
1109 2768 1305 2849 atque
1333 2759 1494 2828 adeo
1551 2759 1835 2847 Spiritus

289 2878 489 2944 sancti
533 2898 571 2943 a
601 2880 788 2944 Patre
822 2902 837 2954 ;
872 2889 938 2944 et
970 2876 1323 2964 respondet
1367 2875 1836 2963 objicientibus

292 2993 621 3061 haereticis
675 2994 839 3073 loca,
893 3015 1043 3082 quae
1117 2994 1366 3061 faciunt
1439 2993 1837 3060 mentionem

290 3107 492 3174 Patris
531 3121 597 3176 et
627 3106 797 3187 Filii,
833 3107 1032 3175 tacita
1056 3107 1346 3195 Spiritus
1377 3106 1585 3174 sancti
1618 3125 1838 3195 perso-

291 3246 391 3303 na,
460 3226 688 3293 dicens
767 3223 1203 3313 subintelligi,
1269 3224 1440 3290 sicut
1498 3244 1534 3289 e
1615 3232 1840 3288 contra

288 3342 446 3422 loca,
477 3364 630 3430 quae
660 3343 1040 3430 exprimunt
1062 3354 1316 3409 tantum
1349 3341 1663 3428 Spiritum
1697 3360 1840 3406 san-

291 3473 491 3543 ctum,
533 3459 731 3526 etiam
761 3460 1113 3545 important
1163 3458 1450 3545 reliquas
1494 3476 1832 3543 personae,

292 3576 545 3644 inducit
600 3589 818 3641 autem
869 3588 935 3642 et
964 3594 1330 3642 sermonem
1363 3574 1445 3639 de
1512 3571 1838 3658 Baptismo

291 3691 550 3758 dicens:
595 3691 876 3757 Plenum
930 3711 1068 3756 esse
1110 3686 1536 3775 Baptismum
1592 3688 1653 3755 si
1710 3689 1841 3754 Ρα-

292 3819 451 3876 trem
481 3822 544 3876 et
574 3808 828 3875 Filium
866 3820 927 3875 el
964 3809 1300 3895 Spiritum
1327 3818 1630 3874 sanctum
1667 3808 1838 3890 fate-

291 3928 427 3992 aris
453 3950 480 4006 ‚·
518 3928 582 3991 si
629 3948 835 3994 uuum
876 3947 1096 4012 nequ,
1143 3937 1353 3991 cotum
1381 3925 1656 3991 subrues
1711 3946 1738 4003 ‚·
1779 3934 1840 3990 et

290 4042 839 4128 quemadmodum
866 4042 928 4107 si
967 4062 1172 4107 unum
1201 4042 1278 4106 in
1317 4061 1619 4107 sermone
1669 4060 1839 4105 com·

285 4160 679 4244 prehendam
726 4171 845 4226 aut
899 4161 1192 4239 Patrem,
1245 4170 1362 4225 aut
1409 4158 1685 4237 Filium,
1722 4167 1840 4223 aut

291 4275 620 4360 Spiritum
680 4285 983 4342 sanctum
1013 4299 1038 4355 ,·
1070 4276 1206 4358 fide
1244 4286 1468 4340 autem
1535 4295 1655 4339 uec
1713 4273 1841 4338 Pa-

289 4399 468 4470 trem,
500 4409 621 4456 uec
646 4388 923 4467 Filium,
981 4410 1099 4455 nec
1132 4389 1474 4475 Spiritum
1534 4397 1841 4453 sanctum

290 4504 587 4593 abneqes,
628 4505 904 4592 plenum
941 4516 1033 4572 est
1061 4505 1227 4588 fidei
1282 4506 1839 4585 Sacramentum,-

293 4623 387 4688 ita
415 4625 624 4689 eciam
661 4624 962 4708 quamvis
1002 4633 1063 4687 et
1095 4622 1366 4688 Patrem
1439 4632 1503 4686 ec
1588 4619 1842 4685 Filium

297 4748 358 4802 et
388 4738 722 4824 Spiritum
748 4747 1048 4803 sanctum
1078 4735 1288 4815 dicax,
1329 4746 1390 4800 et
1437 4745 1551 4800 aut
1614 4733 1844 4800 Patris

295 4861 405 4916 aut
461 4851 656 4930 Filii,
731 4856 850 4917 aut
916 4851 1213 4937 Spiritus
1270 4850 1516 4929 sancti,
1579 4848 1843 4913 minuas

293 4980 694 5053 potestatem,
784 4991 1061 5036 uacuum
1127 4979 1221 5034 est
1310 4987 1502 5033 omne
1592 4976 1839 5051 myste-

295 5087 494 5165 rium,
544 5098 667 5157 etc,

383 5203 650 5270 Videtur
688 5221 850 5288 ergo
881 5200 1061 5286 loqui
1093 5198 1174 5265 de
1203 5196 1560 5286 Baptismo,
1606 5207 1839 5284 quate-

300 5337 418 5384 nus
455 5318 727 5385 includit
767 5316 1155 5405 mysterium
1188 5314 1338 5381 fidei
1375 5313 1574 5380 trium
1617 5332 1841 5399 perso-

303 5453 548 5516 narum,
618 5447 680 5502 et
739 5446 932 5521 prout
990 5432 1185 5500 habet
1247 5450 1572 5498 annexam
1639 5426 1836 5494 fidem

301 5550 598 5636 ministri,
643 5551 705 5618 id
755 5562 878 5632 est,
931 5547 1260 5617 mediante
1317 5546 1459 5635 ipso
1510 5544 1841 5633 Baptismo

3392 393 3512 463 319

1949 566 2361 639 potestatem,
2404 557 2548 623 sive
2578 568 2845 638 rectam,
2881 558 3023 625 sive
3065 559 3332 639 falsam
3377 582 3497 628 un-

1947 668 2027 736 de
2048 671 2193 739 sive
2217 692 2436 750 unam,
2479 674 2624 739 sive
2668 673 2886 767 plures
2930 694 3245 760 personas
3282 677 3503 763 expri-

1947 798 2082 852 mat
2100 806 2285 866 voce,
2315 786 2504 854 modo
2529 786 2691 855 fides
2714 789 2985 856 interior
3016 789 3103 857 sit
3135 802 3331 871 recta,
3370 792 3506 879 ple-

1951 922 2110 968 num
2135 922 2282 970 esse
2313 901 2462 969 fidei
2506 906 3026 985 Sacramentum,
3052 907 3204 994 quia
3238 907 3304 973 in
3326 927 3499 987 esse,

1948 1027 2012 1081 et
2032 1017 2408 1101 operatione
2434 1039 2583 1097 una,
2618 1020 2907 1086 creditur
2938 1019 3392 1106 inseparabilis
3424 1032 3505 1088 ab

1954 1129 2100 1198 aliis
2130 1134 2462 1218 expressis
2494 1133 2561 1200 in
2592 1155 2917 1215 sermone,
2972 1148 3037 1203 et
3064 1135 3259 1204 corde
3285 1137 3506 1204 credi-

1954 1256 2061 1311 tur
2082 1266 2383 1332 persoua,
2413 1270 2562 1336 quae
2592 1271 2719 1316 non
2742 1250 3155 1337 exprimitur,
3190 1266 3254 1318 et
3285 1253 3502 1319 inten—

1948 1360 2126 1427 tione
2176 1383 2291 1450 per
2347 1365 2546 1431 verba
2586 1365 3001 1452 importatur.
3056 1368 3124 1434 Si
3173 1382 3389 1435 autem
3421 1369 3508 1435 sit

1947 1498 2221 1545 erronea
2251 1478 2436 1558 fides,
2484 1501 2735 1568 negans
2760 1482 3038 1551 interius
3071 1485 3412 1564 unitatem,
3439 1498 3506 1553 et

1949 1593 2253 1661 minuens
2293 1608 2698 1681 potestatem,
2745 1598 2894 1666 licet
2925 1620 3227 1667 sermone
3264 1621 3499 1668 omnes

1946 1727 2248 1793 persouae
2297 1710 2728 1796 proferantur,
2800 1735 3078 1781 vacuum
3144 1728 3244 1782 est
3295 1736 3495 1782 omne

1949 1826 2364 1909 mysterium,
2428 1839 2742 1915 quantum
2785 1843 2888 1896 est
2925 1851 3007 1896 ex
3047 1845 3228 1917 parte
3289 1831 3503 1920 profe-

1948 1939 2176 2021 rentis,
2214 1941 2325 2029 qui
2365 1956 2622 2029 separat
2663 1966 2976 2032 personas
3017 1946 3084 2013 in
3116 1969 3270 2029 esse,
3325 1961 3389 2014 et
3436 1948 3503 2014 in

1947 2049 2246 2132 operari.
2283 2049 2436 2136 Agit
2466 2070 2625 2138 ergo
2656 2050 2737 2117 de
2767 2055 3209 2130 SacramentO,
3246 2068 3316 2121 ut
3346 2056 3503 2124 sub·

1947 2175 2047 2229 est
2095 2162 2246 2231 fidei
2288 2177 2351 2232 et
2389 2166 2734 2234 intentioni
2797 2169 3168 2256 particulari
3228 2170 3502 2239 confici-

1952 2280 2121 2346 entis
2164 2281 2403 2369 ipsum.
2442 2286 2521 2350 Et
2562 2283 2684 2351 hoc
2724 2284 2917 2352 modo
2957 2286 3245 2375 loquitur
3293 2288 3502 2354 Atha-

1952 2396 2178 2464 nasius
2207 2420 2404 2467 serm.
2441 2402 2504 2467 2.
2540 2412 2601 2466 el
2638 2406 2704 2469 3.
2740 2414 2972 2468 eontra
3029 2405 3342 2471 Ariane-3.
3398 2403 3504 2472 Sic
3563 2415 3833 2470 Athanasi-

3649 2499 3727 2534 us·

1951 2514 2315 2599 Cyprianus
2348 2517 2422 2582 in
2460 2519 2652 2603 epist.
2687 2518 2779 2584 ad
2814 2519 3219 2586 Jubaianum
3249 2521 3330 2586 de
3369 2522 3503 2586 Ba·
3567 2546 3808 2611 Cyprian.

1946 2631 2212 2715 pcismO,
2259 2644 2329 2699 ut
2367 2631 2593 2700 subest
2634 2633 2783 2701 fidei
2833 2635 3144 2703 ministri.
3207 2640 3351 2703 Non
3402 2636 3503 2703 vi-

1951 2746 2142 2814 detur
2180 2749 2566 2817 Ambrosius
2597 2750 2772 2837 loqui
2806 2751 2886 2818 de
2926 2754 3345 2819 Sacrameuto
3384 2752 3501 2820 ab-

1951 2863 2186 2943 solute,
2224 2876 2288 2930 et
2325 2864 2536 2951 quoad
2570 2866 2791 2933 omnia
2823 2862 3197 2936 essentialia
3229 2869 3309 2937 ad
3347 2870 3503 2936 effe-

1950 2991 2151 3060 ctum,
2180 2978 2293 3046 sed
2316 2981 2589 3068 praecise
2608 2992 2680 3048 ut
2696 2982 2985 3050 continet
3026 2984 3503 3071 professionem

1952 3093 2297 3183 fidei,quae
2328 3106 2428 3163 est
2467 3096 2533 3163 in
2566 3097 2891 3179 ministro;
2920 3112 3168 3168 certum
3200 3113 3299 3169 est
3331 3101 3508 3168 enim

1953 3212 2194 3298 ipsum,
2233 3225 2302 3279 ut
2330 3213 2498 3280 infra
2527 3214 2923 3297 videbimus,
2979 3216 3213 3284 docere
3268 3217 3506 3286 sancti-

1950 3341 2174 3409 tatem,
2212 3340 2275 3396 et
2311 3328 2506 3398 fidem
2549 3331 2831 3400 ministri
2891 3353 3020 3399 non
3074 3333 3251 3421 exigi
3300 3334 3380 3402 ad
3411 3335 3503 3401 ef-

1952 3443 2194 3512 fectum
2236 3447 2637 3514 Sacramenti

2041 3580 2229 3654 Item,
2307 3580 2563 3648 tradere
2592 3582 2854 3649 videtur
2884 3583 2962 3649 ad
3003 3584 3278 3652 formam
3331 3589 3496 3672 Bap-

1953 3693 2133 3760 tismi
2219 3695 2285 3762 in
2351 3695 2580 3762 ordine
2652 3697 2732 3762 ad
2808 3697 3117 3765 effectum
3194 3721 3505 3769 necessa-

1951 3810 2114 3876 riam
2191 3833 2339 3879 esse
2392 3813 2870 3880 invocationem
2956 3816 3293 3885 Trinitatis
3376 3819 3501 3886 sub

1952 3928 2238 4015 propriis
2288 3929 2688 4011 nominibuS,
2736 3930 2851 3997 lib.
2929 3936 2991 3999 2.
3034 3934 3117 3999 de
3176 3936 3486 4003 Sacram.

1951 4064 2098 4129 cap.
2146 4047 2210 4110 5.
2246 4053 2309 4108 et
2366 4048 2427 4112 7.
2502 4045 2613 4112 lib.
2685 4046 2769 4112 de
2798 4048 2886 4112 iis
2941 4049 3057 4134 qui
3105 4049 3498 4131 initiantur,

1950 4181 2102 4245 cap.
2146 4164 2211 4226 4.
2251 4162 2391 4230 Non
2439 4162 2577 4248 agit
2637 4183 2795 4250 ergo
2836 4163 2916 4230 de
2967 4166 3321 4252 Baptismo,
3367 4188 3497 4253 qua

1951 4287 2052 4342 est
2113 4275 2347 4342 efficax
2402 4275 2481 4342 ad
2520 4277 2823 4359 salutem,
2859 4279 2972 4345 sed
3030 4299 3159 4366 qua
3196 4293 3296 4347 est
3361 4301 3509 4367 pro-

1952 4383 2151 4451 fessio
2210 4384 2386 4466 fidei,
2433 4407 2580 4473 quae
2655 4405 2786 4453 non
2836 4388 3155 4474 permittit
3214 4390 3503 4476 separari

1953 4500 2212 4568 divinas
2238 4503 2741 4587 personaS,licet
2773 4524 2936 4570 voce
2966 4524 3096 4570 non
3126 4506 3502 4591 expriman-

1954 4626 2081 4691 tur,
2164 4623 2228 4678 et
2295 4611 2635 4700 potissime
2695 4626 2766 4680 ut
2828 4625 2927 4680 est
2993 4615 3321 4701 professio
3352 4615 3503 4683 fidei

1953 4748 2152 4815 quam
2220 4730 2414 4797 habet
2478 4729 2882 4798 ministrans.
2954 4732 3137 4799 Unde
3208 4734 3500 4800 Athana-

1954 4845 2094 4911 sius
2144 4845 2336 4911 etiam
2377 4845 2501 4912 hoc
2543 4846 2734 4913 modo
2766 4846 3131 4915 dubitative
3170 4848 3501 4936 loquendo

1952 4960 2033 5026 de
2075 4960 2405 5046 Baptismo
2463 4963 2853 5030 Arianorum
2921 4963 3234 5052 loquitur,
3293 4986 3503 5053 quan-

1951 5089 2091 5144 tum
2151 5078 2399 5146 scilicet
2463 5079 2543 5147 ad
2594 5081 3051 5161 intentionem,
3134 5104 3284 5170 quae
3347 5082 3502 5150 fun-

1951 5190 2144 5261 datur
2213 5194 2280 5259 in
2334 5193 2464 5261 fide
2507 5195 2826 5280 ipsorum,
2869 5217 2953 5264 an
3029 5196 3117 5264 sit
3172 5197 3496 5285 legitima.

1951 5311 2018 5377 Si
2078 5307 2230 5396 quis
2309 5309 2481 5376 dicat
2549 5309 2718 5377 hanc
2792 5311 3269 5397 expositionem
3345 5334 3500 5382 esse

1951 5425 2209 5506 duram,
2254 5425 2686 5512 respondetur
2716 5426 2780 5495 id
2818 5427 3082 5515 quidem
3116 5449 3346 5496 verum
3391 5451 3504 5498 es-

1952 5563 2049 5626 se,
2083 5542 2197 5610 sed
2228 5541 2635 5618 commodius
2664 5544 2979 5634 applicari
3015 5546 3498 5638 expositionem

3650 3646 3732 3698 76.
