4255 6375
1387 418 1583 479 Dls'r.
1619 417 1719 477 Vl.
1766 415 2123 490 QUAESTlo
2175 416 2275 476 tx.

199 602 330 661 um,
404 601 546 646 nam
589 581 797 669 quoad
866 582 1174 669 primum,
1213 578 1339 647 nisi
1402 580 1735 646 commea·-

197 709 300 762 tur
343 696 410 762 in
440 697 796 783 Scriptura,
846 719 972 763 non
1015 697 1317 764 subsistit
1354 696 1731 762 fundamen-

192 828 330 879 tum
370 802 457 879 ex'
494 815 616 879 hoc
644 814 855 900 capite
886 835 1027 880 eam
1079 812 1467 890 definiendi;
1507 812 1561 877 si
1606 833 1736 877 non

191 932 600 997 contineatur
650 930 717 997 in
772 932 1097 1010 PatribuS,
1161 945 1225 997 et
1274 931 1583 996 continuo
1622 932 1735 993 Ec-

192 1048 411 1115 clesiae
479 1068 624 1128 usu,
675 1062 739 1113 et
786 1070 899 1134 per
953 1068 1185 1114 manus
1245 1048 1477 1114 tradito
1509 1068 1731 1126 sensu,

192 1164 419 1252 nequit
493 1161 686 1229 etiam
765 1163 1147 1241 subsistere,
1209 1177 1275 1229 ut
1303 1162 1567 1229 traditio
1610 1184 1735 1228 non

191 1278 454 1365 scripta,
510 1300 622 1366 per
685 1279 945 1366 regulas
992 1280 1223 1346 obvias
1264 1279 1739 1367 cognoscendae

191 1394 580 1473 traditioniS‚
618 1416 779 1482 quas
827 1395 1135 1482 colligere
1186 1395 1337 1460 licet
1387 1416 1468 1461 ex
1509 1399 1739 1481 Augu⁶

191 1508 386 1585 stino,
415 1509 586 1596 quia,
624 1508 966 1577 deficiente
992 1513 1302 1578 memoria
1345 1510 1734 1590 traditioniS,

197 1643 324 1689 non
376 1624 674 1692 subsistit
723 1641 1185 1711 argumentum
1245 1647 1325 1693 ex
1360 1626 1495 1711 ipsa
1539 1624 1739 1691 tradi-

199 1743 398 1821 tione,
430 1754 542 1810 aut
573 1743 884 1811 revelatio
925 1746 989 1811 in
1030 1765 1102 1811 ea
1138 1745 1425 1813 fundata.

289 1863 468 1925 Hanc
501 1871 715 1927 autem
777 1860 1286 1948 propositionem
1344 1861 1519 1927 nulla
1591 1860 1741 1926 rati-

203 1995 324 2042 one
356 1975 515 2042 dicit
581 1981 836 2058 Doctor,
884 1989 954 2044 ut
998 1999 1078 2043 ex
1136 1989 1269 2044 toto
1345 1974 1648 2044 discursu
1680 1990 1743 2041 et

203 2090 587 2158 limitatione
663 2094 955 2178 apposita
1049 2092 1385 2158 evidenter
1450 2103 1737 2177 apparet.

201 2209 494 2275 Secunda
527 2223 741 2276 autem
796 2210 1152 2297 propositio
1194 2223 1292 2276 est
1323 2210 1637 2290 Doctoris,
1682 2220 1745 2273 et

199 2324 575 2402 verissima,
641 2346 841 2413 quam
874 2327 1225 2393 admittunt
1256 2327 1450 2393 etiam
1499 2325 1747 2412 antiqui

202 2441 539 2529 Theologi,
623 2444 734 2530 qui
795 2443 1197 2510 conveniunt
1230 2443 1294 2507 in
1329 2444 1450 2508 hoc
1488 2463 1743 2510 omneS.

202 2559 377 2625 Licet
436 2559 614 2624 enim
699 2572 995 2626 asserant
1050 2562 1489 2645 characterem
1558 2559 1748 2623 modo

203 2694 327 2759 quo
369 2674 646 2742 intendit
686 2676 995 2757 Ecclesia,
1062 2697 1190 2742 non
1251 2676 1475 2742 dicunt
1531 2689 1748 2742 tamen

202 2790 264 2855 id
304 2813 454 2859 esse
491 2793 785 2873 evidens,
834 2806 1140 2881 tanquam
1184 2794 1517 2859 materiam
1567 2792 1741 2870 fidei,

204 2928 348 2993 quae
379 2909 682 2995 explicite
719 2931 798 2976 ex
828 2910 1184 2996 Scriptura,
1228 2921 1339 2976 aut
1403 2909 1748 2975 traditione

204 3026 567 3114 colligatur,
612 3028 697 3093 ita
732 3042 800 3094 ut
839 3030 1208 3115 oppositum
1261 3048 1560 3095 asserens
1590 3047 1747 3093 con-

202 3143 523 3224 vincatur,
561 3158 622 3212 et
660 3146 1011 3214 auctoritas
1051 3146 1240 3213 aliter
1270 3145 1579 3233 explicari
1620 3166 1744 3212 non

206 3266 407 3346 possit
439 3264 737 3349 (seclusa
813 3265 988 3329 omni
1032 3264 1155 3330 alia
1214 3264 1747 3349 interpretatione

204 3379 536 3466 Ecclesiae)
568 3390 875 3466 tanquam
918 3395 1221 3463 spectans
1269 3379 1345 3443 ad
1410 3378 1746 3443 materiam

204 3492 391 3572 fidei;
477 3515 687 3581 neque
761 3494 1079 3572 moderni,
1153 3494 1263 3582 qui
1341 3507 1749 3572 praesumunt

207 3611 538 3676 Doctorem
573 3621 825 3689 nutare,
871 3611 950 3675 ab
984 3611 1105 3675 hoc
1136 3609 1532 3687 discordant;
1568 3610 1750 3675 tolla-

206 3736 306 3789 tur
338 3746 620 3812 namque
681 3725 972 3792 definitio
1024 3738 1085 3791 et
1134 3725 1481 3791 declaratio
1537 3725 1748 3791 Eccle-

207 3839 341 3919 siae,
408 3840 563 3927 quid
641 3840 877 3927 reliqui
956 3841 1117 3926 ipsis
1184 3861 1449 3906 manere
1511 3852 1744 3926 potest,

209 3967 520 4040 quantum
606 3955 684 4021 ad
739 3956 1195 4022 certitudinem
1277 3956 1746 4035 conclusioniS,

209 4090 395 4154 quam
473 4070 595 4137 hoc
687 4073 826 4138 solo
897 4072 1319 4138 fundamento
1445 4085 1750 4161 tanquam

208 4200 443 4252 certam
476 4198 720 4268 tenent,
762 4200 997 4274 praeter
1029 4199 1488 4274 argumentum
1528 4190 1751 4275 proba-

210 4300 330 4368 bile
387 4316 450 4369 et
518 4304 951 4382 dialecticum,
1025 4306 1103 4372 de
1145 4305 1377 4392 quoin
1423 4306 1752 4393 proposita

210 4419 568 4503 quaestione
600 4443 727 4487 non
769 4422 904 4508 agit
960 4426 1215 4500 Doctor,
1271 4423 1382 4488 sed
1424 4422 1504 4488 de
1559 4443 1753 4511 argu-

214 4549 425 4603 mento
482 4551 680 4616 cert0,
744 4561 824 4604 ex
894 4541 1276 4606 auctoritate
1306 4554 1417 4605 aut
1476 4539 1748 4605 ratione.

214 4656 683 4742 Prosequamur
716 4657 984 4723 ulterius
1039 4678 1305 4743 scopum
1344 4657 1633 4722 Doctoris
1676 4678 1756 4723 ex

214 4775 655 4860 sequentibus.

294 4891 543 4958 Asserit
598 4895 831 4956 Doctor
901 4890 1134 4975 primo,
1206 4911 1334 4955 non
1389 4911 1756 4976 repugnare

217 5003 643 5074 characterem
680 5007 899 5073 inesse
939 5006 1199 5084 animae,
1252 5018 1443 5093 prout
1482 5007 1754 5073 Theolo-

217 5120 277 5203 gi
317 5145 461 5190 eum
498 5123 899 5197 describunt,
968 5135 1081 5189 aut
1131 5128 1329 5189 Deum
1401 5124 1758 5210 producere

221 5237 400 5305 talem
435 5240 499 5304 in
531 5241 769 5306 anima.
817 5242 896 5305 Et
926 5238 1146 5306 subdit
1178 5261 1192 5304 :
1249 5240 1382 5305 Sed
1420 5261 1502 5305 ne
1539 5242 1754 5305 onmi-

223 5372 302 5416 no
337 5331 621 5441 frustra,
666 5369 726 5422 et
806 5358 953 5422 sine
1009 5358 1388 5422 necessitate
1437 5367 1751 5442 ponatur,

228 5485 473 5554 oportet
504 5475 802 5560 aliquam
832 5475 1294 5539 auctoritatem
1332 5474 1588 5553 habere,
1653 5476 1761 5539 eui

230 5584 572 5670 innitatur,
629 5593 745 5677 qui
783 5593 972 5676 ponit
1007 5611 1174 5669 eam,
1229 5600 1289 5654 et
1360 5603 1511 5656 tune
1555 5592 1760 5675 facile

350 5703 499 5755 Tom.
533 5703 679 5757 xv1.

3299 410 3417 471 593

1849 578 1977 641 crit
2015 577 2292 655 solvere,
2338 598 2480 662 1111oe
2510 575 2941 661 objiciuntur,
2980 584 3110 637 etc.
3158 574 3251 637 Ex
3300 571 3403 635 his
3468 593 3703 664 ‚Inquirit

1850 703 2023 780 patet
2063 696 2408 758 Doctorem
2453 691 2662 777 primo
2713 710 3007 777 quaerere
3046 687 3126 753 de
3175 698 3395 752 aucto·
3453 657 3756 788 tundamen-

1850 808 2060 886 ritate,
2107 808 2172 874 in
2206 829 2332 894 qua
2364 807 2698 895 quiescere
2729 805 2919 872 debet
2952 804 3392 891 investigatio,
3436 780 3759 894 ceussfflffiffiis

1850 935 1919 989 ut
1947 937 2123 990 certo
2153 936 2401 991 constet
2432 924 2569 990 dari
2605 923 2670 989 in
2703 922 2916 1009 reipsa
2954 924 3394 988 characterem
3441 906 3753 1033 Αζῖῑέζέξῗὲῧ

1850 1061 2040 1128 quem
2078 1060 2206 1106 non
2270 1061 2638 1126 repugnare
2678 1039 2856 1106 dicit.
2930 1038 3248 1117 SecundO,
3286 1058 3391 1103 ar·
3554 1030 3626 1080 ²³st

1850 1170 2162 1243 gumenta
2194 1158 2257 1222 in
2280 1156 2677 1222 contrarium
2709 1155 2983 1222 adducta
3012 1176 3140 1220 non
3179 1154 3386 1220 solum
3426 1096 3757 1209 effimigglilsls

1852 1293 1978 1339 non
2019 1256 2585 1352 essenecessaria‚
2629 1274 2739 1339 sed
2781 1293 2926 1339 esse
2968 1272 3175 1338 facilis
3214 1272 3389 1338 solu-

1853 1386 2072 1453 tionis.
2129 1391 2268 1452 Non
2311 1386 2476 1454 solet
2517 1400 2731 1454 autem
2765 1391 2997 1453 Doctor
3031 1401 3250 1453 noster
3293 1385 3399 1452 ad·

1851 1504 2102 1572 haerere
2124 1505 2510 1576 rationibus.
2545 1527 2693 1593 quae
2724 1505 2802 1572 de
2826 1506 2996 1572 facili
3028 1506 3393 1583 solvuntur,

1853 1622 2078 1710 quales
2119 1622 2453 1689 existimat
2509 1643 2617 1689 eas
2659 1644 2826 1702 esse,
2878 1642 3038 1709 quas
3093 1621 3228 1706 ipse
3294 1618 3397 1684 vel

1861 1739 1967 1806 alii
2010 1739 2339 1805 adducunt
2378 1761 2494 1826 pro
2525 1739 2850 1805 contrario
2896 1762 2910 1817 ;
2950 1737 3119 1804 unde
3150 1738 3400 1823 colligi-

1866 1870 1974 1923 tur
2012 1877 2160 1923 eum
2223 1856 2571 1922 dissertive
2615 1854 2968 1942 procedere
3012 1854 3402 1941 inquirendo

1862 1973 2386 2052 fundamentum,
2467 1973 2545 2039 ad
2606 1974 2778 2060 quod
2819 1973 3134 2039 subsistat
3188 1974 3404 2039 deter—

1858 2092 2099 2156 minate
2129 2090 2497 2157 communis
2546 2089 2890 2169 sententia,
2936 2102 2999 2156 et
3038 2102 3312 2156 certum.

1952 2207 2304 2295 Subjungit
2338 2208 2504 2271 inter
2530 2208 2954 2273 auctoritates
3021 2210 3404 2273 Sanctorum

1857 2324 1936 2390 ad
1988 2326 2391 2412 propositum
2450 2325 2760 2391 adductas
2800 2325 2879 2390 ab
2919 2325 3064 2390 aliis
3143 2325 3401 2403 multaS,

1869 2462 1998 2507 non
2048 2462 2194 2508 esse
2235 2462 2603 2529 expressaS‚
2641 2462 2874 2527 nempe
2908 2442 2972 2507 in
3018 2444 3140 2508 hoc
3183 2460 3404 2521 sensu,

1865 2579 2057 2644 quem
2093 2557 2460 2644 praetendit,
2498 2573 2674 2624 certo
2716 2560 3063 2644 probantes
3093 2558 3412 2624 conclusi·

1871 2694 2059 2739 onem
2102 2696 2117 2753 ;
2165 2685 2380 2741 tamen
2413 2674 2650 2761 aliquae
2682 2673 3047 2760 allegantur
3095 2694 3221 2740 non
3263 2696 3411 2739 con—

1862 2789 2202 2859 cludentes
2259 2813 2340 2858 ex
2406 2793 2798 2879 AugustinO,
2892 2813 3124 2877 nempe
3201 2790 3408 2878 quoad

1864 2908 2349 2989 certitudinem,
2394 2930 2585 2996 quam
2633 2908 3006 2994 investigat,
3058 2908 3205 2974 licet
3262 2929 3412 2993 pro-

1861 3026 2017 3091 bent
2045 3027 2320 3093 obscure
2347 3041 2412 3093 et
2461 3027 2792 3095 dialectice
2822 3048 2935 3093 seu
2972 3027 3410 3112 probabiliter,

1860 3144 2098 3230 quibus
2133 3142 2271 3230 ipse
2310 3143 2681 3231 respondet,
2730 3155 3035 3231 tanquam
3099 3163 3224 3208 non
3262 3162 3415 3208 con-

1860 3261 2286 3328 vincentibus
2319 3282 2399 3327 ex
2453 3272 2761 3327 contextu
2821 3259 3199 3347 Augustini.
3244 3261 3413 3325 Tan-

1859 3378 2005 3444 dem
2049 3377 2301 3444 reducit
2339 3377 2804 3443 certitudinem
2837 3377 2915 3442 ad
2957 3376 3408 3443 auctoritatem

1861 3492 2168 3559 Ecclesiae
2217 3493 2491 3579 ejusque
2522 3490 3046 3559 declarationem.

1950 3609 2279 3684 Breviter,
2330 3607 2564 3694 inquit,
2626 3610 2796 3673 sieut
2833 3608 3110 3673 habetur
3183 3619 3398 3686 extra,
3561 3626 3614 3675 8.

3541 723 3648 768 tum

3751 3459 3775 3485 0

1862 3722 1942 3786 de
1977 3724 2327 3802 ltoeretieis,
2384 3724 2488 3788 Ad
2529 3723 2943 3801 abolendam,
2987 3724 3405 3788 sentiendum
3437 3688 3759 3798 Funpuasshen-

1863 3849 1953 3903 est
1986 3839 2067 3904 de
2095 3841 2547 3904 Sacramentis
2615 3840 2950 3919 Ecclesia»,
3001 3841 3171 3904 sieut
3206 3842 3404 3906 sentit
3484 3817 3711 3922 *³2¹ssssOE

1865 3955 2160 4019 Romana
2192 3955 2518 4032 Ecclesia,·
2578 3956 2873 4021 Romana
2914 3969 3132 4022 autem
3181 3958 3402 4022 Eccle-
3474 3938 3722 4051 (fich-⁰334?

1862 4072 1965 4136 sia
1987 4071 2255 4137 videtur
2273 4074 2520 4137 sentire
2542 4074 2990 4139 characterem
3007 4073 3311 4158 imprimi
3333 4075 3406 4139 in

1864 4188 2096 4252 anima
2114 4189 2190 4253 in
2219 4189 2590 4274 Baptismo,
2625 4189 2796 4252 sieut
2828 4189 2994 4254 dicit
3032 4188 3403 4254 Innocenti-

1867 4326 1941 4370 us
1964 4305 2077 4372 III.
2115 4317 2333 4385 extra,
2363 4305 2444 4372 de
2483 4307 2845 4392 Baptismo,
2876 4321 2935 4373 et
2957 4311 3098 4395 ejus
3137 4310 3418 4393 effectu..

1866 4442 2011 4508 cap.
2038 4423 2352 4509 Majorcs,
2381 4433 2503 4490 etc.
2540 4435 2609 4490 ut
2633 4424 2906 4491 habetur
2945 4424 3012 4490 in
3044 4424 3298 4502 littera;
3345 4442 3407 4490 et

1854 4536 2126 4606 subdit:
2165 4539 2312 4604 Etsi
2329 4541 2558 4626 prima
2589 4542 2951 4606 auctoritas
2978 4539 3193 4626 posset
3212 4564 3409 4627 cmpo-

1864 4655 1960 4730 ni,
2004 4654 2301 4720 vocando
2368 4656 2820 4722 characterem
2876 4659 3410 4724 Christianitatis

1866 4771 2085 4857 ipsum
2124 4773 2564 4859 Baptismam,
2615 4786 2833 4840 tamen
2880 4775 3191 4855 secunda,
3264 4789 3393 4842 etc.

1867 4891 2150 4956 Revocat
2216 4911 2372 4977 ergo
2405 4894 2635 4956 Doctor
2689 4891 2857 4958 hane
2920 4893 3407 4959 conclusionem

1867 5003 1946 5070 ad
1980 5005 2353 5086 minimum,
2415 5007 2491 5072 ad
2542 5007 2995 5075 certitudinem
3055 5009 3405 5096 Theologi-

1868 5142 2007 5188 cam
2042 5135 2105 5188 et
2142 5121 2557 5203 Catholicam,
2607 5124 2924 5214 quidquid
2960 5126 3139 5193 enim
3170 5127 3288 5195 sit:
3327 5150 3406 5194 an

1870 5241 2287 5307 Innocentius
2379 5241 2645 5308 desiniat
2724 5243 3160 5310 characterem
3239 5265 3404 5326 esse,

1871 5355 2100 5421 saltem
2135 5356 2400 5442 exponit
2432 5359 2820 5424 sententiam
2854 5360 3159 5426 Ecclesiae
3181 5365 3408 5428 Roma-

1872 5475 2106 5537 nae.Dc
2139 5471 2265 5538 fide
2295 5486 2507 5540 autem
2544 5486 2639 5539 est
2672 5495 2750 5539 ex
2802 5474 2968 5541 dicto
3016 5498 3073 5542 c.
3109 5478 3212 5542 Ad
3258 5480 3413 5545 abo-

1874 5589 2260 5668 lendam,de
2291 5589 2619 5655 haereticis
2640 5611 2782 5676 ,spe
2798 5590 3047 5658 cialiter
3078 5594 3142 5659 in
3176 5597 3402 5662 materi

3219 5709 3282 5758 :38
