4255 6375
758 408 874 474 146
2011 474 2020 484 ,
2050 405 2187 471 LlB.
2226 403 2325 469 lV.
2359 403 2954 472 SENTEN'I'IARUM

749 570 834 642 in
887 569 1200 645 virtute
1240 570 1609 663 propria,
1666 572 1800 644 sed
1862 569 1941 641 in
1999 568 2310 641 virtute
2430 568 3141 653 substantiatione,
3177 570 3257 641 et
3307 570 3499 643 tunc
3534 567 3613 642 in
3657 565 3795 641 illo
3851 567 3965 640 in·

755 687 1119 761 omnium
1163 686 1819 780 praecedentium,
1866 686 2078 759 sicut
2127 684 2310 759 ulti·
2425 684 2677 757 stanti
2754 689 2969 759 esset
3056 685 3313 779 panis,
3387 684 3578 778 quia
3663 684 3962 778 quando

757 823 888 878 ma
926 806 1160 896 gutta
1211 803 1296 876 in
1341 804 1653 879 virtute
1696 803 2056 876 omnium
2112 822 2310 894 prae·
2423 806 2547 875 est
2613 800 3069 896 dispositio,
3141 809 3264 877 est
3327 807 3406 877 et
3467 802 3644 897 ejus
3716 801 3964 895 subje-

754 921 1208 995 cedentium
1240 924 1477 994 cavat
1528 919 1871 1014 lapidem
1903 922 1976 993 8.
2032 922 2305 1008 physic.
2424 922 2645 992 ctum
2679 946 2710 1001 ;-
2767 919 3010 991 simul
3060 938 3262 1012 ergo
3310 921 3532 993 esset
3593 917 3818 1011 panis
3887 917 3965 988 in

433 1047 694 1100 Text-23.
757 1036 908 1111 hoc
967 1036 1171 1110 nihil
1247 1043 1400 1121 est,
1457 1056 1866 1129 nunquam
1945 1034 2160 1107 enim
2229 1034 2308 1106 in
2423 1032 2697 1105 eodem
2734 1033 3102 1119 instanti,
3139 1034 3222 1105 in
3265 1054 3419 1126 quo
3489 1035 3612 1107 est
3686 1032 3823 1104 illa
3863 1031 3964 1103 di-

437 1112 668 1225 2323}ssss
672 1125 704 1160 ⁰
760 1153 1057 1227 talibus
1090 1153 1466 1226 ultimum
1501 1152 1990 1244 completive
2022 1153 2310 1224 causat
2422 1149 2767 1243 spositio
2798 1155 2878 1224 et
2912 1148 3721 1231 transubstantiatio,
3769 1148 3963 1241 quod

2420 1266 2751 1341 includit
2784 1268 3537 1342 contradictionem.
3570 1264 3962 1341 Similiter

433 1360 442 1369 ,
495 1241 637 1369 ΨΜ
756 1270 1132 1343 effectum
1164 1270 1246 1341 in
1288 1270 1596 1343 virtute
1652 1268 2300 1363 praecedentium,

430 1376 482 1409 m
514 1365 700 1411 mmm
2423 1405 2626 1477 pura
2665 1384 2888 1458 fictio
2932 1385 3253 1459 videtur
3293 1405 3498 1467 esse,
3547 1384 3753 1476 quod
3821 1401 3961 1475 per

499 1303 646 1349 cavat

432 1386 914 1489 prmmmisi
985 1386 1173 1478 quia
1253 1385 1787 1478 praecedentia
1864 1384 2306 1476 derelique-

484 1486 660 1536 ΨΜ*
762 1507 948 1578 runt
1012 1502 1367 1594 aliquam
1419 1501 2041 1594 dispositionem
2105 1521 2304 1593 prae·
2421 1500 2581 1574 ista
2611 1500 2860 1574 verba
2904 1529 2917 1572 :
2960 1506 3091 1570 Hoc
3120 1507 3415 1571 estenim
3457 1525 3696 1590 corpus
3728 1523 3955 1579 meum,

751 1618 970 1691 viam
1011 1619 1107 1690 ad
1158 1617 1389 1691 illum
1441 1619 1881 1692 terminum
1924 1644 1938 1700 ;
1995 1617 2124 1691 hic
2170 1638 2304 1689 au-
2419 1618 2681 1709 magis
2777 1618 3185 1691 alteretur
3288 1618 3630 1691 realiter
3709 1615 3962 1711 panis,

751 1742 914 1811 tem
976 1735 1309 1826 syllabae
1379 1736 1947 1828 praecedentes,
1991 1735 2302 1807 nullam
2416 1754 2657 1825 quam
2691 1755 2834 1828 per
2866 1736 3031 1808 alia
3061 1734 3312 1806 verba
3361 1735 3714 1827 prolata,
3761 1731 3965 1806 scili·

746 1850 1361 1945 dispositionem
1476 1850 1722 1925 talem
1832 1852 2302 1943 relinquunt
2415 1856 2585 1928 cet:
2633 1856 2753 1920 iste
2777 1857 2981 1941 panis
3026 1865 3119 1920 esc
3180 1854 3390 1937 albus,
3436 1854 3513 1925 et
3556 1850 3961 1941 hujusmo-

746 1973 935 2042 ante
969 1968 1634 2058 ultimam;erg0,
1680 1972 1832 2041 etc.
2411 1969 2514 2057 di,
2586 1989 2770 2043 cum
2832 1989 3081 2043 sonus
3133 1989 3294 2042 non
3363 1967 3655 2041 habeat
3714 1967 3961 2039 virtu-

837 2088 1044 2158 Item
1095 2084 1176 2157 in
1228 2084 1503 2177 aliquo
1551 2087 2111 2168 SacramentO,
2152 2083 2298 2159 sci·
2414 2090 2575 2159 tem
2629 2086 2987 2179 aliquam
3064 2086 3159 2158 ad
3219 2084 3716 2158 causandum
3776 2083 3961 2157 alte-

745 2201 937 2276 licet
972 2201 1536 2284 Eucharistiae,
1574 2221 1734 2272 non
1775 2200 2097 2275 videtur
2139 2202 2297 2277 ista
2414 2202 2822 2276 rationem
2877 2202 3185 2275 realem
3238 2199 3317 2273 in
3354 2220 3584 2294 pane.

744 2317 1193 2391 causalitas
1237 2338 1416 2390 esse
1467 2317 1903 2411 possibilis,
1985 2322 2065 2392 et
2144 2318 2293 2391 hoc
2499 2317 2786 2391 Posset
2844 2316 3095 2390 etiam
3206 2317 3446 2408 argui
3514 2319 3602 2389 ut
3699 2315 3948 2409 prius,
4074 2319 4109 2366 f>-

747 2433 917 2506 sive
965 2433 1404 2525 loquamur
1441 2434 1532 2506 de
1568 2437 2101 2507 sacramento
2138 2435 2293 2527 ple-
2410 2432 2597 2525 quia
2701 2433 2841 2505 illa
2962 2434 3209 2505 verba
3310 2433 3955 2507 sacramentalia

742 2569 871 2631 no,
917 2548 1226 2621 scilicet
1299 2549 1819 2622 Eucharistia
1875 2550 2047 2641 jam
2107 2571 2294 2624 con·
2405 2548 2700 2625 habent
2740 2572 2919 2623 esse
2997 2551 3077 2623 in
3128 2554 3526 2643 tempore,
3598 2569 3804 2642 ergo
3877 2553 3951 2623 et

744 2668 1094 2748 secrata,
1149 2665 1271 2737 vel
1309 2666 1400 2738 de
1442 2667 1617 2759 ipsa
1666 2667 2291 2741 consecratione
2404 2666 2809 2741 actionem
2836 2688 3065 2740 suam
3092 2667 3431 2760 praecise
3454 2668 3535 2739 in
3562 2670 3950 2760 tempore.

738 2782 1360 2864 Sacramentali,
1408 2803 1583 2875 quae
1623 2788 1747 2857 est
1799 2783 1929 2856 via
1995 2784 2090 2856 ad
2161 2788 2292 2859 Sa·
2405 2784 2555 2857 Illa
2642 2788 2916 2857 autem
2975 2783 3405 2877 dispositio
3484 2784 3579 2856 ad
3650 2782 3955 2856 Eucha-

734 2906 1272 2975 cramentum.
1316 2903 1526 2974 Nam
1562 2900 1829 2994 primo
1887 2902 2118 2974 modo
2172 2901 2289 2973 lo-
2407 2901 2759 2985 ristiam‚
2813 2902 2879 2974 si
2960 2902 3346 2994 fingatur,
3435 2921 3597 2974 non
3690 2906 3952 2995 potest

735 3018 1068 3111 quendo,
1117 3016 1426 3110 species
1481 3017 1621 3089 illa
1693 3016 1923 3109 panis
1965 3037 2125 3089 non
2175 3017 2288 3088 vi·
2404 3019 2591 3112 poni
2636 3019 2965 3092 causari
3017 3019 3099 3092 in
3171 3022 3568 3111 tempore,
3615 3022 3952 3112 propter

731 3134 969 3209 detur
1035 3154 1213 3207 esse
1287 3154 1533 3208 causa
1629 3134 2284 3209 instrumentalis
2402 3135 2710 3209 similes
2793 3135 3344 3229 probationes,
3427 3156 3603 3228 quae
3704 3154 3948 3228 supra

732 3249 1207 3341 attingendo
1288 3249 1690 3331 effectum,
1750 3249 2064 3324 scilicet
2122 3250 2284 3322 exi·
2397 3257 2640 3328 tactae
2683 3258 2870 3327 sunt
2914 3252 2994 3324 in
3032 3254 3377 3326 secundo
3430 3257 3945 3344 argumento.

735 3366 1121 3441 stentiam
1167 3365 1471 3438 realem
1513 3366 1890 3458 corporis
1943 3366 2278 3453 Christi,
2403 3373 2491 3442 In
2559 3369 2986 3463 proposito
3048 3370 3298 3443 etiam
3338 3374 3465 3442 est
3499 3369 3717 3443 ratio
3779 3389 3950 3460 spe·

430 3500 670 3572 Nih-nest
733 3503 988 3576 neque
1049 3480 1408 3574 aliquam
1480 3481 2097 3574 dispositionem
2186 3484 2284 3556 ad
2398 3486 2655 3570 cialis,
2730 3486 2920 3578 quia
2990 3486 3239 3557 verba
3298 3485 3948 3560 consecrationis

385 3579 964 3679 Eucbffiismillum
1014 3598 1418 3672 effectum.
1489 3600 1604 3671 De
1663 3599 2282 3672 consecratione
2395 3603 2942 3678 Eucharistiae
3021 3624 3181 3676 non
3241 3608 3586 3694 possunt
3655 3602 3948 3675 habere

409 3691 681 3816 “ufiossss'tm
733 3716 983 3790 etiam
1045 3719 1293 3807 patet,
1349 3714 1536 3806 quia
1589 3715 1730 3788 illa
1790 3716 2038 3788 verba
2099 3736 2280 3808 pro·
2394 3721 2799 3795 actionem
2846 3724 3217 3812 respectu
3259 3720 3947 3793 transubstantia-

2394 3837 2644 3914 tionis
2688 3858 2826 3908 seu
2860 3835 3425 3929 dispositionis
3459 3836 3945 3909 necessariae

399 3817 682 3938 ,‡{{{¹{‘,¹{}‘g,
731 3833 903 3907 lata
969 3853 1128 3905 non
1216 3834 1631 3922 attingunt
1708 3832 2280 3906 transubstan-

458 4017 623 4053 causae
734 3949 1190 4028 tiationemv
1230 3969 1403 4039 ‘1¹1ae
1444 3951 1570 4020 08¹2
1625 3946 2027 4020 terissUS
2063 3946 2278 4037 Pl'in·
2390 3955 2486 4029 ad
2517 3950 3515 4037 transubstantiationem,
3553 3953 3743 4045 quia
3784 3973 3940 4025 non

517 3944 578 3988 ut

418 4065 659 4129 physicae·
730 4065 1018 4160 cipalis
1060 4063 1299 4154 hujus
1358 4063 2030 4146 consecrationis,
2094 4084 2275 4136 cum
2394 4071 2622 4165 prius
2695 4073 2948 4161 agunt
2991 4068 3212 4142 circa
3291 4089 3651 4162 passum,
3699 4089 3939 4162 quam

728 4184 869 4256 illa
922 4180 1697 4254 transubstantiatio
1730 4200 1889 4251 non
1938 4181 2082 4254 fiat
2113 4180 2274 4253 nisi
2387 4190 2730 4279 tangant
2794 4186 3059 4279 ipsum
3122 4186 3555 4258 secundum
3624 4208 3795 4270 eos,
3862 4191 3935 4260 et

723 4300 1031 4374 virtute
1111 4296 1259 4370 Dei
1327 4295 1667 4378 infinita,
1752 4296 1960 4387 quod
2046 4316 2273 4388 aeque
2389 4303 2820 4393 secundum
2849 4300 3534 4394 Philosophum7,
3578 4305 3929 4391 Physicar.
3979 4305 4151 4358 Texta

718 4418 848 4491 vel
901 4414 1162 4507 magis
1199 4416 1448 4506 patet,
1522 4431 1760 4505 quam
1816 4412 1908 4484 de
1969 4412 2269 4485 oreati-
2384 4421 2474 4493 de
2511 4420 2925 4495 simultate
2959 4418 3274 4512 agentis
3307 4422 3387 4490 et
3420 4418 3668 4510 passi.
3705 4421 3932 4491 Nunc

719 4553 906 4612 one;
945 4552 1200 4623 neque
1240 4529 1575 4619 attingit
1610 4527 1970 4620 aliquam
2008 4528 2268 4620 dispo·
2383 4541 2656 4611 autem
2691 4535 2770 4608 in
2806 4536 3146 4609 instanti
3179 4533 3609 4625 completae
3673 4535 3930 4628 prola-

715 4650 1095 4724 sitionem
1157 4646 1548 4739 praeviam
1599 4644 1693 4716 ad
1755 4643 1979 4715 illam
2042 4649 2268 4717 tran·
2382 4653 2630 4727 tionis
2671 4654 3025 4725 nondum
3060 4651 3367 4745 species
3394 4650 3729 4724 illorum
3760 4673 3930 4724 ver-

712 4763 1511 4849 substantiationem,
1550 4760 1737 4852 quia
1788 4766 1927 4833 aut
1979 4759 2119 4831 illa
2152 4760 2263 4832 di-

707 4881 1053 4975 spositio
1084 4884 1300 4953 esset
1334 4879 1412 4951 in
1440 4881 1815 4971 pane,aut
1850 4876 1929 4947 in
1953 4875 2263 4950 Christi

704 5027 1080 5100 corpore,
1133 5007 1426 5078 neutro
1501 5002 1728 5074 modo
1804 5005 2068 5095 potest
2131 5003 2259 5074 da·

706 5127 802 5197 ri.
848 5128 1029 5199 Non
1063 5120 1394 5197 enimin
1437 5138 1808 5211 corpore,
1858 5117 2047 5208 quia
2081 5118 2255 5208 jam

700 5263 863 5314 non
918 5246 1135 5314 esset
1183 5235 1652 5330 dispositio;
1692 5254 1835 5306 nec
1890 5233 1968 5305 in
2021 5253 2249 5326 pane,

700 5358 911 5450 quia,
957 5377 1141 5430 cum
1186 5353 1325 5427 illa
1383 5350 1809 5444 dispositio
1860 5354 2076 5423 esset
2122 5369 2251 5422 ne-

694 5474 1096 5549 cessitans
1128 5473 1222 5545 ad
1247 5466 2243 5549 transubstantiationem,

693 5593 912 5665 esset
955 5587 1033 5659 in
1084 5588 1360 5660 eodem
1412 5581 1753 5659 instanti
1795 5602 1979 5655 cum
2026 5586 2244 5655 tran-

2378 4769 2668 4842 borum
2773 4773 3121 4860 tangunt
3214 4768 3567 4861 speciem
3666 4768 3922 4861 panis,

2378 4885 2565 4976 quia
2629 4882 3207 4975 multiplicatio
3281 4881 3458 4955 soni
3511 4883 3592 4954 et
3664 4902 3926 4955 sensa-

2374 5000 2490 5074 tio
2562 5019 2723 5072 non
2753 4998 2845 5073 fit
2876 4998 3036 5071 nisi
3103 4997 3181 5070 in
3217 5002 3615 5090 tempore,
3655 5018 3923 5071 secun-

2369 5118 2556 5190 dum
2602 5113 3185 5207 Philosophum
3229 5118 3304 5182 in
3342 5115 3425 5181 de
3452 5137 3650 5181 sensu
3684 5127 3745 5182 et
3774 5138 3920 5182 sen-

2366 5246 2531 5314 sate,
2578 5234 2992 5300 dubitatione
3037 5232 3452 5318 penultima,·
3510 5245 3715 5319 ergo
3778 5249 3920 5321 per·

2367 5352 2686 5441 tempus
2722 5351 2905 5440 post
2934 5348 3250 5419 instans
3285 5344 3665 5419 ultimum
3709 5368 3915 5419 com-

2363 5465 2601 5558 pletae
2673 5464 3161 5556 prolationis
3190 5464 3659 5547 verborum,
3728 5484 3915 5536 non-

2356 5582 2542 5655 dum
2589 5579 3362 5674 transubstantiatio
3456 5578 3680 5654 facta
3758 5585 3903 5668 est,
