4255 6375
1389 382 1586 444 DIST.
1621 382 1719 444 lll.
1756 380 2111 456 QUAESTIO
2159 380 2257 443 lv.

219 546 812 627 Circumcisionem,
880 547 1262 613 necessitate
1327 546 1578 623 salutis,
1649 565 1760 631 per

221 664 501 729 rationes
530 685 728 750 supra
777 664 1027 743 allataS,
1074 664 1300 729 dicens
1358 662 1760 748 Baptismum

224 793 532 866 quantum
563 780 641 845 ad
660 780 963 847 effectum
987 781 1218 847 salutis
1247 779 1587 846 suffecisse
1617 798 1761 863 par-

223 896 369 962 vulo
407 910 558 963 ante
590 896 960 982 passionem
994 895 1234 961 Christi
1328 894 1510 960 Unde
1577 890 1762 958 colli-

221 1013 393 1097 gitur
432 1012 498 1076 in
533 1011 732 1096 priori
772 1023 950 1097 parte
990 1032 1188 1098 agere
1237 1010 1316 1075 de
1349 1006 1764 1075 Circumcisi-

222 1148 337 1192 one
385 1128 634 1193 ratione
658 1129 967 1213 praecepti
1015 1126 1300 1212 positivi,
1339 1139 1408 1190 ut
1443 1124 1564 1190 fuit
1595 1121 1761 1208 legis

226 1240 509 1323 nondum
554 1256 895 1308 revocatae.
960 1245 1030 1306 ln
1074 1243 1361 1307 seeundo
1428 1239 1568 1303 loco
1628 1235 1764 1321 agit

224 1363 567 1441 decadem,
608 1376 676 1429 ut
707 1364 828 1443 fuit
889 1364 1173 1429 medium
1205 1361 1282 1428 ad
1351 1362 1630 1428 salutem
1675 1358 1766 1424 ef-

229 1478 410 1557 ficax,
461 1493 525 1544 et
565 1479 724 1545 utile
757 1500 873 1565 pro
914 1493 1091 1556 tunc,
1134 1500 1261 1543 non
1293 1490 1511 1545 tamen
1545 1495 1766 1541 neces-

229 1595 466 1660 sarium
510 1595 811 1661 instituto
854 1595 1247 1679 Baptismate
1296 1594 1419 1659 sub
1462 1589 1760 1666 consiliO,

233 1711 350 1776 nisi
386 1712 510 1777 sub
550 1711 995 1778 distinctione.

315 1826 437 1892 Sed
471 1827 624 1914 quid
670 1829 789 1925 ista
832 1833 1064 1893 Doctor
1091 1828 1123 1892 ⁶?
1153 1829 1304 1914 quia
1348 1831 1418 1892 D.
1456 1827 1765 1902 ThomaS‚

156 2020 190 2052 {a
235 1963 420 2028 quem
483 1944 588 2007 hic
655 1943 917 2009 videtur
977 1943 1392 2031 impugnare,
1484 1940 1772 2027 loquitur

156 2042 209 2116 ἀ’
233 2057 308 2127 de
336 2059 721 2124 necessitate
759 2059 1287 2124 Circumcisionis
1327 2080 1405 2123 ex
1451 2069 1775 2144 praecepto

237 2173 535 2257 positive,
603 2195 731 2239 non
770 2188 986 2239 autem
1048 2174 1128 2239 de
1169 2176 1551 2241 necessitate
1602 2175 1769 2259 ejuS,

235 2299 299 2351 ut
336 2303 473 2354 erat
504 2288 792 2355 medium
843 2288 1073 2356 efficax
1112 2300 1541 2355 concurrente
1579 2287 1774 2353 etiam

233 2406 552 2491 Baptismo
646 2408 769 2472 sub
853 2406 1309 2492 disjunctione.
1401 2403 1774 2490 Responde-

231 2529 349 2597 tur,
424 2524 762 2585 Doctorem
831 2520 939 2585 hic
1034 2541 1159 2584 non
1236 2519 1558 2586 disserere
1629 2539 1775 2584 cum

232 2636 291 2697 S.
325 2636 598 2714 Thoma,
648 2623 683 2699 a
734 2656 861 2722 quo
896 2655 1021 2699 non
1089 2634 1348 2701 videtur
1399 2633 1773 2712 dissentire,

233 2767 367 2812 meo
390 2748 662 2834 judicic,
691 2749 801 2815 sed
833 2763 1057 2814 contra
1091 2752 1429 2835 Hugonem
1462 2750 1543 2814 de
1575 2750 1640 2815 S.
1677 2747 1781 2811 Vi-

232 2875 420 2942 c'tore,
477 2887 672 2953 quem
708 2866 863 2931 citat
911 2868 982 2932 in
1040 2869 1459 2952 Reportatis,·
1505 2865 1566 2930 is
1606 2864 1779 2929 enim

238 2980 342 3047 tib.
387 2986 449 3047 Ξ.
496 2983 580 3048 de
634 2984 1088 3048 Sat-ramentis
1123 2992 1303 3069 part.
1376 2984 1439 3047 6.
1506 3003 1650 3067 cap.
1714 2984 1778 3045 4.

239 3097 339 3161 ubi
397 3100 534 3186 agit
588 3099 670 3165 de
708 3112 1023 3184 tempore,
1072 3120 1200 3184 quo
1253 3098 1625 3163 institutum
1684 3105 1783 3162 est

243 3215 580 3298 Baptisma,
625 3217 777 3282 citat
815 3216 1029 3282 varias
1059 3214 1403 3300 opiniones
1433 3219 1601 3280 circa
1633 3215 1779 3280 hoc,

247 3330 445 3397 Prima
497 3332 640 3412 fuit,
686 3354 835 3420 quas
901 3333 1152 3398 dicebat
1216 3333 1495 3397 loannis
1544 3334 1606 3396 3.
1674 3335 1785 3396 Ba-

156 3443 201 3539 ζ’
251 3445 474 3529 ptisma
537 3450 603 3513 in
645 3449 772 3515 illis
810 3471 823 3513 ε
862 3449 1010 3514 Nisi
1056 3450 1200 3534 quis
1231 3459 1501 3515 renatus
1545 3448 1780 3531 luerit,

249 3571 359 3628 etc.
393 3563 601 3630 fuisse
629 3562 1034 3640 institutum;
1069 3563 1176 3629 alii
1210 3562 1493 3629 Matthaei
1530 3562 1782 3627 ultimo:

252 3676 508 3757 Euntes,
556 3679 775 3744 docete
813 3700 1035 3760 omnes
1107 3690 1352 3764 yenecs,
1398 3691 1520 3744 etc.
1575 3689 1639 3742 et
1679 3676 1786 3742 alii

254 3794 496 3875 quando
561 3796 839 3860 Ioannes
906 3794 1100 3878 coepit
1163 3793 1508 3879 baptizare,
1569 3793 1677 3858 alii
1722 3791 1786 3855 in

261 3888 575 3990 passione,
639 3909 897 3995 quando
970 3908 1138 3974 dixit
1203 3908 1550 3975 Christus:
1620 3909 1788 3973 Con-

257 4037 637 4090 summatum
696 4036 811 4104 est,
866 4036 989 4091 etc,
1084 4024 1322 4090 veteris
1390 4024 1786 4090 Testamenti

157 4140 218 4252 {aa
262 4139 657 4206 Sacramenta
707 4140 901 4207 finem
945 4140 1297 4226 accepisse,
1342 4152 1406 4205 et
1462 4139 1624 4204 Novi
1670 4159 1789 4204 ex-

159 4264 210 4316 is.
263 4254 528 4335 ordium,
578 4267 825 4342 putant.
883 4255 1156 4340 Subjicit
1198 4254 1523 4340 propriam
1570 4254 1783 4339 opini-

262 4373 693 4450 onem,dicens
726 4397 740 4440 :
782 4372 1210 4439 Commodius
1240 4383 1460 4436 (tricem
1491 4370 1782 4450 videtur,

265 4496 326 4572 ut
370 4488 671 4554 dicamus
704 4490 1118 4573 Baptismum
1170 4489 1363 4574 prius
1425 4508 1546 4572 per
1586 4488 1792 4552 loan-

268 4619 420 4681 nem,
463 4617 522 4669 ec
560 4605 805 4670 deinde
841 4625 962 4689 per
1025 4605 1386 4681 Christum,
1456 4606 1595 4668 sive
1670 4625 1792 4688 per

267 4716 614 4806 discipulos
675 4705 932 4787 Christi
976 4721 1421 4806 aliquamdiu,
1467 4722 1680 4785 solum
1713 4741 1793 4784 ne

267 4854 305 4896 a
336 4838 799 4904 consuetudine
865 4838 1247 4903 abhorreret
1298 4839 1367 4903 in
1413 4859 1599 4903 usum
1639 4858 1792 4922 pro-

270 4947 512 5020 ductum
533 4979 559 5035 ,·
600 4954 956 5019 novissime
1014 4965 1232 5018 autem
1300 4953 1565 5040 quando
1630 4953 1788 5018 uni-

276 5081 512 5133 versum
557 5067 886 5134 mundum
939 5068 1415 5152 proedicacores
1444 5067 1784 5153 baptizare

272 5182 439 5246 missi
499 5199 677 5262 sunt,
769 5183 1174 5270 yeneralicer
1212 5185 1609 5250 institutum.
1662 5192 1785 5247 ete.

276 5292 498 5365 Quibus
537 5298 758 5364 verbis
827 5296 985 5362 nihil
1069 5296 1381 5362 discernit
1446 5296 1615 5361 inter
1672 5298 1792 5361 Ba-

283 5408 567 5492 ptismum
610 5412 905 5490 loannis,
978 5423 1043 5478 et
1092 5433 1286 5498 quem
1328 5411 1568 5477 dabant
1606 5412 1799 5478 disci-

285 5527 400 5609 puli
488 5531 724 5597 Christi
804 5529 1280 5618 (aliquamdiu
1353 5532 1565 5595 solum
1623 5553 1704 5596 ne
1760 5554 1802 5596 a

157 1887 192 1929 u

3309 385 3439 447 355.

1874 547 2368 626 consueludine,
2462 545 2699 633 inquit,
2796 546 3182 614 abhorreret
3213 546 3261 633 )“
3323 547 3427 612 di-

1873 659 2226 728 stinctione
2318 662 2531 750 quoad
2607 662 2919 743 fructum,
3000 684 3075 730 ac
3154 663 3429 750 proinde

1877 778 2039 843 mihi
2075 778 2335 843 videtur
2373 799 2522 845 esse
2554 778 2621 843 in
2654 780 2979 844 sententia
3012 780 3423 858 Tertulliani,

1875 894 2355 978 chrysostomi,
2420 905 2483 959 et
2554 894 2784 960 Leonis
2838 897 3055 981 Papae.
3100 894 3428 983 Quidquid

1876 1011 2048 1078 dicat
2086 1017 2380 1100 Vasquez
2435 1014 2644 1081 citans
2711 1036 2859 1082 eum
2913 1018 2987 1081 in
3023 1038 3170 1101 cap.
3224 1020 3289 1082 6.
3334 1038 3427 1082 se-

1883 1132 2134 1215 quenti,
2203 1130 2310 1196 ubi
2371 1130 2720 1217 distinguit
2788 1131 2956 1198 inter
3028 1132 3431 1219 Baptismum

1874 1247 2142 1312 Joannis
2184 1258 2247 1311 et
2297 1247 2561 1327 Christi,
2620 1248 2791 1335 quod
2854 1248 2964 1313 ille
3025 1248 3147 1315 fuit
3207 1252 3434 1315 Sacra-

1883 1374 2175 1426 mentum
2236 1374 2511 1438 tantum,
2582 1362 2823 1429 Christi
2868 1362 3194 1448 Baptisma
3277 1383 3437 1430 con-

1886 1476 2215 1543 ferebatur
2279 1499 2426 1543 cum
2503 1481 2942 1555 SacramentO,
2992 1478 3055 1545 id
3111 1492 3233 1557 est,
3280 1500 3427 1546 eum

1881 1596 2073 1680 signo
2134 1615 2237 1659 res
2288 1594 2452 1678 ipsa,
2497 1607 2562 1660 et
2611 1595 2912 1661 remissio
2983 1608 3428 1681 peccatorum,

1883 1709 2032 1795 quia
2081 1710 2167 1774 ibi
2222 1710 2511 1797 loquitur
2549 1711 2631 1776 de
2687 1712 3016 1797 Baptismo
3059 1724 3205 1799 post
3261 1733 3433 1778 com·

1886 1822 2123 1907 pletain
2185 1825 2329 1910 ejus
2387 1824 2887 1906 institutionem,
2933 1838 2997 1892 et
3058 1838 3252 1911 prout
3291 1837 3435 1892 erat

1887 1937 1950 2002 in
2012 1940 2321 2005 exercitio
2391 1953 2534 2026 post
2599 1942 3000 2027 antiquatam
3060 1941 3298 2028 legem,
3366 1956 3437 2007 ut

1887 2076 2062 2122 nunc
2101 2069 2202 2121 est
2251 2056 2314 2121 in
2359 2056 2671 2124 Ecclesia.

1979 2173 2161 2237 Unde
2204 2173 2265 2237 in
2326 2173 2545 2238 verbis
2587 2173 2876 2258 praesatis
2926 2174 3122 2239 refert
3177 2173 3437 2240 institu-
3594 2191 3670 2240 ⁴6.

1889 2288 2135 2352 tionem
2200 2288 2573 2373 generalem
2647 2288 2957 2373 Baptismi
3030 2289 3107 2355 ad
3177 2301 3436 2376 tempus

1891 2418 2037 2490 post
2094 2404 2684 2482 resurrectionem;
2750 2404 2917 2470 infra
2974 2417 3192 2472 autem
3253 2405 3433 2484 dicit,

1891 2521 2064 2608 qitod
2106 2543 2276 2585 nova
2318 2522 2631 2593 inchoata
2666 2506 2840 2586 ‘sunt
2872 2534 3026 2589 ante
3062 2525 3439 2609 passionem

1892 2640 1982 2704 ad
2021 2640 2580 2718 consuetudinem,
2612 2639 2781 2726 quod
2814 2638 3083 2725 perinde
3121 2652 3222 2706 est
3259 2659 3333 2705 ac
3363 2638 3439 2704 ad

1894 2774 2111 2831 usum,
2152 2775 2279 2817 non
2310 2754 2387 2819 ad
2424 2755 2704 2821 fructum
2737 2775 2819 2820 ex
2853 2768 3070 2821 mente
3101 2755 3334 2841 ipsius;
3380 2767 3444 2819 et

1895 2881 2141 2957 postea,
2178 2882 2237 2935 et
2279 2872 2353 2936 in
2397 2872 2520 2936 iseo
2560 2872 2777 2937 medio
2819 2883 3109 2957 tempore
3166 2869 3444 2958 (supple

1896 2987 2241 3074 utriusque
2296 2989 2744 3055 concurrentis
2804 3001 2955 3054 ante
3016 2985 3444 3083 passionem)

1897 3124 2021 3189 quo
2078 3105 2212 3189 fuit
2254 3105 2632 3190 Baptismus
2708 3127 2855 3170 cum
2920 3105 3446 3170 Circumcisione

1897 3219 1978 3283 ab
2014 3220 2439 3286 inchoatione
2489 3243 2631 3299 sua,
2688 3243 2887 3308 usque
2926 3221 3015 3286 ad
3069 3222 3445 3307 passionem

1903 3334 2189 3412 Christe}
2226 3336 2349 3400 hoc
2377 3337 2512 3420 fuit
2549 3337 2982 3402 Circumcisio
3021 3358 3168 3402 cum
3208 3336 3446 3422 Bapti-

1896 3468 2034 3511 smo
2063 3461 2207 3534 post
2245 3453 2642 3534 passionem,
2711 3472 2911 3536 usque
2942 3450 3031 3516 ad
3062 3450 3237 3516 illud
3291 3461 3446 3515 tem-

1893 3585 2037 3649 puS,
2103 3587 2229 3652 quo
2269 3569 2416 3653 ipsa
2470 3569 2904 3632 Circumcisio
2963 3569 3157 3653 coepic
3216 3569 3446 3652 prohi-

1898 3683 2060 3759 beri,
2125 3693 2247 3747 etc.
2315 3684 2470 3748 Dicit
2522 3704 2681 3768 ergo
2734 3683 3311 3750 Circumcisionem
3376 3683 3440 3747 in

1900 3808 2107 3863 morte
2180 3797 2418 3863 Christi
2492 3797 2686 3863 finem
2755 3798 3105 3884 accepisse,
3173 3809 3233 3863 et
3295 3807 3445 3862 ante
3478 3853 3799 3918 Comparatio

1899 3911 2058 3977 illud
2099 3925 2357 3997 tempus
2415 3914 2498 3978 ita
2543 3912 2942 3999 Baptismum
3004 3934 3076 3979 se
3137 3912 3447 4005 habuisse
3478 3918 3794 4032 Θῐξεὸἰῑὲῖἓιίἦ

1903 4025 1978 4089 ad
2075 4025 2685 4107 Circumcisionem,

3498 974 3748 1038 Vasquez.

2787 4026 2952 4092 sicut
3027 4026 3448 4092 Circumcisio
3528 4043 3733 4093 cisionis

1901 4153 2046 4226 post
2102 4154 2377 4207 mortem
2436 4141 2675 4208 Christi
2726 4163 2797 4208 se
2846 4143 3126 4208 habebat
3191 4142 3271 4208 ad
3327 4145 3447 4234 Ba·
3503 4105 3732 4218 difflssffl

1902 4259 2256 4344 ptismum3
2304 4279 2461 4345 ergo
2503 4260 2702 4324 sentit
2758 4280 2884 4326 non
2944 4259 3147 4326 fuisse
3205 4259 3447 4327 fructu·

1900 4397 2089 4442 osum
2151 4376 2553 4461 Baptismum
2614 4389 2767 4442 ante
2826 4377 3221 4462 passionem,
3279 4375 3451 4462 quod

1901 4489 2287 4570 clarissime,
2342 4491 2793 4579 prosequendo
2834 4492 3129 4558 eamdem
3193 4512 3451 4577 compa-

1903 4608 2251 4686 rationem,
2313 4606 2521 4687 docet,
2567 4627 2893 4689 asserens,
2940 4607 3110 4674 sicut
3163 4607 3452 4673 Circum-

1906 4723 2067 4788 cisio
2111 4722 2177 4788 in
2219 4743 2335 4789 suo
2375 4735 2545 4790 statu
2607 4736 2755 4789 ante
2809 4724 3183 4810 passionem
3228 4721 3308 4789 ad
3357 4744 3455 4789 sa-

1907 4838 2110 4904 lutem
2226 4839 2727 4924 suscipiebatur,
2849 4859 3061 4925 neque
3192 4838 3460 4904 licuisse

1912 4951 2312 5037 Baptismum
2372 4935 2726 5030 contemni,
2811 4953 2905 5019 sic
2964 4966 3107 5038 post
3183 4966 3457 5018 mortem

1909 5067 2148 5133 Christi
2191 5067 2561 5153 Baptismus
2610 5069 2675 5133 in
2737 5090 2856 5135 suo
2917 5082 3090 5135 statu
3150 5066 3461 5152 suscipie-

1912 5184 2108 5249 batur
2157 5182 2235 5249 ad
2278 5183 2577 5263 salutem,
2654 5205 2863 5272 neque
2931 5184 3158 5251 debuit
3221 5195 3332 5251 aut
3390 5182 3466 5247 li·

1909 5300 2045 5366 cuit
2148 5301 2478 5365 contemni
2571 5300 3147 5367 Circumcisionem
3261 5299 3468 5367 donec

1916 5416 2445 5502 prohibebatur;
2508 5437 2582 5483 ac
2662 5416 2921 5484 tandem
3022 5416 3464 5502 comparando

1914 5548 2266 5620 utrumque
2332 5533 2489 5600 dicit
2536 5556 2549 5601 :
2600 5536 2846 5600 Rursus
2904 5532 3458 5619 quemadmodum
