4255 6375
741 428 859 498 362

759 597 912 661 dum
987 606 1086 663 est
1142 600 1225 663 de'
1280 602 1431 683 lege
1491 618 1683 670 nova,
1743 601 1916 681 quia,
1975 603 2043 660 ul
2094 599 2309 681 inquit

689 786 698 793 ἡ
759 715 1025 785 Ductor,
1074 717 1154 776 de
1201 720 1366 777 Sion
1405 721 1599 780 eoeivit
1629 716 1764 788 lex,
1807 721 1864 777 et
1894 715 2155 776 verbum
2185 718 2308 775 Do-

762 834 925 896 mini·
961 835 1039 895 de
1075 834 1458 910 Jerusalem,
1511 837 1683 898 lsaiae
1711 837 1772 896 2.
1820 832 1999 896 unde
2046 833 2307 895 conclu-

761 948 870 1021 dit,
944 951 1334 1027 quibusdam
1408 958 1805 1030 praeceptum
1875 951 2186 1029 Baptismi
2244 954 2309 1009 et

760 1064 1091 1142 Evangelii
1125 1071 1273 1143 post
1316 1083 1637 1146 mensem,
1684 1066 1824 1130 aliis
1858 1072 2002 1143 post
2035 1083 2302 1139 annum,

768 1178 907 1241 aliis
951 1185 1101 1258 post
1150 1158 1384 1245 deceni
1427 1200 1637 1245 annos
1681 1183 1927 1260 incipit.

497 1353 671 1402 soius.
849 1299 1006 1360 Hinc
1044 1301 1338 1379 rejicitur
1382 1301 1709 1364 sententia
1758 1298 2109 1379 singularis
2154 1299 2308 1360 Soto

475 1412 700 1464 Medina-
766 1413 876 1475 cib.
929 1416 988 1477 2.
1040 1420 1118 1480 de
1160 1420 1322 1479 Just.
1374 1425 1431 1479 ec
1461 1420 1638 1495 jure,
1700 1425 1911 1495 qnaest.
1962 1420 2023 1479 5.
2078 1423 2204 1479 art.
2246 1416 2308 1477 4.

444 1476 722 1609 lxssliliagffig
766 1548 963 1611 quem
1023 1534 1323 1612 sequitur
1370 1533 1625 1595 Medina
1686 1538 1737 1596 1.
1789 1537 1849 1596 2.
1901 1540 2118 1611 quaest.
2177 1533 2307 1595 103.

469 1599 714 1665 Baptismi
2181 1649 2192 1661 ‚

426 1670 544 1710 anie
611 1676 739 1726 prae·
767 1658 888 1712 art.
944 1652 1004 1712 3.
1057 1655 1431 1713 asserentes
1476 1651 1766 1711 Gentiles
1814 1647 2016 1711 fuisse
2064 1648 2314 1727 obliga-

401 1763 410 1770 ’
461 1729 685 1790 ceptum.
760 1772 868 1827 tos
897 1765 1236 1844 suscipere
1270 1766 1693 1844 Baptismum,
1741 1767 1797 1827 si
1849 1764 2200 1827 crederent
2248 1766 2312 1825 in

765 1882 1109 1955 Christum,
1140 1888 1291 1944 ante
1323 1885 1514 1945 etiam
1562 1883 1963 1959 Baptismum
2016 1880 2307 1959 promul·

762 2003 988 2072 gaium
1040 2016 1057 2070 ;
1109 2000 1355 2060 nullum
1418 2000 1591 2061 enim
1651 2003 1749 2059 est
1802 1996 2312 2060 fundamentum

749 2114 1104 2177 asserendi
1149 2117 1542 2193 Baptismum
1599 2113 2009 2192 propositum
2055 2113 2306 2190 simpli-

762 2238 919 2297 citer
974 2235 1096 2295 sub
1170 2234 1438 2297 consilio
1508 2233 1742 2295 Judaeis
1800 2233 2131 2312 obligasse
2187 2232 2309 2292 sub

762 2357 1095 2427 praecepto
1129 2349 1420 2411 Gentiles
1465 2348 1816 2411 credentes
1858 2344 1922 2410 in
1961 2347 2307 2420 Christum,

765 2467 916 2545 quia
946 2482 1166 2545 neque
1195 2466 1622 2546 Evangelium
1668 2471 1803 2526 tuni
1854 2465 2099 2526 directe
2146 2479 2306 2541 prae-

766 2583 1055 2645 dicatum
1125 2587 1226 2644 est
1295 2582 1634 2654 Gentibus,
1718 2572 1938 2660 neque
2014 2579 2310 2656 discipuli

766 2700 942 2761 missi
1005 2698 1089 2760 ad
1148 2697 1636 2776 praedicandum
1709 2704 1775 2759 et
1840 2696 2309 2774 baptizandum

762 2816 1051 2878 Matthaei
1107 2815 1199 2877 10.
1259 2814 1437 2876 missi
1486 2820 1641 2875 sunt
1693 2811 1778 2874 ad
1827 2813 2138 2884 GentileS,
2189 2811 2310 2876 sed

767 2931 1069 3011 prohibiti
1099 2937 1250 2992 sunt
1277 2930 1360 2992 ad
1396 2947 1512 2992 eos
1543 2933 1636 2992 ire
1673 2950 1687 2991 ε
1718 2935 1784 2992 1η
1815 2933 1989 2991 viam
2019 2934 2313 2993 Gentium

765 3066 843 3110 ne
874 3048 1194 3117 abieritis,-
1230 3052 1296 3108 et
1337 3046 1610 3108 Maithaei
1639 3047 1698 3107 5.
1733 3049 1868 3108 Non
1895 3064 2038 3108 sum
2083 3050 2315 3109 missus

768 3166 897 3228 nisi
922 3166 1010 3227 ad
1036 3181 1200 3236 oves,
1247 3182 1386 3242 quae
1421 3166 1759 3242 perierunt
1810 3166 2036 3226 domus
2070 3167 2308 3238 Israel;

749 3287 836 3344 ·et
891 3281 1051 3343 illud
1099 3300 1113 3341 ε
1167 3283 1303 3342 Non
1359 3283 1446 3341 es!
1501 3281 1736 3342 bonum
1781 3291 2036 3342 sumere
2070 3300 2312 3358 panem

761 3396 1079 3473 filiorum,
1112 3402 1167 3458 ec
1199 3400 1450 3459 mittere
1493 3398 1781 3468 canibus,
1815 3403 1941 3460 etc.

565 3576 573 3585 ,
847 3514 909 3575 Si
955 3531 1116 3594 ergo
1167 3513 1595 3593 Evangelium
1644 3532 1774 3577 non
1819 3518 2314 3594 proponebatur

426 3575 742 3688 Giffifflffiff
765 3633 921 3690 tunc
951 3628 1287 3710 gentibus,
1319 3633 1392 3689 ut
1423 3635 1597 3704 patet
1630 3644 1712 3688 ex
1742 3628 1956 3701 dictis,
1997 3629 2116 3691 sed
2157 3631 2313 3692 solis

454 3702 743 3765 obligaban·
948 3747 962 3760 ,
1090 3745 1102 3757 ,
1303 3747 1314 3760 ,
1997 3748 2007 3759 ,

543 3771 629 3813 tur
765 3743 1025 3817 JudaeiS,
1087 3750 1173 3806 ita
1233 3750 1428 3807 etiam
1487 3762 1707 3824 neque
1756 3745 2125 3809 remedium
2169 3749 2313 3828 ejus

445 3831 564 3876 ante
590 3841 715 3889 prae·
1127 3863 1139 3877 .
2237 3866 2250 3879 .

475 3893 696 3950 ceptum,
768 3867 984 3939 potest
1015 3861 1307 3941 obligare
1338 3862 1582 3922 Gentes
1634 3879 1753 3940 per
1800 3863 2068 3926 modum
2117 3864 2311 3945 legis,

766 3997 907 4060 quai
936 3981 1144 4058 primo
1175 3981 1444 4058 respicit
1490 3980 2044 4054 communitatem,
2093 3998 2313 4060 neque

764 4112 886 4173 per
955 4095 1221 4157 modum
1290 4096 1607 4174 praecepti
1667 4095 1917 4173 privati,
1980 4099 2133 4176 quia
2184 4112 2315 4160 non

767 4213 958 4275 aliter
984 4212 1477 4291 proponebatur
1504 4212 1662 4288 ipsls
1709 4227 1904 4290 quam
1933 4212 2190 4276 Judaeis.

425 4365 735 4435 Responsio.
847 4338 1060 4411 DiceS,
1106 4335 1285 4417 quod
1329 4334 1527 4398 Judaei
1573 4335 1908 4398 habebant
1949 4338 2315 4402 remedium

452 4433 716 4497 Impugna-
764 4463 785 4525 l
884 4464 896 4476 .
1034 4463 1047 4477 .
1404 4461 1416 4474 .
1655 4463 1667 4475 .
1713 4463 1725 4477 .
2027 4465 2038 4478 .

537 4501 643 4544 tur.
792 4479 959 4543 egis,
1032 4463 1099 4525 id
1171 4467 1286 4535 est,
1364 4478 1952 4535 circumcisionem,
2025 4464 2314 4544 ideoque

456 4556 706 4606 Gentibus
1058 4593 1070 4605 ,
1722 4587 1734 4600 ‚

493 4620 685 4669 valebat
769 4605 896 4652 non
944 4589 1407 4671 obligabantur
1437 4587 1522 4648 ad
1552 4589 1947 4665 Baptismum
1978 4608 1992 4662 ;
2027 4591 2151 4652 hoc
2184 4608 2314 4653 non

441 4681 723 4730 remedium

468 4746 614 4810 legis,
643 4746 695 4793 et

429 4815 738 4941 apnffigffi’m
761 4845 875 4918 let,
910 4841 1058 4920 quia
1091 4840 1316 4917 plures
1347 4839 1474 4908 alii,
1510 4843 1576 4900 et
1605 4838 1713 4900 filii
1757 4841 1949 4915 Esau,
1981 4845 2047 4901 et
2078 4843 2313 4903 ismae-

530 4947 638 4982 sine
790 4970 801 4983 .
1452 4966 1465 4979 ·
1701 4967 1713 4978 .
1760 4967 1771 4979 .

437 4997 718 5060 Baptismo.
761 4970 887 5032 litae
956 4968 1331 5029 habuerunt
1400 4966 2001 5036 circumcisionem,
2089 4973 2313 5029 tamen

762 4714 1136 4776 habuerunt
1166 4712 1434 4776 GenteS.
1467 4711 1596 4773 Sed
1626 4714 1770 4775 liaec
1812 4716 1974 4775 ratio
2004 4683 2160 4777 'non
2207 4733 2322 4778 va-

760 5099 930 5160 inter
978 5095 1223 5157 Gentes
1277 5093 1848 5171 computabantur.
1903 5094 2156 5157 Deinde
2213 5112 2314 5157 re-

759 5224 1055 5287 medium
1103 5223 1272 5301 legis
1324 5224 1573 5284 naturae
1642 5221 1906 5284 valebat
1969 5221 2308 5290 Gentibus,

759 5351 928 5412 sicut
987 5347 1401 5410 circumcisio
1471 5347 1731 5408 Judaeis.
1797 5347 2072 5410 Accedit
2130 5348 2310 5426 quod

759 5475 1005 5537 Gentes
1073 5479 1378 5552 poterant
1446 5470 1823 5535 circumcidi
1896 5477 1962 5533 et
2013 5473 2313 5551 recipere

753 5606 1008 5685 legem,
1056 5603 1157 5666 vel
1189 5601 1339 5666 lieri
1384 5600 1721 5684 proselyti.
1777 5602 1867 5663 Ex
1915 5602 2153 5682 quibus
2192 5617 2315 5680 pa-

2384 4497 2390 4505 ·
2429 4468 2768 4547 supposito
2807 4485 2820 4527 :

1931 434 2073 501 ΗΒ.
2123 438 2223 500 Ν.
2256 436 2851 502 SENTENTIARUM

2424 600 2518 660 tet
2572 598 2655 660 ad
2699 597 3199 663 fundamentum
3256 601 3559 675 aliorum,
3620 601 3792 679 quod
3852 609 3930 666 est

2417 715 2579 777 illud
2601 717 2744 796 jam
2788 717 3266 796 impugnatum.

2504 831 2591 913 (g)
2660 836 2795 896 Sed
2859 840 3175 912 quantum
3243 820 3333 896 izd
3400 836 3931 897 circumcisionem
3980 850 4053 915 „a

2417 950 2742 1025 distinguo
2799 958 3076 1026 quatuor
3132 957 3450 1026 tempora,
3505 957 3639 1012 etc.
3690 950 3931 1010 Primum
3974 918 3999 989 μ

2418 1063 2538 1126 fuit
2594 1070 2748 1127 ante
2810 1067 3289 1129 institutionem
3358 1066 3702 1145 Baptismi,
3757 1069 3817 1126 et
3859 1032 4084 1143 sicffiffi

2420 1179 2542 1243 fuit
2580 1182 2952 1243 necessaria
3001 1182 3285 1256 Judaeis3
3338 1181 3711 1244 secundum
3753 1187 3931 1242 autem

2424 1305 2523 1360 est
2554 1304 2703 1375 post
2740 1299 3216 1362 institutionem
3259 1299 3595 1378 Baptismi,
3636 1315 3837 1376 usque
3871 1296 3934 1359 ad

2423 1415 3016 1495 promulgationem
3048 1416 3218 1494 ejuS,
3254 1421 3320 1475 et
3368 1415 3461 1475 sic
3508 1430 3645 1476 non
3691 1413 3806 1477 fuit
3844 1431 3936 1475 ne-

2426 1530 2729 1604 cessaria,
2763 1529 2886 1592 sed
2915 1531 3109 1591 utilis.
3146 1529 3458 1607 Loquitur
3484 1533 3714 1590 autem
3743 1529 3940 1589 Doctor

2426 1644 2509 1707 de
2556 1649 2950 1710 necessitate
2996 1646 3219 1719 medii,
3272 1650 3468 1723 prout
3516 1662 3721 1724 supra
3770 1646 3940 1723 expli·

2427 1764 2681 1827 cuimus
2739 1764 2884 1842 ejus
2936 1767 3271 1835 mentem,
3330 1767 3397 1823 in
3456 1764 3674 1842 prima
3730 1763 3941 1840 exposi-

2428 1884 2644 1957 tione;
2679 1880 2851 1943 adde
2893 1882 3113 1952 etiam,
3144 1883 3197 1941 si
3244 1878 3542 1941 secunda
3592 1879 3801 1959 magis
3842 1880 3943 1956 pla·

2426 2005 2553 2071 cet,
2602 1996 2804 2061 fuisse
2861 1999 3296 2061 necessariam
3356 1998 3761 2060 necessitate
3811 2013 3936 2073 prae·

2425 2119 2599 2194 cepti
2641 2116 2917 2195 positivi,
2953 2116 3068 2176 ubi
3098 2131 3228 2178 non
3258 2113 3381 2176 fuit
3408 2118 3784 2193 Baptismus
3828 2130 3941 2190 pro·

2424 2234 2779 2313 mulgatus.
2836 2236 3124 2297 Tertium
3190 2237 3451 2309 tempus
3499 2230 3627 2293 fuit
3656 2232 3939 2310 ejuspost

2423 2352 3018 2432 promulgationem
3061 2352 3393 2429 Baptisnii‚
3442 2358 3511 2412 et
3552 2368 3678 2430 pro
3709 2352 3809 2412 ilio
3834 2364 3938 2411 non

2423 2466 2543 2528 fuit
2570 2467 2766 2542 utilis,
2798 2473 2910 2529 aut
2936 2470 3335 2540 necessaria,
3369 2466 3507 2529 sed·
3536 2467 3734 2529 licita.
3775 2466 3936 2540 Quar-

2426 2589 2564 2646 tum
2604 2582 2746 2654 fuit,
2812 2583 3079 2664 quando
3136 2584 3270 2664 jam
3325 2582 3448 2646 fuit
3505 2580 3849 2652 mortifera,
3888 2586 3937 2640 et

2423 2717 2555 2762 non
2589 2702 2885 2764 tolerata.

2504 2820 2876 2887 Secundam
2956 2818 3449 2882 conclusionem
3522 2818 3817 2879 Doctoris
3873 2812 4084 2911 decissa

2422 2940 2701 3003 utilitate
2746 2937 3267 2999 Circumcisionis
3297 2941 3449 3012 post
3480 2939 3765 2995 mortem
3792 2928 3935 2992 cliri-
4003 2900 4083 2999 ἐξ

2422 3059 2502 3120 sti
2532 3073 2748 3135 usque
2801 3054 2884 3117 ad
2917 3054 3539 3132 promulgationem,
3583 3051 3937 3129 impugnant
3973 3025 4084 3137 ,ζῇ

3849 3138 4084 3249 φιῑΡἚίΞ

2425 3298 2660 3372 putant
2699 3294 2923 3371 legem
2980 3305 3216 3352 novam
3274 3288 3609 3368 obligasse
3654 3288 3719 3350 in
3766 3292 3933 3347 moi-te
3951 3263 4083 3324 ’ἔξω

2423 3409 2679 3482 christi,
2728 3408 2833 3468 vel
2883 3409 3060 3467 certe
3104 3406 3170 3465 in
3224 3403 3733 3477 resurrectione,
3779 3406 3837 3462 et
3869 3398 3931 3458 ab

2427 3543 2506 3588 eo
2539 3532 2835 3600 tempore
2880 3519 3455 3583 circumcisionem
3484 3515 3693 3579 fuisse
3733 3517 3933 3577 licitam

2425 3642 2719 3723 quidem,
2773 3639 2910 3703 'sed
2981 3637 3331 3699 invalidam
3401 3645 3466 3697 et
3538 3633 3932 3700 inefficacem,

2428 3762 2579 3840 quia
2662 3757 3069 3822 succedente
3159 3753 3563 3834 obligatione
3636 3752 3931 3833 Baptismi.

2427 3878 2682 3940 sublata
2714 3880 2813 3935 est
2843 3874 2987 3953 ejus
3016 3875 3245 3932 virtus.
3276 3871 3430 3932 Eam
3467 3871 3703 3948 probat
3734 3871 3936 3931 Doctor

2425 3999 2492 4057 in
2520 3993 2559 4074 g
2584 3986 2964 4070 praecedenti
2998 3993 3281 4067 quatuor
3328 3986 3711 4056 rationibus,
3761 3989 3822 4045 et
3855 3999 3935 4043 se·

2427 4111 2651 4189 quitur
2706 4123 2788 4170 ex
2836 4107 2979 4186 jam
3037 4103 3248 4174 dictis,
3308 4102 3457 4180 quia
3512 4106 3652 4164 tum
3695 4103 3931 4180 primuni

2427 4227 2628 4304 coepit
2684 4221 3097 4286 circumcisio
3155 4232 3303 4279 esse
3351 4216 3665 4289 invalida,
3711 4212 3933 4294 quando

2425 4345 2792 4420 Baptismus
2837 4335 3088 4418 positus
3122 4338 3311 4398 estin
3346 4339 3712 4413 praecepto,
3752 4336 3811 4393 et
3835 4331 3932 4391 hoc

2423 3178 2762 3247 DoctoreS,
2815 3172 3053 3253 quibus
3099 3172 3238 3252 jam
3294 3168 3784 3249 respondimus,

4082 4611 4083 4648 l

2426 4722 2509 4784 ad
2568 4721 2787 4798 legem
2846 4733 3042 4789 nunc,
3105 4731 3302 4794 quam
3346 4718 3542 4775 antea
3595 4729 3673 4774 se
3725 4710 3924 4774 habuit.
3945 4660 4079 4776 ηιιιιῗ,Ι

2422 4579 2429 4586 ’
2506 4596 2713 4657 Prima
2756 4591 2916 4653 ratio
2964 4594 3112 4652 est:
3157 4587 3381 4650 Nullus
3425 4587 3619 4648 aliter
3658 4603 3729 4648 se
3771 4581 3931 4645 habet
4017 4593 4060 4641 εὐ.

2426 4847 2548 4909 nisi
2580 4845 2729 4925 quia
2763 4851 2862 4907 est
2891 4843 2949 4904 ei
2982 4842 3169 4903 aliter
3196 4839 3651 4919 promulgata3
3687 4834 3794 4900 sed
3828 4803 4047 4905 nonffi„

2416 4974 2544 5055 ,fuit
2572 4971 2937 5050 Baptismus
2967 4968 3152 5029 aliter
3181 4964 3639 5045 promulgatus
3669 4964 3780 5025 sub
3809 4974 3926 5038 prae·
3977 4972 4031 5046 aa

2428 5104 2620 5178 cepto
2660 5100 3118 5176 postmortem
3149 5092 3377 5155 Christi
3438 5108 3656 5170 usque
3701 5089 3773 5151 ad
3804 5087 3921 5148 Pen·
3954 5041 4064 5156 dm,

2425 5229 2747 5298 tecosten,
2783 5237 2978 5301 quam
3019 5217 3230 5280 fuerat
3280 5225 3475 5279 antea
3519 5215 3922 5294 promulgatus
4008 5169 4043 5206 ω

2425 5352 2684 5412 vivente
2729 5346 3003 5416 christo,
3048 5352 3199 5404 tunc
3242 5340 3362 5402 fuit
3404 5341 3529 5402 sub
3581 5335 3919 5405 consilio,et

2425 5473 2840 5536 circumcisio
2898 5470 3015 5532 fuit
3065 5468 3323 5544 valida;
3387 5483 3550 5550 ergo
3617 5472 3753 5544 etc.
3789 5463 3915 5525 lianc

2424 5598 2746 5670 'rationem
2809 5598 2948 5679 jam
3026 5599 3093 5660 in
3170 5595 3562 5674 prm-edenti
3627 5587 3916 5662 commem
