4255 6375
1398 428 1597 492 Dls'r.
1646 427 1691 489 l.
1742 423 2101 502 QUAEs'rto
2152 423 2227 485 11.

313 601 562 679 tium.
607 600 827 693 patet
861 618 960 670 ex
991 595 1229 671 dictis
1294 594 1371 668 in
1441 588 1864 686 explicati-

318 738 476 791 one
522 714 1018 791 definitionis
1057 712 1466 805 Magistri.

413 834 528 907 Ad
602 838 1011 926 quartum,
1089 831 1353 924 potest
1417 830 1698 921 patere
1773 845 1871 897 ex

311 951 514 1033 illis,
563 950 752 1043 quia
802 950 1006 1042 quod
1057 967 1215 1021 una
1279 944 1638 1019 definitio
1714 963 1872 1018 non

310 1066 739 1161 exprimit,
786 1065 948 1137 alia
992 1062 1406 1156 exprimit,
1471 1065 1556 1134 ut
1617 1059 1732 1133 sic
1773 1080 1874 1133 ex

314 1185 696 1259 omnibus
731 1184 1209 1275 colligendo,
1278 1181 1482 1275 quod
1517 1179 1872 1273 sparsim

317 1302 742 1380 invenitur
775 1300 853 1371 in
898 1299 1268 1392 singulis,
1333 1298 1589 1392 possit
1642 1297 1875 1371 habe-

322 1411 396 1483 ri
443 1431 608 1484 una
664 1408 1022 1482 definitio
1091 1408 1530 1500 completa,
1604 1407 1871 1499 qualis

319 1533 454 1601 est
490 1527 632 1599 illa
672 1547 924 1620 supra
959 1526 1250 1620 posita.

765 1756 1429 1823 COMMENTARIUS.

99 1996 176 2073 9„
428 1987 522 2075 (d)
558 1989 653 2053 De
702 1989 897 2054 tertio
922 1990 1297 2076 principali
1342 1989 1518 2069 dico,
1570 2000 1693 2056 etc.
1751 1992 1883 2055 Hoc

30 2065 257 2176 ,ξι-ἷζῗὲξ
323 2103 595 2171 tandem
637 2106 910 2172 articulo
939 2106 1134 2172 tradit
1173 2106 1618 2174 definitionem
1652 2111 1881 2176 Sacra-

323 2222 563 2297 menti,
644 2242 918 2310 eamque
976 2243 1090 2309 per
1147 2222 1496 2310 particulas
1569 2223 1876 2293 declarat.

321 2342 695 2424 Antequam
752 2338 830 2404 ad
897 2339 1401 2425 explicationem
1471 2355 1535 2408 et
1598 2340 1882 2427 probati-

318 2474 523 2519 onem
575 2452 1008 2541 singularium
1046 2456 1412 2535 veniamuS,
1481 2458 1879 2544 praemittam

322 2571 747 2638 definitiones
779 2593 813 2639 a
858 2572 1187 2659 primariis
1235 2574 1611 2641 auctoribus
1670 2576 1876 2643 datas.

426 2689 643 2754 Prima
675 2701 769 2754 est
797 2689 944 2755 talis
993 2711 1074 2756 ex
1116 2690 1481 2775 Augustino
1543 2697 1602 2756 1.
1639 2692 1723 2757 de
1771 2693 1882 2758 Ci-

30 2803 296 2900 tergam.
331 2801 544 2868 vitate
584 2803 725 2881 Dei,
774 2826 919 2890 cap.
967 2809 1029 2870 5.
1080 2805 1584 2872 Sacramentum
1642 2817 1734 2872 est
1771 2829 1881 2872 sa-

30 2910 290 3027 {23:²32-
328 2939 470 2982 cra?
505 2918 611 2983 rei
635 2920 920 3005 siynum.
958 2920 1253 2987 Secunda
1293 2934 1392 2987 est
1423 2921 1647 2988 Isidori
1690 2922 1876 2989 libo.

30 3037 290 3152 ὶὲιῧὲἓὶω.
328 3037 608 3120 etymol.
661 3058 807 3123 cap.
870 3040 974 3103 18.
1037 3039 1539 3104 Sacramentum
1588 3050 1700 3118 est,
1756 3060 1881 3125 per

30 3162 84 3210 D.
111 3164 290 3217 Tuam.
327 3151 509 3238 quod
546 3153 663 3220 sub
703 3164 1071 3240 tequmento
1111 3176 1336 3222 rerum
1366 3157 1737 3223 visibilium
1774 3156 1878 3222 di-

327 3271 494 3336 vina
527 3274 739 3337 virtus
756 3275 1070 3339 secretius
1089 3276 1370 3340 salutem
1395 3286 1874 3360 operatur,etc.

327 3390 509 3452 Hanc
584 3389 927 3455 Gratianus
1011 3395 1069 3455 1.
1153 3400 1379 3476 quaest.
1472 3395 1533 3458 1.
1577 3412 1633 3458 c.
1708 3390 1878 3457 Mul-

328 3503 383 3567 ti
483 3505 928 3585 saecularium,
987 3516 1108 3571 etc.
1215 3505 1443 3572 tribuit
1531 3506 1875 3593 Gregorio,

325 3612 400 3675 D.
440 3611 722 3679 Thomas
760 3633 918 3679 vero
952 3614 1027 3679 in
1065 3617 1129 3679 4.
1167 3612 1321 3681 dist.
1349 3618 1407 3680 1.
1438 3625 1663 3702 quoest.
1722 3619 1780 3679 1.
1818 3625 1881 3680 et

327 3729 724 3814 Angustiae,
771 3730 1004 3816 reipsa
1070 3731 1411 3820 utriusque
1476 3731 1600 3798 dici
1637 3742 1876 3820 potest,

331 3842 489 3908 licet
526 3845 738 3931 quoad
781 3844 1053 3913 formam
1089 3849 1439 3914 verborum
1492 3848 1578 3915 sit
1619 3847 1877 3915 Isidori.

336 3960 553 4026 Tertia
586 3972 684 4027 est
714 3962 1008 4049 Hugonis
1063 3963 1175 4029 lib.
1228 3968 1287 4030 1.
1325 3964 1407 4030 de
1435 3966 1885 4038 Sacramentis

333 4098 403 4163 p.
459 4080 523 4143 9.
559 4099 615 4145 c.
665 4081 727 4144 2.
800 4081 1301 4146 Sacramentum
1370 4092 1462 4147 est
1539 4083 1884 4167 corporale

336 4193 732 4260 elementum
775 4197 952 4281 foris
996 4197 1402 4265 sensibiliter
1436 4200 1875 4285 propositum,

334 4329 420 4373 ea:
465 4310 914 4376 similitudine
941 4325 1446 4399 repraesentans,
1486 4336 1571 4379 ea:
1616 4316 1882 4382 institu-

335 4424 515 4489 tione
598 4428 1013 4512 siqnificans,
1079 4441 1141 4496 et
1216 4453 1301 4495 ea:
1355 4433 1885 4514 sanctificatione

332 4543 680 4608 continens
713 4545 1138 4624 invisibilem,
1177 4558 1238 4610 et
1266 4548 1692 4633 spiritualem
1720 4570 1876 4634 yra-

335 4657 523 4736 tiam,
563 4671 685 4725 etc.
714 4663 948 4736 Quarta
983 4672 1083 4727 est
1114 4661 1443 4749 Magistri:
1486 4663 1883 4731 Sacramen-

82 4742 249 4801 Quarta
654 4778 667 4789 .
775 4778 787 4790 .
835 4778 847 4791 .
905 4779 917 4792 .
961 4778 974 4791 .
1203 4780 1215 4793 .
1361 4781 1373 4793 .
1421 4781 1433 4794 .
1490 4781 1502 4793 .
1546 4782 1558 4794 .

46 4805 273 4869 Mamm,
340 4786 480 4841 tum
500 4788 592 4841 est
641 4778 1005 4843 invisibilis
1033 4791 1273 4865 qratioe
1307 4780 1590 4846 visibilis
1627 4783 1873 4865 forma,

42 4870 312 4985 63ξὲξωί
339 4895 634 4982 ejusdem
665 4897 904 4982 qratia?
953 4897 1468 4963 similitudinem
1519 4920 1776 4984 yet-ens,
1822 4912 1882 4967 et

87 4997 155 5048 ¹³³¹
183 5000 242 5051 V·
337 5033 542 5078 causa
607 5013 917 5090 eoeistens,
981 5024 1103 5077 etc.
1158 5016 1307 5078 Haec
1350 5026 1607 5100 sumpta
1657 5026 1753 5081 est
1801 5037 1879 5083 ex

336 5132 615 5216 Hugone
688 5130 762 5194 in
839 5130 1114 5195 Summa
1182 5141 1460 5196 sentent.
1536 5142 1728 5199 tract.
1810 5137 1873 5198 4.

335 5267 483 5331 cap.
543 5251 601 5312 1.
665 5246 763 5311 Ab
828 5245 951 5311 hac
1000 5267 1227 5332 parum
1278 5245 1497 5313 differt
1546 5246 1654 5314 illa
1702 5250 1880 5315 Cate-

332 5360 571 5427 chismi
616 5361 708 5428 Pii
740 5365 833 5428 V:
870 5364 1372 5429 Sacramentum
1395 5373 1488 5429 est
1519 5365 1882 5431 invisibilis

330 5479 575 5565 qratia·
609 5480 873 5564 siynum
912 5479 1194 5558 visibile,
1233 5478 1322 5544 ad
1353 5490 1651 5546 nostram
1678 5483 1881 5568 justi-

331 5596 718 5678 ficationem
747 5597 1146 5674 institutum,
1196 5606 1318 5662 etc.

30 2720 263 2774 3efiuitio-

74 3997 230 4048 Tertia

51 4058 254 4110 definitio

48 4122 273 4187 lingonis.

3446 418 3548 478 lll

2070 585 2254 653 Circa
2312 582 2729 654 definitiones
2778 582 3123 673 praedictas
3166 582 3349 669 plura
3410 601 3529 649 no·
3610 603 3837 719 dixin-:130

3729 686 3761 718 u

1980 716 2118 770 tant
2167 708 2497 783 Doctores,
2544 724 2692 791 quae
2734 702 3071 770 brevitatis
3102 699 3313 789 gratia
3342 699 3533 765 omit·
3672 746 3763 795 90,-

1982 821 2205 888 timus,
2275 820 2435 891 lllud
2489 821 2962 889 advertendum
3006 820 3307 908 primam,
3382 838 3530 904 quae
3574 807 3851 906 ffigffiffss'

1982 940 2223 1007 dicitur
2300 939 2677 1027 Augustini,
2761 939 3033 1026 praefato
3113 936 3278 1014 loco,
3342 935 3424 1003 ab
3455 956 3531 1001 eo
3557 918 3880 1048 ffffgffifingf

1982 1078 2096 1143 per
2154 1056 2845 1124 accommodationem'
2885 1055 3234 1143 quamdam
3314 1053 3531 1141 potius

1983 1175 2265 1253 desumi,
2348 1195 2624 1262 eamque
2703 1173 2898 1241 tradit
2978 1172 3292 1259 Magister
3356 1171 3515 1249 hic;

1984 1314 2110 1359 non
2145 1292 2315 1381 quod
2349 1292 2410 1357 in
2454 1313 2531 1358 eo
2561 1290 2792 1372 forma,
2828 1302 2939 1357 aut
2970 1312 3048 1357 ex
3111 1290 3409 1357 instituto
3450 1286 3535 1355 sit

1984 1407 2359 1495 Augustini,
2414 1408 2562 1495 quia
2616 1406 2856 1473 ibidem
2925 1405 3156 1472 definit
3222 1404 3533 1472 sacrifici-

1987 1545 2122 1604 um,
2169 1524 2249 1590 de
2279 1544 2407 1612 quo
2447 1524 2584 1611 agit
2618 1547 2632 1603 ;
2670 1522 2806 1610 agit
2848 1521 3022 1588 enim
3052 1520 3131 1587 de
3155 1521 3477 1608 legalibus
3512 1544 3527 1588 :
3561 1508 3861 1625 &3533me

1987 1643 2418 1724 Sacrificium
2500 1661 2654 1726 erqo
2775 1639 3062 1719 visibile,
3170 1640 3534 1705 invisibilis
3590 1696 3601 1707 .
3695 1651 3756 1685 ex

3586 1698 3842 1749 mstituto.

1987 1759 2312 1842 sacrificii
2380 1768 2868 1824 sacramentum
2933 1766 3046 1837 est,
3131 1757 3204 1822 id
3241 1766 3354 1836 est,
3427 1778 3532 1823 sa·
3589 1762 3706 1810 Non
3771 1774 3880 1809 esse

1990 1898 2175 1942 crum
2212 1877 2502 1962 siynum.
2550 1878 2744 1940 Recte
2782 1872 2977 1940 etiam
3018 1876 3085 1941 S.
3122 1876 3529 1940 Bonaventu·
3555 1824 3881 1937 ffaegffiffil.

1992 2014 2062 2059 ra
2123 2004 2303 2078 putat
2361 2012 2475 2077 per
2540 1990 2715 2056 illam
2752 2010 2880 2056 non
2920 1988 3176 2055 definiri
3212 1989 3531 2055 rationem

1990 2106 2379 2174 sacramenti
2438 2105 2779 2192 complete,
2854 2105 2968 2172 sed
3028 2117 3280 2171 tanturn
3321 2124 3535 2192 genus

1992 2226 2406 2304 sacramenti,
2457 2245 2694 2311 nempe
2749 2244 2896 2291 esse
2944 2224 3207 2311 signum
3255 2243 3535 2304 sacrum,

1991 2342 2162 2429 quod
2203 2342 2512 2427 competit
2543 2341 2764 2408 multis
2831 2341 3002 2421 aliis,
3060 2352 3130 2407 ut
3188 2339 3534 2421 sacrificiO,

1994 2455 2164 2543 quod
2196 2454 2529 2522 adnotavit
2568 2457 2881 2542 vasquez,
2922 2454 3047 2522 nisi
3082 2475 3196 2541 per
3254 2474 3392 2520 rem
3429 2474 3542 2519 sa-

1992 2593 2176 2637 cram
2254 2571 2655 2659 intelligatur
2728 2572 2936 2659 gratia
2998 2569 3433 2651 sanctificanS,
3473 2584 3544 2638 ut

1992 2686 2253 2754 videtur
2284 2687 2623 2756 intendere
2690 2688 3026 2775 Magister,
3081 2690 3177 2753 sic
3228 2689 3378 2767 erit,
3439 2687 3542 2753 in-

1993 2803 2160 2890 quit,
2222 2804 2394 2872 bona
2454 2804 2786 2888 definitio,
2835 2804 2950 2872 sed
3010 2825 3224 2892 neque
3261 2825 3343 2871 ex
3389 2825 3537 2884 usu,

1995 2942 2208 3010 neque
2240 2942 2320 2988 cx
2362 2921 2723 2989 intentione
2780 2921 3156 3010 Augustini,
3203 2921 3298 2988 sic
3336 2922 3542 2989 sumi·

1993 3051 2099 3104 tur
2130 3060 2232 3104 res
2262 3060 2456 3105 sacra
2494 3063 2519 3119 ,·
2572 3038 2634 3103 in
2685 3036 3065 3104 definitione
3095 3049 3313 3104 autem
3349 3058 3543 3125 opor-

1992 3165 2083 3222 tet
2157 3154 2436 3242 exprimi
2503 3154 2808 3221 distincte
2865 3154 3182 3220 rationem
3261 3153 3538 3233 definiti,

1992 3270 2310 3358 quidquid
2372 3270 2724 3337 intenderit
2767 3268 3116 3349 definiens,
3183 3269 3356 3357 quod
3411 3290 3542 3335 non

1994 3385 2065 3453 fit
2092 3387 2413 3454 vocabulo
2463 3387 2796 3474 generiem
2846 3386 2971 3453 nisi
3013 3386 3192 3453 aliud
3222 3386 3541 3473 adjunga-

1990 3515 2096 3569 tur
2152 3503 2463 3583 limitanS,
2540 3503 2602 3568 in
2674 3503 2817 3592 ipsa
2876 3502 3283 3582 definitione,
3372 3503 3541 3569 sicut

1991 3610 2315 3707 contingit
2353 3621 2414 3685 in
2450 3619 2780 3707 sequenti.

2083 3736 2318 3802 Desinit
2348 3757 2506 3824 ergo
2548 3740 2779 3803 Doctor
2817 3736 2914 3803 sic
2955 3760 2969 3804 ε
3029 3739 3535 3802 Sacramentum
3613 3699 3852 3832 Deltssltio

1992 3876 2126 3920 esse
2172 3857 2438 3942 siqnum
2491 3855 2803 3920 sensibile
2865 3856 3160 3941 qratiam
3233 3855 3382 3933 Dei,
3434 3852 3537 3918 vel
3604 3825 3840 3951 ᾞζξῖξ

1993 3972 2297 4056 effectum
2329 3972 2451 4035 Dei
2478 3973 2845 4057 yratuitum
2869 3991 2952 4035 ea:
2986 3970 3403 4035 institutione
3433 3969 3540 4034 cti-
3562 3946 3887 4001 sacramenti.

1992 4088 2155 4151 vina
2183 4087 2552 4170 efficaciter
2589 4085 3004 4172 siqnificans,
3028 4083 3419 4149 ordinatum
3450 4081 3539 4149 ad

1991 4202 2270 4268 salutem
2320 4202 2610 4266 hominis
2656 4202 2958 4279 viatoris,
2997 4213 3119 4267 etc.
3158 4202 3227 4266 ln
3273 4200 3394 4267 hac
3424 4198 3542 4265 de-

1995 4316 2291 4383 finitione
2349 4329 2481 4385 tres
2539 4315 2670 4382 illae
2723 4316 3057 4402 particulae
3121 4318 3408 4402 siynum,
3462 4336 3545 4380 ea·

1993 4434 2232 4499 divina
2265 4433 3088 4518 institutione,efficaciter
3116 4433 3530 4520 siqnificam,

1994 4549 2303 4615 denotant
2369 4569 2582 4635 genus
2675 4547 2950 4613 definiti.
3038 4548 3150 4615 Illa
3226 4547 3543 4635 particula

1989 4666 2321 4745 sensibile,
2369 4665 2771 4752 subjectum,
2806 4663 2914 4729 illa
2981 4663 3317 4750 particula,
3383 4685 3543 4750 yra-

1996 4784 2159 4848 tiam
2199 4803 2313 4849 seu
2349 4783 2655 4866 effectum
2695 4781 2819 4845 Dei
2854 4782 3224 4867 yratuitum
3261 4780 3543 4846 ordina·

1992 4909 2152 4977 tum,
2189 4910 2312 4966 etc.
2367 4896 2628 4963 denotat
2684 4896 3062 4978 terminum,
3126 4908 3191 4964 et
3229 4896 3325 4963 sic
3384 4894 3542 4961 defi-

1994 5014 2151 5079 nitio
2183 5025 2283 5080 est
2314 5012 2606 5091 relativa,
2645 5024 2714 5078 ut
2747 5024 2921 5099 patet
2968 5034 3049 5079 ex
3097 5024 3301 5091 textu,
3341 5031 3534 5079 versu

1997 5130 2301 5205 Qualiter
2383 5139 2604 5194 autem
2660 5131 2781 5195 hoc
2840 5130 3076 5215 possit.
3135 5130 3269 5194 Hoc
3325 5134 3540 5193 autem

1989 5245 2272 5332 amplius
2313 5244 2622 5331 probatur
2653 5265 2766 5331 per
2806 5244 3093 5330 singula.

2084 5364 2154 5426 ln
2186 5360 2415 5448 primis
2453 5372 2931 5427 sacramentum
2975 5359 3214 5426 dicitur
3252 5380 3397 5426 esse
3443 5360 3539 5424 si·
3601 5430 3752 5490 Quod
3796 5428 3863 5480 sit

1991 5499 2215 5564 quum,
2262 5489 2384 5542 etc.
2422 5474 2574 5562 quia
2610 5476 3025 5543 constituitur
3067 5475 3131 5542 in
3163 5496 3405 5564 genere
3444 5475 3538 5542 si·
3622 5493 3823 5557 signum

1988 5595 2129 5681 gni,
2231 5606 2300 5660 ut
2368 5591 2729 5680 praemissae
2778 5612 3008 5659 omnes
3121 5592 3537 5660 definitiones
3583 5558 3853 5622 probatur.
