4255 6375
796 330 915 391 686

777 511 927 558 cum
979 489 1152 576 aliis,
1196 491 1307 578 qui
1390 505 1632 578 negant
1697 513 1890 578 posse
1950 491 2086 557 dari
2156 491 2322 556 hanc

780 607 1360 694 dispensationem,
1399 607 1547 674 dato
1591 608 1762 694 quod
1798 608 2159 694 Episcopus
2237 609 2322 672 sit

782 722 1080 789 minister
1148 723 1521 791 ordinarius
1591 746 1671 791 ex
1753 724 2164 791 institutione
2222 724 2322 791 di-

771 840 949 907 vina.
1610 815 1617 826 ⁸

488 983 678 1036 Ultima
863 955 1101 1022 Ultimo
1146 957 1407 1023 tandem
1442 958 1755 1044 probatur
1793 956 2125 1024 conclusio
2161 979 2322 1044 prae-

487 1046 713 1161 {fflfigss
771 1072 968 1139 missa
1005 1092 1088 1138 ex
1147 1072 1368 1151 simili,
1418 1073 1569 1162 quia
1620 1094 1748 1139 non
1801 1073 2010 1159 magis
2077 1084 2318 1159 negant

458 1181 699 1289 orssffiro
766 1190 988 1255 Patres
1026 1200 1091 1255 et
1119 1191 1413 1255 Canones
1461 1201 1850 1275 potestatem
1890 1187 2318 1254 confirmandi

414 1296 736 1416 θῑδοξξὶῗξῑὴ·
764 1324 910 1370 esse
976 1303 1148 1390 apud
1221 1305 1643 1391 Presbyteros
1726 1304 2057 1390 simplices
2124 1325 2319 1392 quam

412 1424 735 1542 initiiffibm
762 1418 1150 1499 ordinandi;
1197 1419 1309 1486 sed
1350 1422 1512 1496 hoec,
1578 1432 1648 1487 ut
1686 1442 1804 1487 suo
1854 1421 1993 1487 loco
2041 1420 2315 1500 dicetur,

415 1506 509 1555 m
662 1523 676 1539 ’
762 1550 997 1627 potest,
1033 1538 1243 1629 quoad
1276 1540 1526 1629 aliquos
1556 1541 1820 1609 ordines
1857 1539 2173 1606 committi
2210 1543 2322 1606 Sa-

762 1656 1007 1724 cerdoti
1047 1656 1369 1744 simplici;
1414 1677 1572 1745 ergo
1610 1669 1673 1723 et
1715 1657 1844 1724 illa.

539 1795 601 1846 59
857 1776 1044 1840 Petes
1092 1774 1420 1861 quomodo
1484 1776 1626 1841 baec
1665 1773 1935 1840 facultas
1971 1772 2322 1839 conveniat

445 1853 718 1971 ἓοᾚξὲᾓξ
769 1885 1126 1966 Sacerdoti,
1199 1886 1305 1954 cui
1364 1887 1829 1965 committitur,
1891 1908 1973 1954 an
2042 1907 2123 1955 ex
2188 1887 2323 1952 sola

446 1981 714 2097 Saffissti
763 2002 1218 2089 jurisdictione
1287 2003 1635 2091 delegata?
1701 2025 1781 2071 an
1843 2005 2077 2092 partim
2125 2005 2319 2071 etiam

415 2104 853 2185 oonfirmaretex
901 2118 1180 2185 ordine?
1250 2121 1312 2186 Si
1374 2121 1687 2208 primum,
1753 2142 1880 2186 non
1934 2134 2034 2188 est
2086 2121 2322 2187 funda-

773 2254 1091 2326 mentum,
1126 2244 1284 2333 quin
1334 2245 1541 2330 possit
1580 2244 1899 2312 committi
1934 2265 2063 2310 non
2094 2249 2324 2311 Sacer-

769 2359 925 2442 doti,
992 2360 1162 2427 sicut
1205 2361 1264 2426 ei
1302 2362 1736 2429 committitur
1786 2362 2059 2429 facultas
2110 2362 2320 2448 bapti-

768 2470 978 2552 zandi,
1047 2470 1349 2558 quamvis
1411 2471 1553 2538 haec
1612 2471 1690 2538 ad
1761 2473 2173 2539 Sacerdotem
2259 2482 2323 2538 et

767 2586 1160 2673 Episcopum
1204 2599 1490 2674 spectat3
1556 2587 1611 2655 si
1665 2587 2052 2670 secundum,
2107 2589 2319 2676 sequi·

769 2713 874 2768 tur
913 2703 1083 2791 quod
1128 2717 1348 2789 posset
1398 2703 1617 2770 reduci
1661 2706 1722 2770 in
1764 2718 2002 2783 actum,
2060 2705 2229 2772 sicut
2258 2720 2321 2771 et

771 2830 1057 2904 potestas
1088 2820 1512 2887 consecrandi
1554 2821 2055 2889 Eucharistiam.

444 2952 723 3026 Responsio
858 2938 1332 3024 Respondetur,
1419 2939 1589 3027 quod
1663 2940 1911 3006 ratione
1980 2939 2320 3026 utriusque

414 3013 740 3152 1323„ssssqu
771 3064 1095 3139 competat
1129 3056 1450 3142 capacitas
1496 3055 1924 3123 confirmandi
1959 3055 2314 3134 Sacerdoti,

424 3144 736 3255 ³⁰‘¹⁸,‘,¹,¹,⁰¹'⁸⁰‘
770 3169 873 3237 cui
950 3171 1281 3239 confertur
1349 3187 1639 3260 potestas
1701 3177 1993 3261 proesata,
2070 3173 2320 3241 ordinis

436 3282 729 3320 convena-e.
767 3286 1029 3373 quidem
1065 3302 1311 3356 remote
1348 3304 1410 3357 et
1455 3290 1753 3358 inchoate
1857 3292 2152 3378 proxime
2199 3313 2317 3358 au-

767 3406 898 3462 tem
943 3395 1193 3463 ratione
1233 3399 1703 3481 concessionis,
1751 3411 1813 3467 et
1872 3401 2057 3488 quasi
2130 3399 2316 3466 redu·

762 3512 967 3579 centis
1000 3526 1381 3601 potestatem
1420 3527 1727 3582 remotam
1766 3517 1828 3583 in
1862 3529 2116 3594 actum;
2170 3516 2319 3583 inde

760 3630 985 3717 nequit
1023 3630 1342 3696 committi
1385 3653 1515 3697 non
1554 3633 1910 3712 Sacerdoti,
1958 3654 2168 3721 neque
2207 3634 2318 3699 Sa-

756 3747 985 3814 cerdos
1026 3747 1170 3815 sine
1206 3748 1317 3815 tali
1349 3750 1781 3817 concessione
1824 3749 2159 3837 quidpiam
2203 3771 2319 3816 va-

758 3862 887 3929 lide
927 3864 1184 3931 faceret.
1246 3869 1451 3932 Causa
1491 3886 1527 3932 a
1584 3865 1783 3953 priori
1840 3878 1940 3933 est
1990 3866 2314 3933 institutio

409 3973 731 4089 οξξδοῑὲᾞέῡα
761 3978 1027 4060 Christi,
1067 4000 1261 4067 quam
1312 4001 1391 4047 ex
1441 3980 1823 4048 definitione
1864 3982 2200 4063 Ecclesiae,
2253 3994 2318 4048 et

482 4099 661 4166 priori·
760 4096 1799 4183 consuetudineinterpretamur.

848 4212 1286 4298 Congruentia
1326 4212 1763 4281 institutionis
1818 4226 1943 4295 est,
1991 4214 2143 4302 quia
2202 4216 2316 4279 Sa-

766 4327 995 4395 cerdos
1038 4348 1120 4393 ex
1159 4327 1374 4394 officio
1414 4340 1478 4395 et
1533 4350 1650 4397 sua
1682 4330 2091 4397 ordinatione
2124 4331 2318 4396 habet

766 4456 1150 4530 potestatem
1203 4446 1268 4513 in
1334 4465 1573 4533 corpus
1631 4447 1873 4513 Christi
1936 4446 2309 4534 mysticum,

762 4572 1077 4648 quantum
1118 4562 1198 4628 ad
1231 4562 1343 4649 jus
1386 4561 1750 4650 baptizandi
1801 4564 2200 4651 proximum,
2237 4584 2314 4629 ex

768 4699 844 4744 eo
894 4678 1069 4767 quod
1110 4679 1342 4746 habeat
1382 4691 1763 4766 potestatem
1814 4682 2177 4767 proximam
2209 4701 2314 4747 su-

766 4817 875 4883 per
917 4817 1156 4883 corpus
1195 4796 1435 4863 Christi
1474 4818 1703 4864 verum
1764 4810 1825 4863 et
1872 4797 2154 4884 priorem
2198 4798 2315 4863 ha-

768 4913 875 4978 bet
923 4933 1071 4979 cum
1141 4911 1680 4981 subordinatione
1746 4912 1824 4980 ad
1876 4913 2309 5000 Episcopum;

414 5034 692 5148 039ἰᾱρι
766 5049 915 5095 cum
958 5049 1140 5115 erge,
1204 5030 1374 5096 sicut
1428 5050 1625 5118 supra
1683 5031 1759 5097 ad
1815 5030 2073 5097 initium
2134 5052 2315 5098 com-

430 5102 734 5226 οοιῖιῖἶῗὶῗῖθ
767 5146 968 5214 menti
1019 5146 1264 5214 dictum
1324 5159 1447 5226 est,
1520 5148 1937 5215 Confirmatio
1980 5149 2319 5216 ordinetur

767 5265 845 5331 ad
909 5263 1338 5352 Baptismum,
1395 5278 1702 5353 tanquam
1762 5266 2314 5354 complementum

769 5384 915 5471 ejus
982 5394 1048 5449 et
1113 5382 1446 5468 perfectiO,
1521 5403 1602 5448 ex
1648 5382 1971 5462 Patribus,
2030 5384 2118 5449 ita
2165 5405 2316 5449 con·

767 5519 1007 5586 gruum
1050 5497 1195 5581 fuit,
1236 5510 1306 5564 ut
1345 5499 1659 5566 Sacerdos
1710 5500 1962 5567 ratione
2010 5500 2109 5566 sui
2161 5521 2315 5588 gra-

428 4244 731 4310 Congruen-

533 4307 607 4357 tia

430 4368 706 4423 institutio-

529 4435 611 4486 nis
620 4473 633 4486 .

1954 328 2106 393 Lm.
2143 330 2246 392 lv.
2277 329 2873 394 SENTENTIARUM

2451 490 2598 570 duS,
2646 491 2881 559 habeat
2911 492 3080 560 hanc
3119 493 3599 580 capacitatem;
3651 513 3794 579 quae
3838 492 3961 578 qui-

2437 606 2585 672 dem
2647 627 2775 672 non
2833 621 2933 674 est
2999 610 3325 695 proxima,
3397 608 3553 695 quia
3641 621 3815 674 actus
3885 625 3966 673 est

2433 723 2743 809 proprius
2767 724 3067 811 Episcopi
3091 723 3462 792 secundum
3486 724 3777 790 divinam
3806 724 3965 789 insti·

2429 838 2774 918 tutionem,
2815 860 2895 905 ex
2926 842 3134 927 gradu
3168 862 3314 922 sun,
3394 853 3711 929 tanquam
3759 840 3817 905 in
3867 861 3967 926 po·

2430 953 2634 1019 tentia
2679 956 2975 1041 proxima
3015 958 3355 1024 constituti
3397 957 3519 1044 (et
3561 956 3659 1022 sic
3687 956 3968 1043 intelligo

2431 1070 2829 1157 Episcopum
2898 1092 3043 1139 esse
3100 1073 3480 1140 ministrum
3560 1072 3958 1148 ordinarium,

2431 1186 2531 1251 cui
2577 1186 2718 1254 haec
2772 1201 3059 1274 potestas
3117 1189 3466 1255 ordinandi
3523 1190 3825 1275 competit
3865 1210 3961 1276 per

2432 1302 2753 1385 ordinem,
2799 1317 2863 1371 et
2907 1326 3033 1371 non
3078 1328 3192 1393 per
3223 1304 3636 1374 voluntatem
3667 1305 3958 1372 extrinse-

2431 1440 2598 1500 cam,
2642 1421 3015 1488 distinctam
3055 1424 3136 1489 ab
3181 1443 3259 1489 ea
3324 1443 3477 1509 quae
3532 1435 3633 1487 est
3680 1423 3960 1487 ordinati-

2432 1533 2578 1601 onis
2609 1546 2673 1600 et
2706 1535 3139 1602 institutionis
3169 1537 3647 1624 Sam-amenti),
3683 1558 3756 1603 ac
3775 1538 3959 1622 proin-

2437 1650 2516 1717 de
2554 1671 2702 1715 cum
2744 1651 3000 1717 differat
3038 1672 3072 1716 a
3122 1651 3472 1718 Sacerdote
3510 1652 3722 1740 gradu
3769 1667 3825 1718 et
3863 1675 3952 1717 or·

2432 1765 2604 1844 dine,
2644 1766 2868 1852 nequit
2897 1777 3080 1832 actus
3111 1767 3415 1854 proprius
3448 1769 3599 1854 ejus
3640 1768 3960 1835 convenire

2437 1883 2724 1948 inferiori
2767 1884 2892 1950 hoc
2950 1883 3175 1963 modo;
3242 1885 3407 1950 bene
3469 1899 3692 1951 tamen
3754 1899 3959 1950 remota

2432 1999 2810 2085 capacitate,
2856 2001 3105 2068 ratione
3153 2002 3398 2087 gradus
3449 2002 3872 2088 Presbyter-ii,
3906 2012 3963 2066 ut

2437 2130 2850 2203 comparatur
2879 2118 2957 2183 ad
2990 2139 3228 2205 corpus
3257 2119 3500 2185 Christi
3535 2141 3797 2203 verum,
3843 2142 3960 2207 quae
3998 2101 4143 2211 Ἦ

2438 2243 2537 2298 est
2588 2234 3106 2301 eminentissima
3159 2248 3447 2320 potestas
3489 2250 3861 2322 comparata
3899 2235 4143 2350 εάαζξα

2434 2350 2686 2439 reliqua
2735 2352 2978 2434 omnia,
3023 2363 3342 2439 quantum
3382 2353 3464 2418 ad
3525 2353 3958 2439 perfectionem

2436 2467 2842 2534 intentionis

2527 2586 2905 2670 Congruum
2973 2604 3132 2669 ergo
3198 2597 3299 2651 est
3364 2598 3434 2651 ut
3511 2585 3848 2652 contineat
3912 2586 3962 2650 in
4059 2597 4138 2664 {av

2435 2720 2506 2766 se
2594 2700 2986 2781 eminenter,
3090 2700 3479 2788 inquantum
3579 2662 4143 2794 competibileffi

2436 2825 2537 2881 est
2600 2837 2750 2883 cum
2834 2815 3052 2882 debito
3113 2817 3346 2883 ordine
3412 2817 3811 2884 hierarcbiae
3873 2797 4143 2896 ini-³²21?

2436 2931 2816 3008 nistrorum,
2864 2931 3146 3019 reliquas
3203 2945 3560 3019 potestates
3633 2933 3880 2998 ordinis
3916 2933 3966 2996 in

2432 3067 2669 3134 corpus
2747 3047 2986 3114 Christi
3068 3049 3261 3114 etiam
3340 3047 3723 3135 mysticum.
3812 3051 3968 3113 Emi·

2431 3174 2682 3244 nee‘zeer,
2732 3162 2891 3243 dixi,
2953 3164 3104 3253 quia
3145 3165 3315 3231 sicut
3374 3186 3491 3254 par
3550 3164 3623 3233 in
3684 3187 3797 3254 par
3856 3185 3966 3231 non

2430 3280 2625 3346 habet
2685 3280 3132 3360 eminentiam,
3211 3279 3296 3348 ita
3356 3283 3717 3369 Presbyter
3780 3304 3965 3369 neque

2432 3394 2752 3481 proxime,
2818 3416 3029 3483 neque
3085 3409 3331 3463 remote
3401 3418 3679 3464 manens
3744 3399 3809 3464 in
3863 3419 3964 3463 suo

2430 3509 2662 3594 gradu,
2701 3522 2911 3597 potest
2950 3510 3256 3578 ordinare
3293 3513 3499 3578 alium
3540 3514 3960 3580 Sacerdotem.

2432 3628 2510 3691 Et
2548 3625 2603 3691 si
2634 3625 2812 3692 dicas
2853 3626 3249 3713 Episcopum
3292 3649 3483 3714 posse
3513 3627 3818 3696 ordinare
3864 3628 3962 3693 ali·
4033 3656 4142 3714 m

2435 3759 2540 3802 um
2584 3738 3009 3825 Episcopum,
3057 3741 3361 3827 quamvis
3417 3741 3553 3807 sint
3606 3763 3815 3828 pares,
3877 3717 4143 3848 νεὶ-ἑῇ

2432 3855 2791 3943 spondetur
2838 3856 2918 3921 de
2978 3856 3101 3923 hoc
3155 3868 3458 3924 constare
3515 3879 3597 3924 ex
3666 3859 3947 3925 Ecclesiae

2429 3972 2807 4039 definitione
2864 3983 2927 4038 et
2992 3995 3072 4040 ex
3132 3975 3494 4060 Scriptura,
3561 3978 3945 4042 contrarium

2430 4100 2530 4155 est
2595 4102 2911 4176 quantum
2980 4089 3061 4155 ad
3123 4091 3434 4177 primum,
3513 4105 3584 4159 ut
3667 4114 3787 4159 suo
3848 4091 3960 4157 loco

2432 4204 2779 4271 videbitur.

2524 4339 2790 4405 Interim
2846 4340 3180 4427 sequendo
3236 4342 3557 4409 rationem
3619 4365 3657 4410 a
3706 4363 3960 4431 congru·

2434 4456 2585 4523 itate
2613 4476 2765 4522 cum
2799 4474 2927 4519 non
2961 4455 3153 4522 detur
3181 4478 3536 4543 processus
3560 4459 3629 4524 in
3666 4459 3964 4526 infinitum

2428 4584 2491 4637 et
2530 4572 2774 4659 gradus
2822 4594 3174 4662 supremus
3218 4575 3284 4639 in
3315 4574 3636 4658 Ecclesia,
3671 4590 3963 4664 quantum

2427 4689 2507 4754 ad
2543 4700 2925 4775 potestatem
2956 4689 3206 4757 ordinis
3239 4689 3304 4755 in
3330 4711 3568 4777 corpus
3604 4694 3961 4779 mysticum,

2431 4805 2515 4871 sit
2543 4805 2992 4892 Episcopatus,
3051 4826 3418 4893 congruum
3459 4820 3602 4873 erat
3681 4822 3750 4875 ut
3789 4809 3965 4895 possit

2430 4920 2734 4987 ordinare
2772 4922 2934 4987 alios
2975 4942 3186 5007 pareS,
3226 4921 3425 5008 idque
3480 4924 3841 4991 necessitas
3868 4926 3966 4990 Ec·

2431 5037 2647 5103 clesiae
2677 5037 3002 5124 exigebat.
3085 5040 3223 5102 Non
3257 5037 3381 5103 fuit
3436 5051 3664 5106 autem
3715 5062 3968 5129 congru·

2433 5174 2567 5232 um,
2615 5165 2685 5218 ut
2726 5155 2846 5219 hoc
2876 5165 3096 5239 posset
3135 5152 3450 5220 Sacerdos
3489 5154 3803 5244 simplex,
3840 5157 3966 5245 quia

2434 5270 2700 5336 inferior
2768 5284 2887 5349 est,
2968 5281 3030 5337 et
3095 5270 3570 5339 subordinatur
3649 5277 3966 5362 Episcopo,

2430 5387 2639 5475 quoad
2681 5387 2984 5474 gradum,
3030 5407 3222 5474 quem
3284 5388 3484 5456 habet
3558 5392 3630 5458 in
3681 5394 3960 5469 Ecclesia,

2430 5516 2494 5569 et
2542 5514 2926 5591 potestatem
3004 5504 3069 5569 in
3140 5503 3304 5590 ipsa,
3379 5528 3512 5594 qua
3581 5522 3689 5577 est
3760 5528 3961 5597 corpus
