4255 6375
110 4864 173 4915 lss.

1475 390 1672 454 DtS‘r.
1724 392 1767 451 Ι.
1820 389 2181 466 QUAESTlO
2241 393 2310 454 V.

325 551 495 619 inde
542 553 780 634 active,
817 555 968 641 quia
1006 555 1321 643 quidquid
1354 566 1455 621 est
1491 555 1572 621 ab
1623 567 1881 642 agente,

317 683 428 738 est
462 672 549 738 ab
591 672 732 758 ipso
771 673 1003 752 active,
1041 686 1104 739 et
1136 692 1265 759 qua
1301 685 1400 739 est
1431 692 1658 759 agens
1696 672 1885 739 Aliud

318 808 495 854 vero
536 789 710 876 loqui
743 789 824 854 de
883 788 1106 856 eadem
1149 789 1552 875 expulsione,
1600 803 1668 854 ut
1723 804 1820 855 est
1851 808 1887 854 a

324 905 548 972 forma
588 928 670 973 ex
710 905 1336 993 incompatibilitate,
1385 906 1536 994 quia
1578 926 1706 972 non
1748 905 1885 972 vir-

324 1023 609 1089 tualiter
650 1022 923 1089 includit
960 1022 1153 1088 talem
1180 1021 1880 1108 incompatibilitatem,

324 1139 451 1207 sed
488 1141 800 1229 competit
838 1140 898 1207 ei
944 1140 1192 1206 ratione
1244 1142 1344 1209 sui
1388 1162 1522 1207 esse
1563 1140 1878 1219 forinaliS,

329 1272 400 1324 et
439 1278 564 1345 per
603 1257 1039 1325 differentiam
1075 1256 1473 1345 specificam,
1520 1280 1669 1346 quae
1700 1280 1781 1325 ex
1813 1281 1884 1326 se

322 1376 554 1460 primo
583 1387 683 1442 est
724 1374 895 1455 talis,
932 1396 1061 1441 non
1101 1376 1595 1463 participatione
1635 1376 1716 1442 ab
1755 1376 1881 1442 alio

322 1494 723 1573 formaliter,
763 1493 931 1562 unde
964 1494 1233 1580 perinde
1262 1493 1470 1560 eidem
1503 1494 1884 1560 conveniret

321 1611 1124 1699 talis‘incompatibilitas,
1197 1611 1452 1678 etiamsi
1522 1621 1698 1678 esset
1764 1610 1881 1675 im-

326 1730 678 1816 producta.
717 1729 878 1795 Hinc
919 1732 1171 1809 Doctor,
1208 1728 1411 1795 variis
1444 1729 1508 1794 in
1541 1728 1725 1810 111613,
1779 1730 1881 1795 di-

323 1848 422 1915 cit
457 1847 723 1934 agentia
754 1846 1121 1913 virtualiter
1142 1845 1379 1933 opponi
1423 1846 1672 1912 ratione
1728 1846 1878 1913 effe·

320 1981 588 2046 ctuum,
624 1965 891 2032 effectus
935 1965 1135 2051 ipSOS,
1198 1985 1312 2031 seu
1345 1964 1585 2030 formas
1635 1965 1878 2052 opponi

316 2081 719 2149 formaliter.
764 2080 829 2148 Si
873 2093 1287 2167 comparetur
1344 2081 1548 2146 forma
1610 2079 1673 2146 in
1718 2082 1877 2146 rati-

316 2219 453 2264 one
495 2198 793 2276 effectus,
837 2210 900 2264 et
935 2211 1001 2264 ut
1033 2197 1260 2264 subest
1317 2196 1545 2263 virtuti
1586 2195 1874 2265 efficien-

312 2315 401 2381 tis
477 2315 559 2381 ad
599 2315 790 2381 aliam
816 2314 1119 2393 formam,
1171 2314 1266 2380 sie
1302 2313 1427 2380 dici
1481 2325 1691 2402 potest
1757 2313 1876 2379 ali-

318 2454 458 2520 quo
549 2432 737 2499 modo
799 2431 1098 2499 effective
1151 2453 1221 2498 se
1287 2432 1551 2511 habere,
1614 2432 1728 2498 sed
1809 2443 1878 2498 ut

318 2562 748 2636 comparatur
798 2550 862 2615 in
913 2570 1048 2615 esse
1101 2569 1316 2615 causae
1366 2548 1681 2630 formalis,
1740 2550 1874 2615 for-

322 2669 595 2736 maliter
642 2666 932 2754 expellit.
1738 2739 1751 2762 ι

408 2785 609 2854 Aliud
641 2796 939 2872 superest
974 2785 1244 2852 dubium
1274 2806 1286 2850 :
1333 2787 1428 2850 An
1452 2805 1721 2871 corpora
1743 2784 1873 2851 cir-

312 2923 391 2969 ca
435 2903 639 2983 idem,
690 2904 803 2970 ubi
868 2914 1280 2990 opponantur
1337 2900 1716 2981 formaliter,
1770 2901 1872 2967 vel

315 3018 753 3086 virtualiter?
801 3019 982 3097 Quod
1033 3019 1202 3085 infra
1249 3017 1674 3086 commodiori
1731 3018 1872 3084 loco

311 3111 707 3202 tractabitur
758 3137 823 3201 ῖη
858 3137 1140 3201 materia
1168 3134 1250 3200 de
1317 3133 1746 3200 Beaciludine
1813 3143 1874 3200 ct

310 3257 464 3340 ejus
538 3252 821 3334 dotibus,
894 3264 952 3318 et
1046 3252 1128 3318 de
1240 3228 1874 3337 impenetrabilitace

310 3368 478 3437 dist.
523 3374 633 3438 44.

898 3633 980 3688 SC
991 3633 1297 3690 HOLlUM.

390 3847 487 3904 Ad
518 3845 854 3902 secundam
896 3846 1298 3917 quaestionem
1348 3843 1678 3915 respondet
1721 3859 1869 3900 con-

310 3950 675 4020 sequenter,
726 3945 965 4001 nullam
1016 3946 1316 4002 virtutem
1374 3945 1699 4015 physicam
1759 3959 1869 4014 po-

312 4046 584 4103 nendam
655 4047 720 4100 in
798 4046 1209 4108 sacramento,
1278 4049 1530 4116 propter
1596 4043 1867 4099 rationes

308 4146 555 4202 allatas,
590 4143 896 4201 Sumendo
928 4147 1139 4200 tamen
1171 4144 1464 4198 virtutem
1493 4155 1608 4213 pro
1648 4140 1867 4197 ultimo

308 4245 602 4316 potentiae
662 4244 826 4313 signi
877 4242 1159 4315 practici,
1213 4238 1594 4297 admittenda
1651 4244 1742 4295 est
1798 4240 1865 4296 in

310 4342 749 4409 sacramentis,
817 4342 965 4413 quia
1036 4344 1275 4397 tantum
1345 4344 1437 4395 est
1506 4338 1864 4409 significare

312 4442 679 4509 efficaciter,
746 4441 810 4498 id
867 4444 977 4509 est,
1027 4443 1266 4513 praevie
1314 4446 1376 4498 et
1423 4446 1611 4498 certo.
1666 4440 1866 4497 Solvit

310 4545 685 4610 argumenta
714 4554 827 4610 pro
859 4542 923 4595 D.
958 4540 1169 4597 Thom.
1206 4538 1472 4597 adducta
1502 4555 1677 4599 num.
1716 4541 1771 4596 2.
1804 4542 1865 4597 et

304 4638 683 4709 principalia
712 4655 771 4711 q.
804 4640 859 4696 5.

399 4850 512 4922 Ad
593 4846 1121 4939 quaestionem
1199 4847 1334 4934 (m)
1400 4847 1854 4928 secundam,

316 4972 539 5058 patet
574 4986 717 5058 per
750 4964 954 5038 idem
997 4964 1201 5057 quod
1242 4984 1385 5036 nec
1434 4964 1860 5039 manifeste

317 5082 723 5178 possibile,
767 5102 912 5154 nec
962 5080 1514 5153 necessarium
1559 5085 1683 5156 est
1728 5103 1860 5174 po-

314 5200 766 5274 nereillam
809 5201 1227 5279 virtutem,
1296 5219 1467 5290 quae
1533 5199 1638 5272 sit
1700 5198 1857 5270 for-

316 5339 444 5389 ma
498 5317 745 5388 realis
789 5316 867 5387 in
912 5318 1464 5390 sacramento.
1510 5315 1616 5388 Ut
1677 5315 1857 5408 quid

309 5436 526 5507 enim
594 5434 841 5506 toties
920 5438 1461 5525 generaretur
1536 5436 1616 5506 et
1683 5453 1855 5505 cor-

318 5557 897 5645 rumpentur?
942 5554 1104 5625 Nee
1155 5551 1578 5646 perillam,
1628 5552 1693 5624 si
1731 5570 1857 5647 po·

3415 391 3540 452 ’187

2000 557 2363 634 neretur‚
2402 551 2702 647 aliquid
2743 556 3230 627 causaretur
3277 550 3354 623 in
3389 552 3555 624 aui-

2001 688 2155 752 ma,
2201 691 2346 743 nec
2389 676 2878 743 causaretur
2933 671 3106 763 ipsa
3157 668 3553 761 regulari-

2000 789 2151 868 ter,
2199 785 2351 858 nisi
2417 808 2513 858 ex
2577 788 2949 879 pactione
3020 787 3288 860 divina
3366 805 3551 858 cum

2000 899 2387 984 Ecclesia,
2430 905 2509 976 et
2554 903 2668 976 sic
2724 902 2894 974 sine
2939 906 3062 976 tot
3115 900 3550 994 superfluis

2000 1012 2078 1086 in
2114 1037 2322 1110 aqua
2374 1021 2454 1092 et
2505 1019 2778 1092 anima
2833 1018 3363 1100 intermediis,
3422 1039 3553 1111 po-

1996 1137 2160 1211 test
2193 1136 2496 1208 salvari
2543 1139 2747 1229 quod
2799 1137 3066 1231 pactio
3115 1136 3387 1209 divina
3443 1137 3552 1210 sit

1998 1249 2488 1331 immediata.
2547 1259 2919 1347 respectu
2983 1254 3315 1328 effectus
3367 1273 3551 1327 con-

1998 1369 2301 1442 ferendi
2352 1375 2429 1443 et
2495 1372 2932 1464 recipiendi
2987 1375 3543 1445 Sacramenta.

2085 1486 2168 1559 Si
2214 1490 2485 1560 tamen
2528 1489 2668 1562 fiat
2717 1489 3152 1563 altercatio
3211 1493 3549 1581 propter

1994 1602 2537 1677 auctoritates
2597 1605 2687 1676 de
2749 1605 2909 1679 isto
2960 1605 3351 1678 vocabulo
3409 1611 3547 1674 vir-

1994 1731 2117 1800 tus,
2195 1724 2467 1810 potest
2532 1720 2712 1804 dici,
2789 1723 2989 1814 quod
3060 1721 3326 1795 virtus
3387 1743 3544 1794 uno

1994 1836 2251 1917 modo,
2335 1841 2456 1909 est
2539 1837 2914 1910 ultimum
2981 1839 3070 1909 de
3155 1838 3538 1931 potentia,

1984 1955 2210 2041 primo
2245 1955 2412 2021 Coela·
2441 1966 2501 2020 cc
2534 1957 2790 2022 mundi.
2839 1954 3233 2027 Ultimum
3268 1975 3363 2027 au
3381 1960 3540 2028 tem

1994 2069 2376 2161 potentiae
2435 2067 2645 2160 signi
2709 2070 3045 2162 practici
3150 2076 3274 2145 est
3338 2072 3541 2164 quod

1991 2185 2394 2276 significet
2435 2187 2904 2273 efficaciter,
2961 2189 3111 2264 hoc
3145 2197 3293 2272 est,
3341 2212 3540 2285 prae-

1988 2302 2113 2374 vie
2185 2309 2264 2377 et
2333 2306 3051 2386 certitudinaliter;
3123 2327 3310 2379 nam
3379 2328 3543 2380 non

1992 2424 2264 2510 posset
2335 2422 2595 2514 signo,
2683 2424 3152 2514 inquantum
3238 2425 3543 2518 practi-

1987 2556 2171 2610 cum
2225 2541 2374 2619 est,
2432 2545 2897 2632 competere
2953 2541 3220 2634 major
3274 2547 3545 2634 poten-

1989 2651 2130 2724 tia.
2167 2653 2468 2724 Tamen
2507 2653 2695 2727 talis
2741 2654 3005 2727 virtus
3051 2659 3316 2747 potest
3361 2678 3546 2730 con-

1986 2768 2156 2840 cedi
2218 2790 2396 2840 esse
2457 2769 2536 2841 in
2589 2773 3164 2854 Sacramento;
3211 2773 3341 2845 sed
3387 2773 3548 2848 ista

1987 2907 2148 2959 non
2189 2892 2315 2960 est
2356 2887 2628 2980 aliqua
2665 2886 2930 2961 forma
2972 2890 3371 2976 absoluta,
3411 2893 3543 2964 sed

1986 3005 2308 3074 tantum
2350 3003 2640 3077 relatio
2685 3002 3291 3079 conformitatis
3336 3006 3543 3098 signi

1986 3120 2081 3192 ad
2125 3118 2565 3211 signatum.
2604 3123 2704 3196 Et
2739 3121 2906 3195 sive
2946 3123 3101 3197 ista
3140 3125 3544 3218 pertineat

1984 3236 2078 3309 ad
2129 3239 2572 3311 essentiam
2608 3241 3145 3324 Sacramenti,
3199 3245 3307 3329 (ct
3351 3247 3540 3317 tunc

1986 3359 2435 3445 oporteret,
2476 3357 2677 3449 quod
2724 3360 3344 3433 Sacramentum
3378 3382 3540 3436 non

1981 3472 2302 3541 tantum
2376 3470 2728 3545 includat
2802 3473 3204 3548 rationem
3298 3476 3538 3567 signi,

1983 3606 2167 3656 cum
2251 3587 2418 3658 suis
2487 3587 2985 3674 differentiis,
3078 3594 3210 3664 sed
3288 3594 3540 3668 etiam

1981 3701 2339 3793 aliquam
2437 3704 2841 3777 rationem
2928 3706 3539 3784 conformitatis

1980 3817 2076 3888 ad
2148 3818 2584 3906 signatum,
2651 3842 2823 3911 quae
2880 3823 3180 3897 dicitur
3230 3828 3539 3900 veritas

1981 3930 2059 4001 in
2141 3933 2413 4025 sign03
2486 3940 2567 4009 et
2628 3941 2849 4028 patet
2921 3943 3125 4030 quod
3188 3943 3538 4017 istarum

1984 4049 2471 4122 relationum
2538 4074 2693 4125 una
2772 4058 3063 4130 accidit
3125 4060 3395 4147 alteri,
3455 4069 3535 4140 et

1981 4165 2214 4256 quasi
2294 4170 2709 4259 posterior
2789 4171 3171 4247 fundatur
3232 4177 3311 4248 in
3372 4180 3535 4253 alia

1981 4280 2283 4370 priori;
2332 4284 2870 4360 conformitas
2912 4289 3126 4363 enim
3174 4291 3251 4363 in
3295 4295 3527 4386 signo

1976 4394 2384 4477 fundatur,
2457 4403 2536 4471 et
2611 4406 2885 4492 posset
2956 4425 3134 4477 esse
3204 4407 3527 4499 signum

1976 4508 2148 4581 sine
2200 4514 2322 4600 ea)
2374 4510 2540 4584 sive
2594 4514 2747 4586 ista
2793 4534 2951 4588 non
2988 4518 3390 4609 pertineat
3432 4522 3527 4594 ad

1978 4624 2382 4697 rationem
2418 4629 2954 4714 Sacramenti‚
3001 4634 3135 4706 sed
3178 4634 3282 4707 sit
3328 4637 3528 4710 acci-

1972 4741 2163 4812 dens
2215 4743 2805 4828 concomitanS,
2855 4749 2938 4820 ut
2982 4747 3062 4819 in
3125 4751 3519 4840 pluribus,

1975 4856 2267 4930 saltem
2305 4858 2463 4932 ista
2501 4860 2715 4934 ratio
2749 4868 2873 4937 est
2909 4863 3100 4938 illud
3145 4867 3521 4940 ultimum

1970 4973 2060 5045 de
2119 4975 2482 5065 potentia
2544 4978 2756 5069 signi
2811 4982 3180 5073 practici,
3254 4988 3332 5057 et
3404 4985 3520 5058 sic

1970 5089 2262 5163 virtus.

2057 5207 2172 5279 Ad
2217 5209 2570 5301 primum
2612 5214 2714 5303 (n)
2757 5218 3029 5287 autem
3070 5214 3270 5301 dico,
3309 5219 3516 5309 quod

1970 5341 2180 5414 aqua
2248 5324 2502 5399 abluit
2559 5350 2725 5412 cor,
2795 5329 2864 5403 id
2924 5336 3071 5412 est,
3131 5334 3510 5419 animam,

1969 5459 2129 5511 non
2220 5441 2528 5533 quidem
2617 5448 3018 5519 causando
3107 5449 3518 5544 dispositi-

1972 5576 2202 5631 onem
2258 5559 2597 5641 mediam
2638 5561 2851 5635 inter
2896 5564 3151 5659 ipsam
3213 5575 3292 5643 ct
3336 5591 3518 5669 gra-

3573 2006 3723 2055 Text.
3771 2003 3860 2053 116
3872 2042 3884 2054 .

3572 2069 3692 2128 Quae
3734 2066 3892 2117 virtus

3590 2133 3891 2242 Sacxip'mru-

3663 5258 3746 5312 17.
