4255 6375
793 431 912 497 382

790 593 1091 686 ptismo
1125 595 1302 668 dari
1345 597 1425 668 in
1476 621 1768 680 munere,
1826 618 1986 672 non
2042 599 2122 672 in
2191 624 2334 682 usu,

794 714 907 794 ut,
945 733 1128 785 cum
1162 714 1256 785 ad
1290 714 1689 805 majorem
1724 715 2100 789 venerint
2145 719 2340 787 aeta-

789 830 977 915 tem,
1026 849 1124 901 ex
1177 849 1511 903 munere
1563 832 2024 906 sortiantur
2075 853 2335 913 usum,

788 943 949 1016 nisi
999 961 1145 1037 per
1201 946 1547 1020 liberum
1606 949 2044 1024 arbitrium
2105 970 2339 1022 usum

792 1062 1153 1133 muneris
1203 1064 1689 1155 extinguant
1766 1066 2206 1158 peccando;
2264 1070 2344 1138 et

787 1174 904 1249 ita
932 1198 1030 1249 ex
1062 1180 1301 1271 culpa
1341 1201 1628 1253 eorum
1677 1187 1825 1263 est,
1873 1203 2031 1254 non
2081 1203 2182 1254 ex
2219 1181 2343 1253 de-

794 1291 1007 1366 sectu
1043 1295 1362 1384 gratiae,
1411 1298 1616 1391 quod
1670 1297 1862 1370 mali
1912 1298 2154 1378 fiunt;
2208 1295 2343 1388 qui

784 1428 884 1479 ex
955 1409 1103 1483 Dei
1176 1430 1510 1484 munere
1595 1414 1958 1485 valentes
2049 1413 2344 1485 habere

796 1542 1031 1595 usum
1068 1524 1389 1608 bonum,
1430 1548 1574 1620 per
1622 1527 1969 1600 liberum
2010 1526 2347 1600 arbitri-

787 1658 925 1710 um
961 1645 1402 1715 renuerunt
1435 1648 1514 1716 et
1550 1665 1781 1716 usum
1823 1664 2162 1737 pravum
2195 1641 2345 1716 ele-

793 1761 1119 1845 gerunt.

955 1992 958 1993 ⁷
1058 1904 1312 1990 (Finis
1391 1916 1608 1971 tea-lus
1651 1906 2001 2013 'Mayislrt
2059 1912 2078 1988 )

935 2184 1213 2259 ORDO
1323 2184 2196 2266 QUAERENDORUM.

885 2463 1322 2555 Postquam
1402 2468 1503 2554 (a)
1557 2465 1958 2555 Magister
2018 2465 2187 2555 egit
2253 2466 2346 2539 de

787 2579 1214 2672 Baptismo
1261 2584 1651 2672 quantum
1702 2581 1797 2653 ad
1836 2583 2014 2671 ejus
2062 2581 2347 2655 intrin-

791 2713 1000 2775 seca,
1065 2695 1194 2768 hic
1273 2696 1445 2787 agit
1520 2696 1611 2769 de
1717 2697 2345 2790 suscipientibus

788 2812 1328 2905 Baptismum,
1391 2816 1470 2887 et
1523 2813 1905 2888 consistit
1983 2818 2160 2887 tota
2218 2816 2347 2888 de-

787 2927 1264 3003 terminatio
1326 2929 1567 3003 istius
1635 2930 2189 3006 distinctionis
2265 2930 2345 3002 in

781 3042 1263 3115 declarando
1429 3046 1852 3136 quamdam
1946 3045 2346 3120 distincti-

790 3179 1026 3233 onem
1105 3161 1673 3234 trimembrem
1742 3162 1833 3234 de
1906 3161 2349 3255 suscipion-

787 3275 1035 3359 tibus,
1100 3299 1273 3371 quae
1323 3282 1473 3359 est,
1551 3278 1758 3370 quod
1820 3278 2072 3371 aliqui
2151 3278 2348 3350 reci-

789 3393 1021 3485 piunt
1056 3398 1678 3470 Sacramentum
1722 3400 1803 3470 et
1839 3417 2044 3483 rem;
2094 3393 2347 3487 aliqui

788 3513 1412 3585 Sacramentum
1454 3514 1532 3584 et
1583 3532 1745 3584 non
1805 3533 2016 3592 rem;
2090 3511 2345 3604 aliqui

787 3646 963 3699 rem
1005 3632 1085 3700 et
1126 3647 1286 3699 non
1320 3630 1974 3706 Sacramentum;
2020 3630 2098 3699 et
2150 3626 2345 3700 divi-

787 3742 1124 3815 diturin
1187 3748 1384 3817 tres,
1445 3747 1531 3816 In
1579 3744 1869 3836 prima,
1942 3743 2183 3834 hujus
2237 3743 2345 3815 di·

781 3857 1184 3931 visionem
1240 3859 1492 3952 ponit.
1554 3862 1642 3931 In
1714 3859 2093 3939 secunda,
2163 3879 2344 3930 eam

781 3976 1142 4069 exponit.
1256 3979 1346 4049 In
1449 3978 1741 4059 tertia,
1837 3976 2065 4050 circa
2162 3995 2343 4047 eam

777 4090 1318 4165 dubitationes
1410 4094 1721 4173 movet;
1827 4096 1907 4164 et
2012 4090 2346 4183 ponitur

779 4207 1125 4279 secunda
1190 4207 1296 4278 ibi
1372 4230 1388 4274 z
1459 4212 1968 4276 Sacramentum
2037 4220 2096 4274 et
2170 4230 2335 4273 rem.

778 4322 1058 4397 Tertia
1147 4323 1254 4395 ibi
1328 4349 1342 4392 ε
1420 4327 1602 4392 Solet
1686 4327 1899 4413 qaoeri
1991 4325 2073 4390 de
2169 4325 2334 4391 illis.

784 4438 1064 4512 Prima
1141 4459 1332 4532 pars
1413 4444 1683 4513 manet
1763 4438 2131 4511 indivisa.
2210 4440 2337 4510 Se-

785 4557 1039 4629 cunda
1094 4555 1481 4630 dividitur
1533 4555 1615 4628 in
1658 4560 1855 4636 tres,
1903 4554 2337 4628 secundum

788 4672 954 4745 tria
1026 4673 1414 4754 membra,
1507 4693 1683 4764 quae
1749 4671 2137 4745 declarat.
2213 4673 2344 4744 Se-

789 4788 1136 4863 cundum
1190 4788 1795 4880 membrum3ibi
1836 4814 1852 4859 ε
1888 4792 1968 4857 Si
2005 4812 2158 4856 vero
2193 4790 2341 4854 sine

787 4908 946 4992 fide.
1012 4906 1382 4982 Tertium
1451 4905 1558 4978 ibi
1607 4928 1622 4972 τ
1664 4910 1835 4974 Seme
1893 4917 1954 4973 el
2011 4907 2162 4972 alii.
2238 4904 2339 4975 Et

791 5027 1139 5116 utraque
1225 5022 1577 5095 istarum
1656 5020 2018 5113 partium
2100 5018 2341 5090 habet

786 5140 1010 5221 duas,
1077 5138 1265 5232 quia
1347 5137 1611 5231 primo
1699 5138 2063 5210 declarat
2131 5134 2344 5207 veri-

785 5257 1065 5327 tatem.
1134 5252 1491 5326 Secundo
1565 5251 1840 5343 objicit
1910 5253 1990 5323 et
2058 5248 2335 5331 solvit,

785 5377 864 5444 et
951 5375 1244 5444 contra
1319 5369 1537 5443 dicta
1619 5369 1701 5440 in
1783 5367 2338 5440 declaratione

788 5487 1112 5559 secundi
1180 5484 1517 5558 membri
1595 5483 1815 5576 ponit
1875 5482 2070 5554 duas
2136 5482 2339 5574 obje-

789 5601 1129 5679 ctiones.
1185 5601 1463 5674 Prima
1518 5606 1644 5676 est
1693 5620 1792 5673 ex
1841 5599 2340 5673 auctoritate

2017 437 2163 502 ΗΒ.
2194 441 2295 502 1V.
2328 432 2925 509 SENTENTIARUM
2996 476 3005 483 ·

2470 603 2932 693 Augustini,
3006 605 3113 679 ibi
3181 632 3196 676 :
3282 608 3552 675 Videtur
3601 620 3799 673 tamen
3842 610 3938 674 Aa·

2455 727 2781 809 ymanus.
2873 708 3231 797 Secunda
3316 744 3415 795 ex
3510 722 3943 795 auctoritate

2456 838 2858 929 Apostoli,
2959 839 3063 911 ibi
3138 864 3152 907 ε
3235 844 3574 918 Quoeritur
3658 843 3942 929 quomode.

2457 955 2767 1025 Contra
2833 954 3080 1026 etiam
3146 955 3365 1028 dicta
3425 956 3508 1027 in
3584 954 3943 1027 declarati·

2457 1088 2604 1139 one
2648 1068 2875 1142 tertii
2931 1070 3272 1143 membri
3316 1070 3541 1163 ponit
3620 1072 3800 1143 duas
3856 1071 3946 1142 du·

2461 1180 2921 1255 bitationes.
2990 1182 3289 1267 Prima,
3357 1183 3462 1256 ibi
3537 1211 3552 1254 ε
3620 1188 3736 1252 Eis
3783 1201 3947 1252 autem

2459 1299 2745 1368 videtur.
2903 1300 3264 1373 Secunda
3333 1299 3441 1372 ibi
3504 1327 3519 1370 ε
3582 1304 3718 1371 Sed
3778 1304 3949 1369 dicum

2456 1419 2695 1504 aliqui.
2758 1416 3035 1488 Tertia
3098 1437 3289 1509 pars
3352 1417 3819 1510 principalis
3879 1418 3952 1489 di-

2456 1529 2763 1602 viditur
2841 1531 2922 1604 in
2989 1533 3210 1614 duas,
3303 1534 3739 1606 secundum
3807 1534 3953 1604 duas

2458 1645 3032 1732 dubitationes,
3097 1668 3297 1739 quas
3362 1653 3663 1722 movet.
3734 1648 3954 1720 Prima

2464 1766 2837 1835 movetur
2872 1763 3094 1836 circa
3135 1764 3472 1839 tertium
3529 1764 3955 1840 membrum,

2458 1882 2539 1949 et
2604 1878 2934 1969 ponitur
3006 1878 3111 1951 ibi
3188 1902 3204 1946 ε
3275 1884 3458 1949 Solet
3544 1885 3783 1970 quaeri,
3846 1883 3956 1952 etc.

2460 1996 2819 2067 Secunda
2865 2000 3240 2071 movetur
3291 1997 3514 2071 circa
3569 1997 3957 2071 secundum

2464 2112 2940 2195 membrum,
3015 2113 3119 2186 ibi
3186 2140 3201 2183 ε
3272 2118 3454 2183 Solet
3507 2119 3717 2182 etiam
3775 2118 3960 2203 quatri.

2462 2229 2828 2301 Primum
2882 2230 3362 2313 membrum,
3409 2230 3733 2305 scilicet
3778 2229 3970 2301 susci·

2463 2365 2653 2437 pere
2740 2367 2913 2418 rem
2970 2351 3050 2420 et
3113 2350 3767 2426 Sacramentum,
3846 2367 3971 2419 cer·

2459 2464 2631 2533 tum
2692 2467 2817 2535 est
2886 2464 3091 2553 quod
3160 2462 3536 2537 convenit
3621 2463 3966 2556 parvulis

2464 2578 2936 2661 Secundum,
2985 2579 3348 2672 recipere
3390 2583 3966 2653 Sacramentum

2459 2699 2540 2766 et
2644 2714 2803 2766 non
2896 2714 3090 2779 rem,
3181 2699 3535 2769 certum·
3607 2696 3734 2767 est
3806 2693 3966 2785 quod

2464 2813 2782 2883 tantum
2838 2811 3263 2906 ‚convenit
3380 2810 3714 2885 adultis,
3829 2812 3969 2882 Ter·

2463 2926 2667 3000 tium
2721 2926 3175 2999 membrum
3236 2931 3506 3021 potest
3545 2934 3971 3020 competere

2465 3043 2869 3133 utrisque,
2989 3044 3176 3135 quia
3258 3044 3590 3137 utrique
3680 3047 3973 3137 possunt

2460 3158 2758 3232 habere
2835 3159 3346 3253 Baptismum
3436 3161 3858 3254 sanguinis
3912 3168 3971 3233 et

2459 3275 2839 3348 flaminis.
2898 3278 3343 3350 Secundum
3380 3278 3531 3352 hoc
3576 3298 3805 3371 ergo,
3856 3277 3979 3370 pri·

2462 3414 2591 3466 mo
2664 3395 3181 3486 quaerendum
3251 3401 3373 3468 est
3460 3397 3554 3468 de
3619 3395 3971 3490 parvulis.

2464 3511 2822 3584 Secundo
2882 3510 2974 3583 de
3042 3511 3362 3583 adultis.
3427 3513 3714 3586 Tertio
3776 3510 3973 3584 simul

2458 3628 2549 3699 de
2593 3629 2986 3720 utrisque.
3035 3633 3437 3710 Quantum
3481 3629 3579 3702 ad
3631 3629 3975 3722 parvulos

2460 3743 2626 3817 tria
2669 3764 2972 3834 quaero.
3021 3743 3321 3824 Primo,
3360 3748 3644 3818 utrum
3699 3742 3971 3839 parvuli

2461 3859 2623 3932 sint
2690 3858 3209 3952 baptizandi?
3281 3861 3675 3941 Secundo,
3737 3867 3967 3934 utrum

2460 3973 2783 4066 parvuli
2880 3972 3270 4067 baptizati
3346 3974 3752 4066 recipiant
3821 3972 3971 4045 effe·

2459 4095 2679 4162 ctum
2768 4091 3242 4184 Baptismi?
3338 4089 3648 4171 Tertio,
3735 4096 3970 4163 utrum

2461 4206 2848 4297 parvulus
2890 4208 3256 4280 existens
3301 4208 3379 4280 in
3427 4212 3670 4282 utero
3719 4205 3968 4280 matris

2464 4324 2721 4413 possit
2763 4324 3223 4418 baptizari?

2921 4559 3557 4643 COMMENTAmusL

2537 4789 2625 4869 (a)
2668 4795 3017 4868 Postquam
3066 4796 3395 4870 Mayister,
3451 4798 3580 4857 etc.
3659 4795 3965 4873 Postquam
3988 4787 4100 4858 Ordo!

2454 4907 2517 4968 in
2582 4909 2907 4986 prioribus
2963 4925 3116 4971 cum
3171 4911 3471 4991 Magistro
3534 4914 3837 4991 exposuit
3884 4927 3966 4973 ex·
4098 4877 4099 4912 ἶ

2455 5025 2738 5088 trinseca
2796 5027 3126 5104 Baptismi,
3181 5032 3500 5105 quantum
3558 5028 3649 5092 ad
3696 5027 3962 5092 formam.

2453 5142 2817 5214 materiam,
2921 5141 3399 5217 definitionem,
3500 5146 3963 5210 institutionem.

2453 5274 2628 5319 nunc
2676 5260 2972 5336 proxime
3016 5263 3146 5337 agit
3180 5259 3263 5321 tie
3309 5263 3820 5337 suscipientibus
3870 5260 3960 5320 Ba·

2453 5375 2780 5450 ptismum,
2842 5375 2953 5454 qui
3009 5381 3161 5436 sunt
3190 5374 3473 5437 infantes
3527 5382 3596 5439 et
3634 5378 3850 5448 adulti,
3896 5371 3959 5432 ad

2455 5508 2620 5570 quos
2641 5495 2845 5570 possit
2879 5492 3216 5569 tripliciter
3244 5494 3639 5569 comparari,
3667 5495 3766 5557 vel
3798 5500 3858 5554 ut
3881 5505 3956 5551 re·
4008 5503 4100 5567 11:55⁶

2453 5609 2701 5687 cipiunt
2748 5610 3243 5671 Sacramentum
3274 5614 3564 5687 tantu1n3
3599 5611 3708 5674 vel
3755 5622 3954 5673 secun-
4020 5565 4100 5621 ὠ
