4255 6375
1345 428 1544 490 msr.
1604 431 1704 492 ιν.
1760 429 2121 506 QuAEs‘no
2154 432 2229 492 v.

203 591 412 652 teriam
455 592 859 667 poenitentiae
915 611 1038 672 per
1097 612 1169 657 se
1227 599 1522 673 spectat;
1607 595 1732 656 alia

199 726 336 769 vero
394 726 535 788 quae
584 718 1060 788 praecesserunt
1113 715 1512 793 Baptismum
1601 731 1722 792 per

162 822 508 897 ,accidens‚
557 841 714 907 ergo
787 825 872 888 ad
944 827 1396 890 remissionem
1459 846 1720 901 eorum,

199 941 339 1002 nihil
382 941 532 1004 facit
575 944 971 1020 BaptismuS,
1045 948 1197 1023 quia
1259 944 1511 1006 nullum
1554 947 1732 1007 inve-

201 1058 281 1118 nit
320 1057 380 1118 in
435 1059 779 1135 posteriori
842 1065 1088 1123 naturae
1162 1078 1471 1140 operans»,
1551 1061 1730 1141 quod

162 1175 498 1257 ‚remittat
565 1174 844 1248 Deinde,
932 1177 1086 1255 quia
1143 1175 1228 1238 de
1298 1178 1423 1239 hoc
1474 1178 1729 1239 nullum

204 1296 293 1350 est
317 1287 820 1351 fundamentum
865 1292 1228 1366 asserendi,
1272 1294 1359 1356 ita
1408 1293 1732 1357 Christum

203 1406 546 1468 instituisse
623 1409 1141 1482 Sacramentum,
1228 1415 1301 1470 ut
1369 1410 1733 1498 recedente

162 1497 455 1583 'fictione
543 1522 872 1586 conferret
928 1527 1238 1588 effectum
1321 1530 1551 1605 gratiae
1625 1533 1737 1591 aut

205 1635 596 1698 remissionis
642 1641 924 1715 peccati.
975 1641 1039 1701 Si
1105 1641 1377 1720 objicias
1433 1646 1734 1721 Augusti-

163 1765 183 1804 i
207 1768 373 1826 num,
396 1748 640 1814 fatetur
665 1754 822 1815 locis
844 1754 1134 1831 praefatis
1156 1758 1240 1818 iia
1271 1757 1574 1820 docuisse
1603 1761 1736 1821 Au-

205 1869 555 1945 gustinum‚
592 1869 713 1931 sed
755 1888 973 1950 neque
1020 1872 1372 1935 traditione
1411 1875 1740 1947 Ecclesiae,

163 1969 165 1992 ¹
205 2000 409 2062 neque
443 2000 527 2046 ex
556 1987 908 2063 Scriptura,
958 2005 1178 2067 neque
1224 2006 1303 2051 ex
1337 1988 1736 2063 definitione,

204 2119 410 2181 neque
458 2121 543 2165 ex
603 2106 857 2168 ratione
918 2107 982 2168 id
1029 2110 1396 2184 probasse3
1451 2115 1518 2171 et
1591 2126 1739 2173 con-

208 2218 421 2300 cludit,
470 2221 653 2284 unde
684 2222 884 2301 igitur
941 2225 1343 2303 Augustinus
1423 2226 1546 2286 hoc
1618 2229 1741 2303 pri-

201 2335 503 2413 vilegium
552 2339 886 2415 Baptismi,
945 2339 1123 2418 quod
1177 2357 1254 2402 ex
1299 2341 1438 2402 sola
1472 2343 1588 2402 Dei
1633 2359 1743 2404 vo-

201 2451 438 2514 luntate
489 2453 759 2530 pendet,
797 2455 1106 2534 colligere
1152 2456 1418 2534 potuit?
1458 2456 1739 2536 perinde

203 2569 553 2646 respondet
610 2570 694 2632 ad
766 2571 1227 2647 ScholasticoS‚
1291 2574 1595 2652 quicum
1656 2573 1740 2635 ad

205 2702 397 2747 unum
430 2704 667 2750 omnes
698 2689 908 2749 secuti
939 2696 1113 2750 sunt.

281 2802 403 2865 Sed
461 2806 592 2866 hoc
647 2808 918 2868 nimium
949 2811 1070 2879 est,
1125 2813 1190 2867 et
1259 2812 1499 2885 praeter
1555 2824 1740 2869 reve-

206 2923 475 2981 rentiam
522 2920 804 2993 dictum;
860 2920 1095 2983 sufficit
1150 2922 1324 2983 enim
1388 2923 1742 2983 auctoritas

210 3035 396 3097 solius
426 3038 804 3117 Augustini,
840 3054 979 3116 quae
1010 3037 1329 3100 fundatur
1355 3038 1419 3099 in
1449 3039 1742 3116 benigna

207 3153 738 3233 interpretatione
805 3153 1042 3216 divinae.
1114 3153 1609 3225 misericordiae,
1672 3160 1745 3218 ut

207 3270 263 3332 id
301 3276 574 3343 asserat,
634 3275 700 3333 et
771 3269 1057 3348 praeferri
1122 3270 1325 3332 debet
1368 3274 1742 3334 ratiunculae

207 3384 365 3446 male
422 3385 800 3457 cohaerenti,
855 3400 1054 3464 quarn
1112 3385 1256 3461 ipse
1303 3399 1437 3445 non
1494 3385 1741 3462 primus

209 3501 611 3583 excogitavit,
658 3502 777 3563 sed
810 3502 940 3574 alii,
996 3476 1277 3579 eamque
1323 3503 1630 3574 solvunt;
1677 3511 1742 3564 et

206 3616 586 3696 interrogari
643 3622 867 3694 posset
911 3616 1104 3677 etiam
1135 3616 1314 3678 unde
1345 3617 1486 3695 ipse
1513 3624 1735 3678 contra

207 3732 654 3810 Augustinum,
691 3738 753 3793 et
795 3733 958 3794 alios
1011 3734 1353 3804 DoctoreS,
1411 3733 1476 3794 id
1511 3739 1736 3811 neget,

211 3865 347 3911 cum
403 3866 438 3911 a
497 3851 639 3910 sola
710 3850 1050 3912 voluntate
1120 3851 1348 3914 Christi
1404 3850 1744 3928 pendeat?

211 3981 398 4041 opera
430 3965 608 4027 enim
647 3970 882 4026 nostrae
919 3963 1416 4044 redeinptioniS,
1480 3971 1546 4028 et
1602 3983 1742 4028 me-

166 4081 174 4091 '
216 4078 308 4139 dia
365 4082 446 4143 acl
496 4083 774 4143 salutem
819 4080 1142 4153 ordinata,
1177 4099 1309 4143 non
1357 4083 1744 4144 mercatoria

166 4179 192 4228 ¹³
217 4199 434 4260 trutina
478 4203 633 4260 sunt
678 4198 1134 4277 ponderanda,
1206 4200 1328 4261 sed
1350 4200 1535 4279 juxta
1582 4199 1740 4262 divi-

216 4330 353 4376 nam
432 4316 795 4378 bonitatem
869 4315 1383 4392 interpretanda,
1461 4316 1746 4379 utillud

215 4428 442 4492 factum
501 4433 1037 4506 interpretemur,
1105 4432 1285 4509 quod
1370 4435 1580 4506 magis
1647 4438 1749 4493 est

216 4548 567 4610 secundum
604 4545 887 4608 divinam
919 4548 1459 4619 inisericordiam,
1523 4547 1742 4625 profe-

221 4670 375 4723 ctum
459 4668 780 4734 nostrum,
843 4669 908 4724 et
965 4664 1532 4726 Sacramentorum
1567 4680 1741 4725 corn-

222 4782 726 4853 mondationem,
788 4788 855 4842 et
897 4784 1355 4855 reverentiam,
1420 4797 1496 4843 ac
1540 4783 1749 4864 magis

223 4904 470 4967 inclinat
526 4908 823 4968 homines
895 4905 980 4967 ad
1066 4908 1485 4969 Sacramenta
1552 4908 1750 4969 susci-

226 5021 470 5094 pienda.
520 5024 736 5086 Potuit
766 5028 988 5085 autem
1035 5041 1116 5086 ex
1148 5024 1751 5089 condescendentia

228 5133 304 5197 ita
368 5140 610 5202 institui
684 5140 1077 5218 BaptismuS,
1136 5145 1210 5201 ut
1264 5140 1621 5202 recedente
1679 5143 1749 5203 ii-

234 5253 428 5318 ctione
530 5255 859 5318 confeiret
930 5256 1242 5318 effectum
1313 5274 1531 5332 suum,
1575 5256 1754 5337 quod

232 5376 423 5450 magis
458 5373 606 5436 facit
651 5373 732 5436 ad
802 5373 1273 5451 perfectionem
1335 5376 1753 5449 sacramenti,

234 5490 297 5544 ut
324 5504 436 5564 per
489 5506 560 5551 se
607 5494 862 5553 constat
914 5495 981 5551 et
1029 5492 1352 5571 congruit.

307 5606 459 5680 Quia
492 5625 638 5669 cum
670 5608 794 5669 hoc
819 5610 1316 5670 Sacramentum
1348 5610 1431 5670 sit
1459 5608 1752 5681 initiati0‚

3284 426 3399 486 441

1845 610 1971 655 nec
2017 593 2101 654 sit
2156 594 2474 669 iterabile,
2536 598 2602 656 et
2656 592 2926 655 inducat
2996 606 3165 653 onus
3222 589 3391 669 legis

1845 710 2291 785 observandae,
2355 708 2660 789 congruit
2704 714 2777 770 ut
2815 705 3203 786 impeditum
3271 721 3396 783 per

1845 827 2147 889 accidens
2234 827 2441 905 possit
2486 825 2846 889 recedente
2912 823 3390 902 impedimento

1843 943 2087 1006 habere
2163 944 2514 1017 effectuum
2591 944 2714 1006 hoc
2800 942 3013 1021 magis
3090 940 3395 1002 sollicitat

1844 1059 1926 1122 ad
1973 1062 2414 1138 poenitentiam
2461 1059 2728 1139 dignam
2774 1057 3147 1120 faciendam
3177 1058 3394 1134 ipsum

1843 1176 2086 1239 fictum.
2156 1179 2285 1238 Hoc
2372 1180 2569 1239 etiam
2668 1176 2876 1256 magis
2968 1172 3394 1236 commendat

1844 1307 2114 1353 suavem
2172 1291 2651 1368 providentiam
2694 1291 2813 1351 Dei
2859 1294 2926 1352 et
2973 1287 3224 1361 Christi,
3280 1288 3390 1366 qui

1844 1405 2024 1468 venit
2082 1408 2468 1480 peccatores
2524 1402 2741 1463 salvos
2783 1400 3028 1472 facere,
3092 1401 3244 1477 quia
3290 1414 3395 1459 ca-

1847 1542 1958 1586 sus
2014 1525 2117 1585 hic
2148 1522 2426 1585 fictionis
2470 1539 2603 1584 non
2655 1521 2742 1582 ita
2799 1537 2983 1581 rarus
3044 1524 3163 1593 est,
3236 1518 3395 1597 quin

1850 1641 1908 1703 ei
1979 1641 2264 1718 prospici
2341 1640 2740 1719 congruerit,
2831 1639 2984 1717 quia
3039 1636 3397 1713 saepissime

1852 1761 2235 1838 contingere
2292 1757 2529 1834 potuit,
2596 1762 2665 1817 et
2713 1760 2935 1833 potest
3010 1754 3074 1815 in
3134 1751 3395 1826 adultiS,

1852 1877 1963 1954 qui
2007 1889 2141 1935 non
2183 1877 2271 1936 ita
2320 1871 2615 1952 perfecte
2673 1872 3018 1950 deponunt
3072 1870 3399 1932 sarcinam

1851 1996 2300 2070 peccatorum,
2337 1996 2449 2051 aut
2478 1993 2971 2061 convertuntur,
3002 1987 3158 2066 quin
3205 1988 3396 2048 etiam

1849 2110 1915 2170 in
1959 2110 2180 2184 reipsa
2225 2109 2523 2186 quamvis
2566 2107 2855 2169 habeant
2905 2103 3108 2167 fidem
3150 2111 3213 2165 et
3278 2101 3395 2167 do-

1849 2226 2059 2287 lorem
2131 2224 2552 2295 aestimatum,
2600 2228 2821 2283 tamen
2875 2238 3010 2284 non
3053 2224 3133 2283 sit
3201 2237 3397 2282 verus

3496 2264 3507 2275 '
3596 2277 3621 2310 r

1854 2341 2042 2403 dolor
2070 2347 2137 2402 et
2180 2337 2515 2415 dispositio
2564 2336 2895 2400 sufficiens
2962 2341 3029 2398 et
3071 2353 3393 2414 superna·
3452 2266 3709 2438 aggi?

1853 2460 2099 2532 iurans,
2135 2457 2256 2521 sed
2313 2459 2640 2519 humanus
2671 2457 3051 2529 dumtaxat;
3107 2463 3172 2518 et
3214 2471 3397 2535 saepe
3498 2451 3685 2505 debuit,

1850 2580 1915 2640 in
1947 2578 2072 2638 hoc
2102 2574 2439 2645 falluntur,
2464 2575 2571 2653 qui
2606 2579 2835 2653 putant
2865 2591 2937 2635 se
2968 2572 3187 2636 facere
3220 2571 3400 2652 quod

1856 2697 2186 2766 tenentur,
2233 2696 2346 2752 aut
2403 2691 2599 2752 etiam
2646 2694 2941 2766 possunt,
2998 2694 3065 2751 et
3114 2704 3395 2767 quorum

1851 2809 2011 2870 ratio
2044 2824 2179 2869 non
2202 2805 2503 2884 congruit
2534 2804 2842 2866 habuisse
2865 2802 3186 2866 Christum
3219 2819 3299 2864 ex
3322 2802 3397 2864 fi-

1854 2942 1938 2987 ne
1958 2924 2381 2988 institutionis
2405 2923 3000 2991 Sacramentorum,
3025 2925 3254 2982 utnon
3298 2937 3401 2982 so-

1851 3043 1990 3103 lum
2013 3040 2096 3102 ad
2117 3037 2531 3118 surgendum
2548 3036 2898 3099 instituerit
2920 3036 3399 3114 poenitentiam,

1853 3158 1962 3223 sed
2013 3157 2207 3220 etiam
2262 3157 2550 3234 reparari
2616 3154 2898 3218 voluerit
2967 3151 3398 3232 dispendium

1852 3278 2077 3357 gratiae
2132 3275 2556 3352 baptismalis.
2593 3272 2782 3348 Quod
2842 3274 2893 3334 si
2940 3288 3099 3352 ergo
3156 3273 3396 3335 auxilia

3484 3380 3688 3430 Dantur

1856 3393 2134 3455 actualia
2196 3390 2620 3454 conferuntur
2666 3390 2758 3451 sic
2807 3388 3147 3468 baptizatis
3203 3392 3400 3451 intui·
3500 3443 3688 3492 auxilia

1854 3519 1924 3575 tu
1962 3510 2268 3589 Baptismi
2297 3488 2609 3587 suscepti,
2658 3515 2729 3570 ut
2784 3514 3156 3587 resurgant,
3205 3511 3271 3568 et
3328 3511 3402 3567 ut
3480 3506 3697 3555 actualia

1855 3628 2393 3705 adimpletionem
2422 3624 2590 3704 legis
2620 3624 2979 3702 perficiant,
3030 3640 3174 3703 quae
3212 3625 3402 3686 auxi·
3428 3568 3751 3681 ᾒὲζῗιῖἓιῐπιιιὲξιυ

1852 3744 1935 3804 lia
1981 3757 2114 3804 non
2157 3742 2222 3802 in
2270 3739 2627 3802 efficaciam
2661 3738 3094 3816 poenitentiae,
3128 3737 3251 3799 sed
3280 3740 3395 3799 Ba·
3431 3700 3747 3819 utregssrgat.

1855 3860 2073 3937 ptismi
2184 3856 2473 3933 suscepti
2570 3854 2988 3926 referuntur;
3096 3856 3397 3932 congruit

1857 3974 2051 4036 etiam
2104 3978 2177 4034 ut
2247 3974 2457 4051 gratia
2515 3971 2953 4041 sanctificans,
3001 3977 3064 4032 et
3106 3972 3407 4033 remissio

1856 4097 2277 4168 peccatorum
2323 4088 2574 4151 eisdem
2612 4088 3011 4149 tribueretur
3040 4105 3117 4147 ex
3167 4086 3406 4149 eodem

1858 4208 2026 4280 ilne;
2077 4224 2208 4268 non
2288 4205 2526 4267 desunt
2600 4221 2758 4283 ergo
2832 4211 3245 4283 argumenta,
3322 4221 3403 4266 ex

1862 4326 2099 4403 quihus
2150 4325 2602 4400 interpretatio
2670 4323 3020 4399 Augustini
3078 4320 3406 4384 fulciatur.

1966 4450 2283 4511 Caeterum
2367 4463 2499 4508 non
2589 4447 2767 4509 solus
2847 4449 3252 4526 Augustinus
3343 4453 3408 4509 et

1860 4565 2245 4627 Sciiolastici
2316 4562 2684 4626 docuerunt
2752 4564 3152 4641 Baptismum
3223 4579 3407 4624 rece·
3532 4546 3726 4643 luein„

1863 4684 2062 4745 dente
2133 4680 2396 4743 fictione
2488 4680 2705 4741 valere
2778 4678 2863 4740 ad
2940 4678 3260 4748 salutem,
3318 4678 3404 4739 ita
3433 4635 3747 4686 ‘mmmm‘

1863 4799 2127 4862 Collatio
2152 4799 2252 4859 54.
2302 4796 2691 4878 Carthagine
2749 4795 2969 4857 hahita
3004 4803 3229 4857 contra
3276 4799 3408 4860 Do-

1862 4917 2134 4977 natistas
2184 4934 2196 4975 :
2234 4916 2384 4976 Ideo
2429 4918 2516 4976 ad
2546 4916 2890 4987 Christum,
2938 4914 3169 4993 inquit,
3199 4917 3412 4977 venire

1862 5022 2116 5098 debent,
2192 5022 2347 5105 qnia
2415 5033 2609 5086 extra
2667 5024 3192 5087 communionem
3273 5024 3411 5086 Ba-

1860 5141 2177 5223 ptismum
2235 5139 2377 5223 ejus
2442 5136 2703 5211 habent,
2759 5157 2891 5201 non
2931 5137 3203 5222 acquod
3259 5137 3411 5201 dee-

1866 5267 1973 5319 rat
2038 5254 2240 5331 adsit,
2286 5252 2403 5318 sed
2435 5265 2504 5317 ut
2536 5252 2711 5338 quod
2742 5254 2965 5317 inerat
2996 5254 3234 5337 prosit,
3280 5264 3405 5317 eto.

1867 5392 2023 5457 ergo
2056 5371 2199 5436 haec
2230 5368 2351 5435 fuit
2380 5369 2703 5434 sententia
2755 5371 3016 5433 Patrum
3071 5369 3414 5434 Africano-

1869 5507 2037 5565 rum,
2060 5485 2256 5552 etiam
2281 5496 2344 5550 et
2367 5505 2493 5549 non
2519 5484 2723 5548 solius
2744 5483 3119 5569 Augustini.
3140 5486 3417 5572 Prosper

1866 5604 1980 5669 lib.
2008 5602 2517 5679 Sententiarum,
2556 5621 2697 5686 cap.
2726 5604 2880 5667 325.
2928 5601 3123 5679 Habe,
3165 5601 3403 5689 inquit,
