4255 6375
1299 457 1500 519 Dts'r.
1549 458 1648 519 lV.
1685 457 2049 534 QUAESTIO
2099 462 2222 524 vn.

218 609 304 679 te
342 629 532 682 esse
582 611 919 696 intenta,
957 619 1189 688 actus
1225 616 1508 698 bonus,
1592 638 1776 689 cum

217 745 382 818 quo
429 731 855 805 concurrit
932 733 1271 814 veniale,
1318 738 1440 807 est
1507 736 1775 807 minus

212 846 625 933 intensus,
653 855 731 924 et
757 851 930 923 ideo
967 851 1232 924 minus
1269 853 1774 939 meritorius,

214 985 475 1056 quam
545 966 760 1042 foret
838 968 1010 1041 sine
1079 969 1242 1041 ullo
1291 970 1617 1042 veniali.
1675 974 1775 1044 Et

215 1073 314 1144 ad
447 1077 961 1169 propositum
1070 1077 1465 1169 sequitur,
1568 1080 1772 1171 quod

212 1189 576 1276 adultus,
623 1194 690 1265 si
759 1215 915 1267 non
963 1195 1190 1288 ponit
1253 1195 1559 1268 obicem
1605 1217 1777 1289 pec-

213 1308 385 1380 cati
486 1310 892 1394 mortalis,
970 1314 1048 1384 et
1121 1311 1199 1384 in
1261 1312 1775 1405 susceptione

218 1425 639 1518 Baptismi
715 1428 1148 1512 consentit,
1216 1429 1571 1522 aliquem
1617 1451 1777 1502 mo·

219 1545 400 1614 tum
445 1542 686 1617 habet
718 1544 1304 1638 disponentem,
1343 1568 1498 1639 quo
1552 1551 1779 1620 caret

219 1659 652 1750 parvulus,
726 1682 882 1733 non
944 1663 1314 1737 obstante
1378 1664 1582 1756 quod
1643 1663 1778 1736 ille

219 1776 523 1850 habeat
606 1779 921 1852 veniale
1003 1787 1419 1873 peccatum
1505 1782 1773 1855 simul.

307 1894 429 1967 Ad
476 1902 1052 1987 argumentum
1129 1898 1328 1974 dico.
1371 1900 1573 1992 quod
1634 1902 1776 1972 Ba-

221 2011 582 2103 ptismus
626 2013 804 2104 plus
847 2014 1229 2107 dependet
1275 2034 1322 2085 a
1366 2015 1771 2098 ministro,

223 2129 318 2200 ad
361 2127 526 2202 hoc
576 2133 664 2204 ut
734 2129 840 2202 sit
885 2135 1533 2215 Sacramentum,
1591 2132 1778 2225 quia

225 2241 304 2314 in
372 2262 479 2317 eo
561 2245 1051 2338 simpliciter
1134 2247 1591 2339 requiritur
1668 2248 1780 2320 in-

224 2360 535 2442 tentio;
616 2382 778 2434 non
875 2363 990 2437 sic
1089 2364 1167 2436 in
1256 2364 1774 2457 suscipiente,

230 2479 418 2571 quia
490 2501 649 2552 non
711 2484 980 2575 potest
1050 2483 1168 2555 uti
1231 2484 1587 2566 ratione;
1648 2483 1780 2556 sed

228 2597 492 2687 quoad
558 2596 735 2681 hoc,
791 2602 876 2671 ut
920 2599 1048 2672 hic
1123 2600 1454 2674 effectus
1513 2600 1780 2694 major

225 2712 353 2784 vel
428 2715 702 2787 minor
767 2717 1242 2809 recipiatur,
1327 2717 1589 2809 magis
1657 2719 1782 2790 de-

227 2830 514 2919 pendet
559 2850 605 2903 a
646 2830 1083 2924 baptizato

692 3158 1327 3224 COMMENTARIUS.

311 3427 397 3510 (c)
458 3434 549 3493 De
597 3431 869 3493 secundo
917 3436 1118 3507 potest
1174 3432 1326 3504 dici,
1376 3436 1502 3492 etc.
1553 3432 1776 3493 Decla-

168 3582 187 3612 ..
237 3551 334 3607 rat
389 3546 728 3625 quomodo
790 3545 996 3623 possit
1046 3549 1389 3623 provenire
1438 3547 1770 3627 inaequali·

169 3642 217 3737 ἓ
245 3666 336 3724 tas
377 3667 604 3744 gratiae
647 3680 725 3726 ex
770 3664 1210 3742 applicatione
1258 3662 1511 3725 diversa
1561 3681 1777 3727 causae

173 3766 610 3862 {meritorie
683 3805 826 3869 quae
884 3787 1226 3850 diversitas
1297 3792 1515 3865 potest
1604 3803 1777 3858 esse,

173 3902 198 3914 “
244 3906 345 3967 vel
388 3924 473 3968 ex
531 3912 716 3985 parte
766 3905 1126 3981 offerentis,
1184 3904 1289 3965 vel
1335 3920 1415 3965 ex
1449 3907 1635 3981 parte
1681 3904 1778 3964 rei

245 4021 493 4087 oblatae.
568 4023 657 4083 Ex
700 4026 886 4100 parte
949 4019 1309 4091 offerentis,
1371 4035 1614 4096 nempe
1660 4036 1776 4079 vo·

242 4134 510 4200 luntatis
555 4138 810 4207 Christi,
859 4153 1001 4216 quae
1057 4137 1243 4197 aliter
1291 4151 1407 4212 pro
1452 4133 1777 4213 reprobiS,

244 4253 424 4318 aliter
451 4274 570 4335 pro
616 4256 1089 4335 praedestinatis
1133 4253 1367 4315 obtulit
1407 4268 1596 4314 suam
1640 4270 1783 4331 pas-

174 4422 219 4473 nh
247 4369 516 4448 sionem,
566 4374 717 4452 quia
760 4390 877 4451 pro
937 4371 1059 4434 illis
1107 4373 1420 4447 quantum
1468 4369 1551 4431 ad
1609 4368 1781 4431 suffi-

174 4499 194 4571 ὲ
250 4490 572 4560 cientiam‚
619 4508 736 4570 pro
786 4489 886 4550 his
932 4488 1133 4548 etiam
1177 4492 1497 4562 quantum
1543 4484 1626 4547 ad
1686 4483 1778 4546 ef-

174 4572 200 4596 „
249 4606 533 4672 ficaciam
617 4610 874 4683 obtulit,
966 4606 1119 4685 quia
1186 4609 1457 4683 propter
1544 4604 1788 4666 electos

252 4723 686 4807 principaliter
762 4728 990 4801 venit,’
1024 4729 1091 4787 et
1161 4722 1244 4785 ad
1317 4721 1787 4800 complendum

259 4842 558 4909 effectum
621 4846 851 4909 divinae
896 4842 1508 4924 praedestinationis,
1572 4844 1644 4900 ut
1698 4838 1788 4900 di·

259 4958 337 5018 cit
399 4964 684 5039 Doctor;
760 4964 851 5024 sic
936 4964 1132 5022 etiam
1202 4960 1416 5037 potuit
1472 4954 1788 5017 obtulisse

263 5079 620 5150 passionem
692 5094 875 5140 suam
955 5074 1285 5138 efficacius
1358 5091 1472 5151 pro
1547 5072 1830 5149 aliquo,‘

261 5191 360 5267 qui
401 5197 718 5277 majorem
749 5193 834 5257 ad
877 5195 1185 5274 gloriam,
1234 5196 1336 5252 est
1365 5188 1789 5268 praedestina-

267 5311 387 5383 1u8,
427 5316 615 5377 verbi
659 5314 894 5395 gratia,
937 5329 1055 5390 pro
1101 5319 1313 5373 matre
1356 5323 1497 5370 sua.
1529 5306 1606 5366 Et
1647 5305 1792 5365 haec

269 5422 356 5478 est
425 5426 655 5501 quarta
712 5421 905 5499 hujus
978 5417 1361 5497 quaestionis
1430 5409 1787 5476 conclusi0.

182 5526 194 5558 t

185 5586 209 5621 0
340 5534 685 5601 Diversitas
757 5544 978 5601 autem
1027 5552 1108 5599 ex
1167 5540 1352 5613 parte
1414 5534 1509 5595 rei
1565 5533 1796 5596 oblatae

185 5642 227 5686 ‘0
277 5656 579 5738 contingit
660 5655 1032 5719 secundum
1119 5651 1452 5715 diversum
1555 5655 1797 5713 statum

389 5767 531 5825 Tom.
582 5770 721 5826 xvl.

3319 455 3428 528 481

1893 624 2062 702 ejus,
2118 631 2181 686 et
2240 628 2762 702 acceptationem
2824 627 3176 702 diversam,
3241 630 3434 690 aliter
3538 651 3718 703 oblatae

1889 742 2058 801 enim
2134 741 2254 808 fuit
2327 744 2570 821 passio,
2667 751 2740 807 ut
2832 748 3097 823 praevisa
3176 753 3425 808 tantum
3466 723 3780 834 Ξῖξξζηξζω

1885 864 2257 936 acceptata,
2305 863 2495 923 aliter
2537 869 2611 924 ut
2658 865 2976 937 exhibita,
3035 864 3186 945 quia
3232 866 3427 927 obse·

1888 975 2114 1051 quium
2159 979 2521 1053 praestitum
2572 982 2784 1059 magis
2816 985 3195 1056 acceptatur
3226 998 3423 1059 quam

1886 1093 2251 1167 praevisum.
2325 1094 2534 1156 Primo
2592 1093 2716 1157 fuit
2769 1098 3093 1175 applicata
3143 1097 3438 1159 Patribus

1888 1224 2007 1284 per
2055 1208 2350 1272 remedia
2398 1211 2562 1291 legis
2618 1219 2867 1275 naturae
2916 1221 2983 1273 et
3026 1215 3322 1294 scriptae;
3372 1222 3437 1277 et

1887 1326 1977 1385 sic
2050 1325 2408 1388 attenditur
2465 1329 2872 1408 inaequalitas
2950 1330 3179 1409 gratiae
3265 1329 3439 1391 inter

1889 1439 2466 1505 Circumcisionem
2548 1450 2616 1506 et
2698 1448 3089 1522 Baptismum
3164 1455 3436 1524 propter

1888 1556 2280 1636 inaequalem
2366 1560 2873 1637 applicationem
2961 1578 3040 1624 ex
3100 1567 3284 1640 parte
3340 1563 3435 1624 rei

1891 1678 2147 1742 oblatae.
2208 1682 2283 1741 Et
2338 1681 2481 1742 haec
2529 1687 2628 1743 est
2660 1684 2884 1761 quinta
2938 1685 3271 1749 conclusio
3319 1687 3434 1747 hu·

1884 1796 2000 1875 jus
2087 1799 2485 1875 quaestionis
2571 1802 2661 1861 Ex
2747 1803 2931 1881 cujus
3003 1801 3433 1864 fundamento

1893 1910 2161 1973 deducit
2234 1915 2425 1977 aliam
2508 1918 2941 1993 probabilem,
3016 1920 3168 1981 licet
3217 1919 3437 1982 incer-

1897 2036 2049 2104 tam,
2125 2048 2367 2110 nempe
2444 2051 2523 2094 ex
2623 2034 2857 2096 eadem
2948 2036 3201 2100 ratione
3308 2040 3426 2099 Ba·

1891 2148 2200 2222 ptismum
2274 2155 2427 2211 ante
2478 2153 2851 2227 passionem
2910 2171 3041 2214 non
3112 2154 3427 2215 habuisse

1895 2255 2205 2315 eumdum
2283 2256 2592 2318 effectum
2649 2259 2895 2338 gratiae,
2953 2278 3153 2339 quem
3206 2261 3438 2324 habuit

1897 2382 2045 2452 post
2111 2378 2542 2453 Baptismum,
2618 2378 2701 2438 de
2753 2395 2884 2458 qua
2930 2396 3125 2456 supra
3197 2381 3327 2443 dixi
3372 2384 3437 2441 in

1892 2496 2245 2553 commento
2310 2496 2677 2570 quoescz‘om’s
2726 2497 2777 2557 l.
2848 2498 2993 2558 disc.
3040 2499 3097 2557 2.
3169 2497 3438 2560 tandem

1895 2605 2231 2667 concludit
2282 2614 2593 2685 quantum
2649 2610 2727 2671 ad
2775 2608 3044 2672 factum.
3109 2614 3171 2673 Si
3216 2619 3438 2674 autem

1892 2722 2099 2799 primo
2158 2723 2384 2796 modo,
2439 2725 2689 2787 scilicet
2746 2734 3015 2804 propter
3074 2730 3432 2806 specialem

1890 2840 2289 2902 oblationem
2365 2841 2429 2902 in
2500 2841 2835 2904 voluntate
2901 2843 3155 2917 Christi,
3201 2845 3283 2907 sit
3328 2846 3435 2908 ali-

1892 2975 2018 3035 qua
2063 2957 2469 3036 inaequalitas
2539 2959 2604 3019 in
2677 2959 3003 3036 aliquibus
3054 2975 3230 3021 nunc
3313 2962 3436 3022 ba-

1888 3073 2169 3151 ptizatis,
2206 3072 2482 3137 dubium
2539 3077 2638 3135 est
2683 3072 2766 3136 de
2817 3075 3011 3150 fact0,
3061 3077 3180 3138 sed
3226 3080 3431 3155 possi·

1887 3193 2100 3257 bilitas
2150 3198 2251 3256 est
2290 3198 2579 3273 ostensa,
2638 3198 2765 3256 etc.
2827 3197 2919 3257 Ex
2976 3196 3216 3276 quibus
3277 3214 3430 3258 con·
3465 3219 3789 3275 Nihitdefinit

1888 3315 2016 3372 stat
2071 3312 2424 3374 Ductorem
2472 3313 2627 3374 nihil
2674 3310 2947 3374 definire
2983 3317 3300 3389 quantum
3347 3311 3429 3371 ad
3465 3366 3492 3399 a
3535 3292 3783 3409 uffiffiffin

1887 3426 2156 3501 factum,
2206 3428 2327 3491 sed
2371 3431 2578 3492 solum
2627 3434 2945 3507 quantum
2980 3428 3062 3489 ad
3112 3428 3432 3505 possibili·
3466 3412 3785 3539 {z‘gsffis’tg}

1892 3550 2093 3607 tatem
2171 3546 2392 3623 quoad
2463 3547 2980 3625 inaequalitatem
3051 3545 3274 3625 gratia}
3357 3561 3432 3605 ex
3558 3542 3662 3587 tem

1886 3670 2072 3740 parte
2148 3680 2361 3726 causae
2409 3663 2782 3741 principalis
2843 3668 2908 3724 et
2980 3662 3348 3724 meritoriae.

1973 3779 2305 3840 Immerito
2365 3782 2589 3857 itaque
2664 3781 2860 3841 Sotus
2917 3780 2983 3838 in
3040 3782 3102 3841 4.
3162 3782 3306 3841 dz‘st.
3369 3779 3428 3839 6.
3599 3774 3652 3825 6.

1888 3901 2104 3971 quaesc.
2173 3897 2226 3954 1.
2290 3900 2411 3955 art.
2459 3895 2520 3956 6.
2570 3899 2970 3955 assertorem
3033 3895 3230 3975 hujus
3287 3911 3434 3957 sen·
3494 3836 3762 4026 ἰὲἕᾳὲἓέζι

1891 4011 2109 4073 tentiae
2167 4012 2517 4073 Doctorem
2570 4010 2747 4086 facit,
2810 4011 2978 4073 sicut
3020 4018 3084 4073 et
3141 4013 3438 4090 Vasquez
3543 4027 3718 4075 Scoto.

1891 4129 2053 4203 disp.
2127 4130 2262 4190 135.
2337 4146 2476 4206 cap.
2532 4130 2591 4188 4.
2644 4134 2708 4188 et
2766 4127 3032 4206 quidam
3098 4129 3227 4202 alii,
3289 4132 3439 4206 quia
3489 4088 3762 4202 ,ξ’,ἳξέἶῗῧὲῗ

1892 4242 2052 4306 nihil
2086 4246 2319 4305 asserit
2364 4245 2608 4305 Doctor
2655 4244 2875 4323 quoad
2909 4243 3178 4316 factum,
3228 4244 3442 4306 solum

1895 4361 2265 4423 extendens
2337 4362 2722 4438 potentiam,
2799 4366 2871 4421 ut
2926 4361 3101 4423 bene
3164 4359 3444 4423 advertit

1896 4479 2090 4541 etiam
2164 4479 2562 4540 scholiastes
2611 4477 3028 4540 venerandus
3089 4495 3279 4540 meus
3312 4482 3439 4540 Ma-

1903 4597 2111 4676 gister
2207 4601 2272 4657 et
2353 4595 2560 4657 Pater.
2653 4596 3157 4658 Conclusionem
3240 4596 3449 4673 ipsam

1897 4718 2206 4775 asserunt
2263 4713 2368 4774 alii
2402 4713 2482 4774 ab
2532 4729 2608 4774 eo
2652 4713 2846 4784 citati,
2901 4720 2966 4775 et
3010 4729 3139 4792 prae
3198 4715 3447 4774 caeteris

1902 4832 2278 4893 Paludanus
2328 4838 2544 4908 quoesl.
2611 4835 2665 4892 1.
2699 4837 2824 4894 arc.
2871 4832 2929 4892 9.
2976 4847 3056 4891 ex
3114 4832 3237 4892 alio
3296 4830 3443 4892 fun-

1902 4949 2210 5011 damento
2269 4948 2335 5009 id
2395 4950 2629 5010 asserit
2687 4950 2751 5008 in
2796 4950 3103 5027 parvuliS,
3140 4948 3250 5026 qui
3297 4957 3447 5009 ante

1907 5080 2100 5127 usum
2144 5063 2412 5126 rationis
2467 5063 2860 5136 moriuntur,
2894 5064 3044 5142 quia
3077 5066 3261 5142 putat
3305 5077 3445 5121 om·

1903 5198 2024 5244 nes
2087 5188 2220 5243 tam
2281 5181 2571 5259 Angelos
2636 5197 2832 5257 quam
2895 5179 3198 5242 homines
3272 5181 3449 5240 elec-

1907 5305 2009 5360 tos
2058 5313 2206 5360 esse
2240 5296 2324 5358 ad
2373 5296 2762 5375 inaequalem
2820 5296 3119 5374 gloriam,
3181 5301 3246 5357 et
3290 5313 3446 5357 con·

1907 5420 2284 5493 sequenter
2341 5414 2639 5494 gratiam.
2694 5411 3025 5489 Quidquid
3072 5413 3153 5473 sit
3204 5411 3286 5473 de
3331 5414 3451 5472 hac

1903 5533 2259 5601 sententia,
2324 5536 2391 5592 et
2448 5530 2593 5610 eJ'us
2686 5527 3135 5603 fundamento,
3226 5534 3448 5593 nescio

1911 5667 2042 5731 qua
2082 5649 2340 5713 ratione
2386 5649 2490 5710 alii
2533 5648 2905 5711 existiment
2950 5665 3094 5711 eam
3127 5665 3275 5710 esse
3306 5665 3445 5709 om-

3228 5762 3287 5811 31
