4255 6375
777 412 895 474 638

781 575 1202 637 honestatem
1246 580 1503 637 tenetur
1538 575 1788 654 agere?
1841 569 2176 642 Secundo,
2209 572 2334 631 hoc

784 698 1035 753 tantum
1067 695 1167 752 est
1211 689 1486 765 consilii,
1521 707 1655 752 non
1687 686 2134 768 obligationis,
2166 690 2338 749 sicut

784 807 957 867 enim
980 807 1204 886 justus
1234 820 1368 867 non
1400 810 1661 867 tenetur
1704 821 1972 880 semper
2016 819 2219 882 agere
2252 818 2335 862 ex

772 921 1021 1000 justitia
1078 926 1145 984 et
1217 921 1573 993 meritorie,
1632 919 1931 998 quamvis
1965 920 2224 998 justitia
2269 917 2333 978 in

782 1055 936 1101 eum
995 1036 1195 1100 finem
1253 1035 1405 1099 data
1475 1042 1599 1109 est,
1661 1038 1771 1132 ‚sic
1847 1037 2039 1097 etiam
2113 1050 2336 1113 neque

780 1154 1147 1218 secundum
1174 1154 1670 1216 inclinationem
1714 1153 1978 1215 rationis
2017 1168 2221 1231 agere
2251 1150 2335 1212 ad

782 1270 1041 1333 honesti
1094 1268 1335 1344 finem3
1393 1274 1460 1331 et
1516 1268 1659 1331 sola
1706 1268 1872 1329 ratio
1923 1282 2056 1328 non
2085 1264 2337 1329 inducit

436 1369 755 1485 ffgffobfffi‘}
783 1386 1278 1465 obligationem,
1324 1386 1447 1448 nisi
1488 1401 1570 1446 ex
1609 1383 1839 1462 regula
1869 1383 2216 1463 objectiva,
2250 1379 2336 1443 ad

434 1497 546 1549 sino
561 1511 686 1562 1’0811
704 1512 753 1547 ⁸·
786 1517 984 1580 quam
1018 1503 1160 1581 quis
1194 1508 1456 1565 tenetur
1488 1499 1861 1564 secundum
1890 1501 2152 1579 legem;
2195 1495 2336 1559 suf-

782 1618 914 1681 ficit
943 1636 1078 1681 non
1108 1629 1307 1700 agere
1354 1627 1580 1683 contra
1621 1620 1936 1681 rationem
1983 1622 2098 1678 aut
2135 1616 2337 1696 justi-

782 1738 961 1810 tiam,
993 1736 1076 1798 ad
1108 1737 1588 1800 observantiam
1624 1743 2092 1814 praeceptorum
2126 1749 2335 1812 nega-

787 1857 1089 1929 tivorum,
1161 1870 1284 1917 seu
1345 1855 1514 1932 legis
1586 1851 2000 1930 prohibentis
2071 1854 2330 1920 actum3

781 1971 1097 2048 prosequi
1155 1984 1307 2031 vero
1360 1966 1732 2030 secundum
1777 1969 2121 2037 rationem,
2159 1967 2338 2025 esset

783 2100 951 2163 opus
980 2084 1285 2163 praecepti
1333 2082 1722 2157 affirmativi,
1771 2081 1949 2161 quod
1998 2093 2337 2159 nunquam

784 2199 1035 2280 obligat
1064 2217 1331 2279 semper
1362 2204 1432 2262 et
1457 2216 1577 2278 pro
1609 2213 1897 2277 semper.

435 2322 755 2435 nauffiimu-
864 2316 1185 2379 Praeterea
1217 2321 1376 2379 ratio
1433 2331 1565 2378 non
1609 2315 1823 2376 solum
1862 2311 2017 2376 data
2061 2315 2185 2384 est,
2224 2312 2339 2370 aut

436 2451 528 2498 nat
562 2449 756 2520 adto-
786 2434 1050 2496 inclinat
1108 2434 1191 2496 ad
1249 2433 1497 2495 bonum
1545 2432 1922 2503 honestum,
1972 2425 2094 2490 sed
2140 2427 2337 2488 etiam

438 2514 755 2625 ἓέιῧωῗὲῗξζ
785 2548 868 2611 ad
902 2550 1326 2612 commodum
1371 2556 1437 2612 et
1481 2548 1930 2611 necessarium
1960 2547 2134 2617 vitae,
2188 2543 2337 2622 qui-

782 2667 907 2728 bus
935 2683 1158 2747 neque
1211 2683 1294 2729 ex
1339 2667 1515 2746 lege,
1578 2682 1799 2744 neque
1845 2681 1922 2726 ex
1983 2661 2334 2754 dictamine

778 2787 973 2845 rectae
997 2782 1268 2845 rationis
1299 2781 1365 2843 in
1392 2779 1789 2843 sectibilibus
1846 2783 1960 2840 aut
1988 2776 2337 2858 agibilibus

777 2899 1152 2962 necessario
1227 2899 1584 2978 conjuncta
1653 2901 1756 2958 est
1826 2896 2167 2965 honestae,
2227 2898 2338 2953 aut

774 3017 1027 3077 bonum
1056 3016 1336 3088 virtutis,
1369 3029 1516 3076 nam
1562 3018 1741 3075 recta
1785 3011 1950 3073 ratio
1994 3010 2061 3071 in
2089 3007 2335 3071 factibi-

772 3133 945 3197 libus
993 3134 1297 3213 procedit
1348 3149 1430 3195 ex
1477 3131 1831 3211 principiis
1863 3129 2042 3202 artiS,
2087 3128 2154 3189 in
2203 3128 2335 3207 agi-

774 3250 1017 3313 bilibus
1080 3268 1162 3312 ex
1191 3250 1527 3329 principiis
1571 3248 1840 3329 objecti,
1894 3251 1960 3307 et
2007 3246 2340 3324 exigentia

774 3369 1055 3432 naturali
1085 3369 1410 3442 hominis;
1472 3369 1526 3429 si
1574 3383 1733 3446 ergo
1785 3364 2125 3443 objectum
2165 3366 2340 3423 utro-

774 3484 976 3564 bique
1034 3491 1136 3547 est
1191 3484 1605 3555 indifferens,
1662 3488 1736 3544 ut
1776 3480 2148 3542 concedunt
2180 3492 2334 3538 con·

778 3605 987 3666 trariae
1032 3603 1359 3681 opinionis
1391 3608 1779 3672 assertoreS,
1827 3598 2127 3677 sequitur
2159 3594 2338 3675 quod

775 3728 955 3784 recta
997 3721 1181 3793 ratio,
1219 3735 1363 3799 quae
1395 3734 1477 3780 ex
1508 3715 1845 3796 principiis
1887 3714 2132 3794 objecti
2181 3729 2332 3791 pro-

780 3835 978 3912 cedit,
1026 3840 1258 3916 eisque
1304 3843 1618 3914 tanquam
1650 3832 1904 3911 regulae
1938 3830 2135 3909 priori
2164 3843 2336 3890 com·

775 3960 1219 4025 mensuratur,
1267 3958 1341 4016 ut
1392 3952 1459 4014 in
1520 3952 1621 4013 his
1686 3951 1954 4029 praecise
2011 3952 2333 4023 versetur,

779 4072 1116 4136 abstrahat
1144 4070 1228 4132 ab
1260 4070 1607 4131 honestate
1650 4070 1847 4130 etiam
1889 4067 1955 4127 in
1996 4066 2336 4138 exercitiO,

486 4199 751 4251 Inclinatio
780 4193 847 4251 et
902 4188 1218 4251 subsistat
1269 4184 1358 4247 ad
1416 4185 1734 4246 motivum
1788 4183 2099 4245 naturalis
2154 4182 2332 4255 boni,

432 4261 750 4375 {fftmbffif'm
784 4310 849 4367 et
909 4305 1436 4367 convenientiam
1492 4301 1739 4380 obJecti
1795 4301 1920 4361 hoc
1980 4297 2207 4374 mode,
2274 4305 2340 4359 et

780 4420 1151 4483 secundum
1208 4418 1702 4480 inclinationem
1760 4416 2155 4485 naturalem,
2204 4422 2336 4475 tam

778 4540 1084 4616 potentiae
1114 4552 1315 4615 quam
1346 4539 1572 4608 actus;
1604 4532 1786 4595 unde
1819 4535 1991 4595 sicut
2035 4549 2113 4594 ex
2157 4533 2336 4595 incli-

777 4656 1045 4716 natione
1091 4660 1285 4716 rectae
1322 4651 1619 4724 rationis,
1654 4652 1720 4712 in
1747 4649 2026 4711 materia
2060 4649 2332 4719 virtutis,

484 4839 749 4893 Inclinatio
774 4790 968 4835 nemo
1001 4777 1265 4835 tenetur
1305 4772 1372 4831 in
1402 4771 1528 4845 via,
1564 4768 1823 4847 operari
1870 4783 2140 4845 semper
2171 4767 2334 4845 opti-

431 4906 496 4957 ad
524 4904 741 4973 optima.
775 4907 907 4964 ma,
954 4891 1059 4952 vel
1120 4905 1263 4968 quae
1304 4888 1578 4950 meliora
1634 4891 1810 4961 sunt,
1888 4886 2182 4964 quamvis
2251 4882 2336 4944 ad

777 5006 913 5070 haec
958 5005 1152 5068 etiam
1210 5007 1295 5065 sit
1349 5004 1564 5080 potior
1619 5001 1956 5063 inclinatio
2018 5000 2336 5079 potentiae

779 5131 847 5189 et
891 5124 1188 5205 Justitiae,
1254 5125 1348 5185 sic
1409 5122 1611 5184 etiam
1652 5135 1875 5198 neque
1934 5113 2200 5196 agendo
2271 5116 2337 5175 in

778 5244 1052 5309 materia
1093 5239 1610 5315 indifferenti,ad
1641 5255 1838 5317 quam
1874 5240 1976 5300 est
2005 5235 2334 5298 inclinatio

779 5362 1111 5441 potentiae,
1161 5365 1420 5422 tenetur
1450 5373 1653 5437 agere
1688 5372 1767 5418 ex
1798 5354 1929 5417 fine
1964 5356 2336 5416 extrinseco

779 5486 892 5542 aut
945 5480 1248 5552 honeste,
1304 5478 1602 5555 quamvis
1649 5475 1774 5535 hoc
1827 5471 2074 5534 consilii
2118 5471 2225 5545 sit,
2275 5473 2343 5530 et

778 5596 1151 5659 secundum
1207 5595 1700 5658 inclinationem
1750 5591 2078 5671 potiorem
2135 5588 2341 5666 ipsius

1930 409 2072 471 [ΑΒ.
2122 406 2224 470 lv.
2270 402 2872 470 SENTENTIARUM

2448 570 2718 631 rationis
2743 588 2759 641 ;
2796 584 2957 648 ergo
2987 583 3211 647 neque
3243 583 3328 630 ex
3358 567 3685 628 instinctu
3713 565 3972 636 naturali,
4028 592 4076 641 ᾗ
4102 609 4126 643 n

2449 700 2671 766 neque
2719 703 2801 748 ex
2838 687 3119 758 ratione,
3171 687 3374 747 etiam
3416 682 3754 763 regulata,
3789 653 4126 777 neque&

2449 816 2532 862 ex
2561 804 2715 882 lege
2746 804 2879 864 ulla
2923 802 3368 881 promulgata,
3413 815 3644 880 neque
3678 814 3761 859 ex
3787 812 3976 860 neees-
3996 791 4127 840 m

2447 918 2642 980 sitate
2675 920 2923 991 motivi,
2965 923 3079 980 aut
3129 918 3337 996 ipsius
3393 920 3644 995 operis,
3693 916 3979 996 colligitur

2448 1034 2592 1096 talis
2665 1035 3014 1114 obligatio;
3090 1048 3296 1096 onera
3364 1036 3597 1094 autem
3669 1047 3806 1093 non
3853 1041 3974 1094 sunt

2449 1150 2873 1231 aggravanda
2902 1151 3112 1229 magis
3145 1165 3346 1228 quam
3385 1149 3494 1213 lex
3532 1156 3598 1211 et
3639 1153 3824 1210 recta
3848 1149 3978 1210 ratio

2450 1266 2722 1341 dictant,
2797 1284 2940 1346 quae
3009 1272 3162 1330 sunt
3228 1267 3464 1347 regula
3549 1263 3844 1327 formalis
3927 1271 3978 1327 et

2448 1383 2778 1463 objectiva
2822 1385 2890 1446 in
2932 1381 3218 1463 agend0.

2525 1500 2746 1578 Aliqui
2775 1501 3189 1579 respondent
3240 1502 3367 1563 hoc
3425 1507 3833 1581 praeceptum
3871 1517 3976 1562 non
4075 1507 4122 1552 Ξ

2449 1631 2599 1678 esse
2630 1620 3000 1696 positivum,
3034 1618 3155 1681 sed
3186 1617 3417 1681 reduci
3460 1619 3550 1681 ad
3605 1625 3976 1698 praeceptum
3998 1568 4127 1739 elz}

2452 1733 2535 1795 de
2567 1734 2921 1800 dilectione
2952 1738 3094 1801 Dei.
3128 1737 3390 1811 Contra,
3423 1735 3581 1800 inde
3612 1743 3978 1818 sequeretur

2449 1867 2719 1915 omnem
2774 1862 2988 1918 actum
3043 1859 3340 1916 nostrum
3401 1853 3656 1917 debere
3721 1870 3867 1917 esse
3913 1870 3979 1915 ex

2447 1966 2579 2030 fine
2632 1969 2958 2033 charitatis
3007 1969 3243 2032 divinae
3296 1970 3679 2034 secundum
3707 1971 3976 2050 obligati·

2452 2102 2648 2150 onem
2693 2065 2912 2169 hujus*
2939 2089 3269 2168 praecepti,
3304 2088 3427 2151 sed
3454 2090 3584 2151 hoc
3618 2095 3721 2151 est
3746 2087 3978 2158 falsum,

2451 2206 2604 2281 quia
2664 2204 2902 2267 dantur
2954 2208 3141 2283 ptura
3209 2213 3558 2284 praecepta,
3636 2207 3706 2266 in
3771 2204 3976 2283 quibus

2449 2320 2597 2398 quis
2669 2328 2983 2400 operatur
3063 2322 3365 2396 honeste,
3441 2338 3578 2384 non
3652 2320 3974 2384 referendo
3994 2347 4127 2412 pap

2450 2443 2671 2499 actum
2726 2439 2788 2500 in
2849 2440 3042 2502 finem
3105 2439 3455 2513 charitatiS,
3513 2439 3677 2502 licet
3735 2413 4127 2525 charitasffi

3899 2554 3910 2563 ·
3993 2537 4126 2582 rena!

2449 2552 2534 2612 sit
2562 2551 2707 2615 finis
2737 2558 3043 2633 praecepti
3093 2560 3159 2616 et
3206 2553 3399 2634 legis,
3450 2569 3587 2615 non
3645 2561 3859 2616 tamen
3895 2570 4127 2645 mmm

2454 2670 2798 2745 trinsecus,
2833 2673 2953 2734 sed
2989 2673 3403 2735 extrinsecus
3429 2670 3578 2734 finis
3628 2678 3755 2746 est,
3805 2687 3972 2750 quave
4017 2659 4127 2779 ζ

2453 2786 2535 2848 do
2606 2804 2742 2850 non
2812 2792 2881 2850 in
2947 2792 3214 2868 propria
3275 2790 3553 2851 materia
3627 2802 3973 2858 versamur;

2450 2902 2592 2965 talis
2624 2920 2758 2966 non
2789 2905 2963 2967 cadit
3005 2906 3124 2968 sub
3176 2911 3508 2986 praecepto
3546 2905 3733 2983 quod
3763 2909 3973 2966 tantum

2448 3021 2715 3095 respicit
2754 3018 3073 3088 medium.
3126 3037 3312 3100 erge,
3365 3025 3494 3082 etc.
3562 3020 3846 3100 Sequela
3892 3012 4127 3128 flffiffi

2448 3136 2791 3215 probatur,
2825 3139 3425 3218 quiaypraeceptum
3470 3137 3556 3201 de
3599 3136 3759 3211 fine,
3812 3135 4126 3246 qualeae}

2448 3260 2549 3314 est
2605 3253 2998 3331 dilectionis,
3071 3260 3283 3338 magis
3344 3255 3749 3319 determinat
3789 3251 3976 3315 media
3992 3271 4126 3373 ug:

2446 3386 2567 3448 per
2613 3387 2686 3434 se
2732 3372 3033 3435 ordinata
3074 3372 3162 3435 ad
3210 3372 3431 3448 finem,
3491 3378 3561 3435 et
3604 3389 3691 3435 ex
3747 3371 3972 3449 objecto

2448 3502 2569 3549 suo
2617 3492 2683 3550 et
2725 3488 2855 3552 fine
2903 3491 3319 3571 legislatoris,
3370 3507 3576 3569 quam
3615 3490 3704 3551 ad
3729 3489 3829 3551 illa
3859 3503 3976 3566 quae

2457 3619 2540 3665 ex
2582 3604 2836 3682 objecto
2886 3607 3134 3668 nullam
3179 3606 3428 3669 habent
3475 3604 3563 3668 ad
3609 3604 3808 3668 finem
3847 3618 3974 3682 pro·

2454 3724 2826 3799 portionem
2913 3729 3028 3787 aut
3116 3723 3498 3799 efficaciam,
3581 3723 3707 3786 sed
3802 3736 3971 3799 opera

2450 3838 2723 3901 aliarum
2755 3840 3068 3902 virtutum
3099 3844 3252 3903 sunt
3295 3840 3513 3902 media
3557 3840 3748 3918 primi
3795 3852 3974 3918 gene·

2449 3958 2560 4031 riS,
2598 3955 2749 4033 quia
2782 3958 2904 4021 ista
2932 3966 3089 4020 sunt
3118 3959 3357 4036 quibus
3385 3972 3724 4020 meremur
3747 3952 3970 4017 laudem

2452 4082 2562 4135 aut
2591 4074 3014 4150 vituperium,
3061 4082 3126 4136 et
3171 4076 3237 4135 in
3281 4073 3521 4151 quibus
3579 4078 3716 4133 tam
3755 4070 3876 4141 lex,
3917 4068 3972 4126 ut

2451 4179 2710 4242 ordinat
2759 4178 2843 4241 ad
2894 4178 3097 4241 finem
3142 4180 3494 4247 charitatis,
3551 4194 3752 4256 quam
3810 4179 3972 4237 etiam

2451 4293 2632 4349 recta
2673 4290 2839 4351 ratio
2872 4305 2995 4349 seu
3053 4286 3400 4365 prudentia
3443 4290 3768 4347 versatur.

2533 4396 2752 4473 Opera
2797 4403 3022 4458 autem
3076 4393 3517 4458 indifferentia
3590 4410 3676 4454 ex
3743 4390 3966 4468 objecto

2455 4504 2609 4565 nihil
2670 4504 3057 4565 conducunt
3113 4502 3198 4565 ad
3252 4501 3477 4575 finem,
3539 4515 3764 4579 neque
3817 4499 3968 4558 aliam

2451 4616 2733 4687 possunt
2776 4611 3026 4672 habere
3073 4612 3489 4672 honestatem
3533 4614 3772 4686 praeter
3805 4606 3970 4669 iilam.

2454 4732 2599 4796 quae
2630 4721 2732 4777 est
2763 4718 2966 4778 solius
3007 4716 3189 4791 finis;
3244 4732 3404 4795 ergo
3436 4733 3471 4776 a
3501 4713 3756 4776 fortiori
3797 4714 3972 4773 minus

2455 4822 3118 4901 comprehenduntur
3146 4824 3265 4884 sub
3298 4827 3627 4899 praecepto
3691 4818 3973 4882 charitatis

2452 4930 2792 5005 naturaliS,
2828 4936 2942 4992 aut
2965 4931 3481 5007 supernaturalis
3522 4915 3974 5007 divinae,‘quam

2453 5055 2655 5116 opera
2707 5038 3042 5109 virtutum,
3089 5052 3236 5114 quae
3291 5043 3514 5098 tamen
3575 5052 3697 5114 per
3751 5052 3822 5097 se
3873 5047 3974 5093 non

2456 5145 2701 5207 cadunt
2754 5144 2860 5206 hic
2920 5149 2987 5205 et
3050 5160 3248 5218 nunc,
3310 5149 3377 5204 et
3420 5143 3852 5205 determinate
3879 5140 3972 5202 suh

2453 5258 2784 5332 praecepto
2843 5252 3225 5314 dilectionis,
3287 5252 3411 5313 Per
3466 5252 3594 5312 hoc
3655 5248 3974 5314 excluditur

2454 5362 2799 5438 responsio
2845 5360 3144 5432 aliorum,
3200 5361 3312 5438 qui
3383 5358 3616 5442 dicunt
3674 5361 3798 5422 hoc
3847 5370 3966 5435 prae·

2457 5475 2724 5548 ceptum
2768 5486 2917 5531 esse
2961 5468 3284 5542 naturale,
3340 5472 3567 5532 tamen
3619 5487 3753 5532 non
3795 5466 3968 5529 deter-

2455 5580 2708 5641 minant
2737 5579 3031 5657 speciem
3074 5577 3245 5657 eJus.
