4255 6375
845 336 966 399 650
1986 344 2132 407 1218.
2167 344 2268 406 iv.
2303 343 2905 410 SENTENTIARUM

2509 507 2737 584 gnatio
2795 515 3056 586 spectat
3096 512 3182 574 ad
3241 512 3725 578 fundamentum
3758 520 3943 585 alteiius

1308 613 1948 679 COMMENTARIUS.
2512 624 2900 698 quaestionis
2975 625 3060 687 de
3129 629 3436 708 subjecto
3477 636 3704 712 gratiae,
3745 637 3946 699 sicilici

2511 739 2739 812 tertiae,
2820 740 2902 802 de
2978 745 3217 821 quibus
3272 763 3394 809 suo
3452 749 3595 809 loco
3660 754 3830 830 magis
3880 763 3945 817 esi
4067 795 4082 818 .

924 832 1018 915 (h)
1048 836 1166 895 Hic
1204 842 1291 897 est
1335 837 1574 913 opinio,
1626 842 1753 900 etc.
1789 838 1989 900 Variae
2037 846 2192 898 sunt
2247 838 2393 915 opi·
2506 849 2992 917 disserendum,

488 930 781 1057 Subjgktum
847 948 1082 1010 niones
1127 951 1481 1012 Doctorum
1535 951 1602 1014 in
1643 952 1767 1015 hac
1811 953 2203 1032 quaestione,
2256 971 2388 1015 ma-

484 1052 816 1105 characteris.
846 1066 949 1147 gis
1017 1067 1268 1146 prolixe
1347 1086 1544 1148 quam
1630 1070 1922 1147 proficue
1999 1075 2382 1133 tractantur.
3069 1081 3487 1142 SCHOLIUM.

786 1153 789 1160 Ι
845 1183 1039 1243 Sotus
1111 1182 1392 1262 imponit
1462 1185 1796 1257 Durando,
1863 1185 2043 1265 quod
2115 1185 2378 1267 subjec-

842 1301 978 1358 tum
1044 1298 1189 1377 ejus
1247 1301 1334 1362 Sit
1388 1315 1667 1377 comum
1731 1301 1851 1364 sed
1908 1281 2063 1362 hoc·
2105 1318 2239 1364 non
2293 1303 2381 1363 vi·
2568 1274 3009 1334 characterem
3040 1280 3386 1351 subJectari
3419 1284 3485 1340 in
3533 1286 3838 1343 voluntate.
3862 1291 3958 1346 Pri-

2498 1384 2616 1438 m0,
2643 1375 2787 1442 quia
2816 1378 3038 1444 gratia,
3072 1393 3211 1448 quae
3241 1386 3334 1437 est
3370 1382 3590 1439 eadem
3627 1385 3887 1452 charitati,
3911 1405 3958 1444 ex

2491 1472 2545 1524 2.
2573 1468 2631 1524 d.
2667 1473 2758 1526 26.
2795 1472 3177 1543 subjectatur
3209 1479 3274 1533 in
3308 1494 3400 1534 ea.
3438 1482 3734 1550 Secundo,
3762 1487 3881 1555 quia
3902 1492 3960 1540 est

2491 1569 2745 1637 signum
2776 1571 3177 1643 obligationis
3206 1581 3437 1634 animae
3471 1580 3551 1636 ad
3585 1585 3779 1649 Deum,
3805 1591 3852 1639 et
3874 1596 3962 1646 ani-

588 1653 712 1727 Esse
836 1653 1324 1726 consequenter
1375 1655 1596 1712 tamen
1653 1649 1739 1711 ad
1802 1650 2181 1727 opinionem
2236 1650 2370 1710 Du·
2493 1681 2592 1722 ma
2625 1669 2978 1727 formaliter
3031 1679 3090 1729 et
3127 1676 3574 1748 principaliter
3614 1695 3720 1752 per
3744 1685 3962 1744 volunta-

506 1719 789 1767 h⁰m¹⁰⁶m'
829 1761 1018 1823 randi
1074 1772 1300 1842 posset
1344 1766 1471 1828 dici
1526 1768 1901 1846 subjectum
1961 1784 2110 1829 esse
2168 1773 2372 1830 totum
2489 1769 2610 1820 tem
2642 1766 2977 1839 obligatur.

826 1876 1179 1954 hominem,
1243 1883 1397 1945 licet
1447 1886 1747 1961 vasquez
1800 1885 1988 1946 aliter
2040 1885 2364 1962 iuterpre-

827 2003 1001 2060 tetur
1044 2016 1218 2060 eum.
1269 2001 1591 2063 Aureolus
1637 2002 1704 2061 in
1747 2000 1806 2061 4.
1855 2001 1997 2062 dish
2050 2003 2110 2062 4.
2147 2006 2363 2077 quaest.
2571 1995 2668 2084 (c)
2743 1997 2944 2070 Dico
3023 2021 3225 2094 ergo
3304 2008 3399 2079 ad
3469 2015 3958 2101 quaestionem,
4043 2025 4054 2056 *

827 2118 880 2176 l.
942 2120 1069 2177 art.
1120 2117 1183 2177 4.
1258 2115 1414 2178 dicit
1482 2116 1839 2196 subjectari
1931 2117 1995 2177 in
2080 2119 2366 2178 essentia
2482 2116 3000 2204 supponendo
3047 2118 3222 2202 hoc,
3277 2127 3488 2215 quod
3533 2129 3964 2204 declaratum

823 2232 1077 2303 animae,
1139 2249 1338 2312 quam
1409 2234 1810 2295 sententiam
1906 2238 2177 2294 secutus
2266 2239 2367 2295 est
2480 2232 2604 2301 est
2645 2232 2711 2300 2.
2750 2235 2864 2300 lib.
2901 2238 3058 2306 dist.
3096 2240 3204 2311 26.
3253 2240 3568 2315 scilicet
3611 2247 3700 2317 de
3730 2249 3962 2338 gratia.

819 2347 1136 2411 Marsilius
1208 2355 1418 2425 quaest.
1453 2349 1511 2410 4.
1559 2355 1685 2412 art.
1737 2350 1790 2409 1.
1839 2351 1927 2411 ad
1968 2352 2026 2409 2.
2067 2351 2359 2412 dubium.
2481 2347 2685 2436 quod
2755 2354 2879 2422 est
2942 2352 3142 2425 idem
3215 2378 3399 2429 cum
3468 2360 3873 2444 charitate,
3913 2372 3966 2438 et

816 2468 1059 2528 suarez
1102 2469 1265 2544 disp.
1334 2473 1428 2532 11.
1528 2475 1679 2529 sect.
1724 2469 1791 2528 4.
1845 2469 2146 2545 vasquez
2198 2470 2359 2544 disp.
2479 2482 2624 2553 per
2664 2485 3187 2560 consequens,
3252 2477 3373 2545 est
3433 2478 3704 2568 primo
3763 2481 3831 2552 in
3877 2503 3967 2574 po

820 2586 956 2648 134.
1013 2604 1155 2664 cap.
1230 2589 1291 2649 4.
1345 2587 1608 2649 Gabriel
1653 2588 2059 2666 prohabilem
2135 2588 2357 2649 existi·
2482 2580 2761 2663 tentia,
2863 2584 3172 2660 scilicet
3262 2589 3340 2661 in
3421 2594 3853 2674 voluntate,
3913 2601 3966 2667 et

820 2709 957 2766 mat
1029 2713 1243 2781 quaest.
1309 2707 1369 2766 2.
1430 2712 1555 2766 art.
1619 2707 1677 2768 3.
1737 2707 1884 2767 dub.
1953 2709 2014 2767 2.
2075 2707 2358 2779 Alensis,
2475 2695 2845 2781 ulterius,
2929 2705 3132 2794 quod
3199 2705 3359 2779 ista
3424 2709 3842 2803 dispositio
3902 2715 3966 2784 ad

562 2854 687 2902 Em
816 2819 1145 2890 Asperius,
1191 2820 1268 2880 D.
1329 2821 1783 2883 Bonavontura
1845 2827 2139 2886 statuunt
2210 2840 2359 2885 esse
2472 2810 2828 2885 formam
2878 2823 3001 2891 est
3071 2820 3148 2892 in
3218 2825 3495 2896 eodem
3567 2830 3966 2921 susceptivo

514 2914 713 3033 ῑξξθέἑξζ
814 2939 881 2999 in
923 2935 1237 3015 imagine,
1270 2935 1334 2996 id
1381 2941 1505 3006 est,
1577 2937 1915 2999 voluntate
1949 2945 2016 2999 et
2055 2941 2357 3002 intellec·
2474 2948 2654 3001 clim
2729 2931 3035 3016 f01·ma;
3118 2937 3558 3015 character
3618 2950 3867 3018 autem
3920 2949 3967 3017 si

817 3056 911 3123 tu,
990 3051 1110 3112 sed
1197 3050 1618 3131 principalius
1688 3055 1756 3115 in
1824 3056 2187 3118 intellectu.
2279 3060 2352 3118 D.
2476 3052 2831 3135 ponatur
2862 3049 2942 3121 in
2973 3073 3128 3124 esse.
3180 3059 3764 3133 convenienter
3799 3063 3969 3155 poni·

809 3166 1093 3229 Thomas
1136 3166 1219 3229 ah
1265 3167 1591 3246 aliquibus
1652 3172 1888 3231 citatur
1943 3187 2059 3248 pro
2120 3171 2357 3234 eadem
2473 3164 2609 3233 tur
2683 3162 3114 3257 dispositio
3185 3172 3281 3244 ad
3328 3177 3694 3265 gratiam
3754 3198 3968 3253 sacra-

812 3285 1124 3360 opinione
1157 3293 1375 3361 quaest.
1408 3287 1510 3346 63.
1547 3291 1673 3349 art.
1725 3286 1784 3347 4.
1836 3295 2217 3363 aryumento
2274 3293 2363 3352 ad
2472 3279 2933 3366 mentalem,
3026 3290 3113 3358 ut
3209 3292 3631 3365 ostensum
3727 3299 3836 3367 est
3915 3297 3966 3366 in

812 3403 1654 3478 oppositum;responsione
1700 3409 1923 3465 autern
1954 3407 2054 3466 ad·
2096 3409 2358 3468 tertium
2471 3395 2877 3469 solutione
2947 3406 3470 3493 praecedentis
3553 3413 3966 3503 quaestionis

808 3519 1092 3579 sustinet
1138 3532 1284 3578 esse
1317 3520 1384 3579 in
1426 3519 1788 3593 intellectu,
1821 3537 2020 3599 quem
2055 3537 2350 3599 sequun-
2467 3510 2555 3581 de
2598 3510 3080 3589 charactere
3124 3518 3202 3590 in
3255 3522 3525 3613 prima
3577 3548 3964 3621 congruen-

811 3638 914 3695 tur
983 3633 1361 3713 cajetanus,
1424 3642 1487 3699 et
1541 3636 1777 3716 reliqui
1850 3640 1994 3718 ejus
2052 3637 2354 3718 discipuli
2469 3625 2626 3708 tia;
2709 3649 2907 3720 ergo
2986 3654 3435 3726 congruum
3514 3649 3646 3715 est
3721 3664 3964 3736 ponere

810 3765 959 3810 cum
1030 3750 1350 3812 Richardo
1395 3752 1540 3813 dist.
1601 3754 1660 3814 5.
1723 3761 1848 3815 art.
1908 3757 1970 3815 2.
2032 3762 2247 3831 quaest.
2289 3760 2347 3818 2.
2466 3742 3028 3821 characterem
3074 3748 3542 3830 formaliter
3603 3759 3685 3831 in
3740 3763 3962 3833 veluu-

483 3896 761 3962 Dispositio
891 3867 1065 3927 Hanc
1109 3868 1454 3947 impugnat
1502 3869 1744 3931 Doctor
1782 3871 1848 3930 in
1888 3877 2195 3947 praesenti
2224 3874 2264 3953 g
2296 3878 2344 3936 l.
2462 3862 2659 3934 tate.

454 3973 759 4073 perzzanigns
810 3981 965 4060 quia
1006 3983 1217 4060 gratia
1264 3987 1365 4043 est
1408 3986 1474 4046 in
1515 3986 1803 4047 essentia
1847 3986 2077 4051 animae
2133 4007 2215 4055 ex
2273 3994 2341 4055 D.
2553 3980 2654 4051 Et
2686 3978 2838 4055 hoc
2872 3987 3436 4075 confirmatur,
3475 3997 3672 4086 quia
3719 3998 3782 4069 si
3819 3997 4042 4113 cha-J

489 4087 735 4213 ffiffii'o,
807 4099 1054 4163 'rhoma
1101 4099 1168 4160 in
1231 4100 1283 4159 l.
1332 4102 1475 4161 dist.
1525 4102 1586 4163 2.
1642 4108 1698 4163 et
1753 4111 1925 4179 part.
1975 4114 2194 4182 quoest.
2242 4112 2342 4172 77.
2466 4099 2742 4169 racter
2787 4108 2910 4175 est
2962 4104 3308 4197 signum,
3359 4111 3486 4182 vel
3541 4104 4074 4235 fundamen-*4

452 4210 742 4325 0⁸2⁰,AEss
811 4223 936 4279 art.
967 4218 1028 4280 6.
1094 4217 1428 4279 character
1482 4225 1705 4281 autem
1737 4225 1837 4282 est
1877 4221 2213 4300 dispositio
2262 4230 2343 4291 ad
2463 4215 2633 4285 tum
2687 4215 3208 4308 obligationis
3240 4224 3534 4298 animae
3587 4231 3687 4303 ad
3724 4232 3958 4308 Deum,
3989 4250 4094 4300 „is

754 4313 766 4325 “
805 4335 1114 4414 gratiam
1153 4351 1312 4415 ergo
1357 4352 1490 4397 non
1522 4342 1624 4397 est
1677 4337 1742 4399 in
1788 4340 2005 4417 aliquo
2066 4359 2339 4422 suscep·
2461 4329 2946 4407 rationabile
2970 4344 3120 4419 est,
3149 4342 3350 4430 quod
3379 4347 3960 4435 ponatur-milla

805 4452 932 4514 tivo
1005 4455 1349 4528 posteriori
1406 4454 1549 4530 ipsa
1619 4456 1905 4516 essentia
1977 4459 2208 4523 animae
2277 4463 2341 4524 in
2461 4449 2846 4538 potentia,
2893 4455 3123 4543 cujus
3164 4462 3286 4531 est
3321 4461 3593 4551 primo
3633 4465 3956 4557 obligari.

799 4585 929 4648 qua
980 4574 1081 4632 est
1133 4570 1365 4649 gratia.
1425 4574 1896 4649 Argumentum
1940 4575 2066 4639 hoc
2097 4578 2334 4642 intelli·
2456 4564 2581 4634 VCl
2640 4588 2818 4639 GSSO
2882 4572 3283 4645 rationem
3327 4577 3772 4669 Obligassdi3
3817 4581 3959 4655 taliS

792 4686 860 4766 gi
919 4685 1122 4749 debet
1168 4686 1251 4748 de
1294 4685 1719 4764 dispositione
1766 4700 2224 4767 permanente,
2273 4702 2340 4758 et
2455 4687 2726 4756 autem
2776 4690 2898 4758 est
2961 4689 3360 4774 voluntas,
3417 4696 3612 4786 quia
3677 4700 3960 4791 praecise

790 4819 924 4864 non
977 4807 1232 4864 tantum
1275 4801 1357 4865 de
1406 4801 1835 4882 dispositione
1892 4807 2158 4872 tollente
2215 4814 2335 4871 im·
2455 4817 2599 4888 per
2656 4799 2829 4891 ejus
2892 4808 3166 4878 actum
3217 4807 3515 4901 aliquis
3573 4836 3667 4887 se
3709 4814 3959 4905 obligat

789 4919 1244 5000 pedimenlum
1300 4919 1541 4982 formae.
1591 4922 1722 4984 Sed
1774 4926 1925 5001 quia
1967 4926 2159 4988 variis
2189 4944 2330 4988 mo·
2452 4915 3059 5008 principaliter3
3109 4922 3249 4994 illa
3298 4927 3542 5010 enim,
3618 4953 3789 5024 quae
3823 4949 3959 5004 con·

788 5040 886 5102 dis
915 5040 1197 5102 sumitur
1238 5036 1602 5116 dispositio,
1652 5041 1803 5105 ideo
1854 5045 2028 5105 varie
2060 5045 2333 5124 quidem
2448 5036 2792 5106 currunt
2857 5034 2963 5106 ibi
3039 5058 3138 5109 ex
3209 5048 3440 5132 parte
3513 5046 3954 5125 intellectus,

779 5152 1212 5233 respondent,
1245 5155 1350 5216 vel
1384 5155 1695 5236 negando
1744 5157 2199 5220 characterem
2231 5177 2329 5223 es·
2447 5149 2571 5221 vel
2631 5150 2974 5224 alterius
3055 5160 3438 5248 potentiae
3510 5164 3592 5236 in
3661 5166 3950 5243 homine,

780 5290 855 5336 se
885 5274 1381 5350 dispositionem
1425 5275 1659 5336 saltem
1707 5279 1993 5354 proprie,
2040 5280 2144 5340 vel
2176 5280 2325 5341 sim·
2446 5286 2604 5337 non
2649 5273 2834 5341 sunt
2883 5270 3040 5343 nisi
3084 5276 3440 5365 quaedam
3509 5280 3948 5371 praeambula

783 5388 1036 5467 pliciter
1064 5388 1130 5450 in
1159 5402 1413 5469 genere
1470 5389 1746 5470 physico
1778 5398 1890 5453 aut
1921 5394 2173 5467 morali,
2207 5397 2329 5457 sed
2445 5382 2540 5453 ad
2571 5382 2898 5457 firmum
2932 5388 3161 5469 velle,
3206 5393 3416 5483 quod
3468 5403 3598 5472 est
3651 5399 3946 5473 rationa-

788 5524 921 5571 non
972 5510 1151 5572 lubet
1187 5508 1327 5589 ⁸jam
1376 5508 1475 5569 his
1531 5508 1880 5572 inhaerere.
1931 5512 2067 5577 Alia
2108 5514 2329 5592 impu·
2443 5499 2718 5575 biliter
2761 5524 3238 5599 proponere,
3305 5513 3431 5585 vel
3483 5537 3800 5597 vovere,
3854 5513 3940 5587 vel

840 1411 1034 1476 detur
1114 1418 1500 1491 asseruisse,
1588 1434 1810 1495 neque
1909 1417 2035 1479 dici
2136 1423 2374 1495 potest,

835 1530 986 1606 quia
1031 1546 1069 1591 a
1110 1531 1414 1594 Conciliis
1473 1530 1781 1595 definitur
1814 1550 1963 1595 esse
2008 1537 2075 1595 in
2132 1534 2373 1606 anima,
