4255 6375
588 2352 666 2403 44.

837 332 955 393 301

824 492 1002 559 sterii
1037 495 1571 587 Trinitatis,quod
1599 504 1983 589 proponitur
2012 505 2079 571 in
2112 506 2358 583 forma;

823 609 1097 699 ideoque
1135 613 1444 702 Magister
1493 618 1564 683 in
1622 618 1840 687 littera
1881 621 2361 689 invocationem

819 740 883 791 et
975 726 1167 796 fidem
1261 754 1376 799 seu
1471 736 1950 805 confessionem
2022 740 2361 806 Trinitatis

815 862 1203 931 synonyme,
1255 861 1319 915 et
1361 870 1490 916 non
1556 852 1679 918 sub
1745 853 2185 942 disjunctione
2249 866 2362 921 aut

813 956 1191 1029 diversitate
1221 964 1464 1045 sumit;
1501 966 1672 1053 quod
1717 970 2104 1037 Ambrosius
2136 972 2217 1039 ab
2246 993 2357 1038 eo-

810 1070 955 1138 dem
984 1075 1222 1144 citatus
1262 1078 1437 1161 facit,
1481 1095 1546 1147 et
1584 1082 2125 1154 Altisiodorensis
2157 1098 2351 1154 tract.

810 1191 874 1254 3.
931 1212 1077 1278 cap.
1121 1197 1186 1272 4,
1239 1208 1465 1281 quoest.
1515 1203 1579 1264 4.
1623 1198 1820 1267 fidem
1896 1215 1962 1269 et
2042 1204 2357 1270 unitatem

811 1306 922 1371 Dei
987 1306 1228 1375 debere
1314 1313 1594 1400 exprimi
1647 1316 1712 1382 in
1744 1316 1953 1385 forma
2012 1320 2351 1407 Baptismi,

810 1439 1078 1489 sumens
1154 1423 1263 1492 illa
1327 1447 1714 1516 synonyme,
1761 1452 1997 1521 nempe
2041 1435 2247 1517 fidem
2293 1450 2358 1502 et

814 1538 1150 1620 unitatem,
1205 1542 1309 1609 cui
1340 1547 1760 1614 consentiunt
1793 1551 2015 1616 Patres
2051 1550 2257 1616 citati.

899 1655 994 1719 Ex
1037 1654 1137 1721 his
1183 1670 1357 1744 patet
1386 1660 1466 1727 ad
1514 1664 1899 1743 secundum,
1938 1665 2110 1732 illam
2147 1668 2355 1754 parti-

814 1767 1048 1849 culam,
1121 1773 1222 1838 vel
1287 1775 1352 1839 in
1392 1797 1486 1858 se,
1556 1779 1659 1845 vel
1699 1780 2176 1867 aequivalenter
2240 1804 2350 1850 ex·

815 1903 1131 1969 pressam,
1191 1910 1338 1958 esse
1402 1893 1947 1974 substantialem;
2022 1897 2195 1964 unde
2233 1899 2349 1985 qui

725 2084 730 2089 ἡ
809 1999 1050 2069 diceret
1087 2005 1158 2071 in
1183 2008 1576 2090 nominibus,
1616 2012 1690 2077 in
1728 2014 2262 2095 auctoritatibus,
2281 2017 2351 2081 in

798 2121 1226 2203 potestatibus
1283 2124 1511 2192 Patris
1553 2142 1612 2193 et
1661 2128 1856 2209 Filii,
1897 2144 2023 2197 etc.
2054 2131 2222 2197 nihil
2248 2131 2351 2197 fa-

808 2247 1004 2302 cerel..

891 2350 1012 2417 Sed
1079 2354 1234 2440 quid
1301 2357 1671 2440 dicendum,
1747 2383 1830 2429 an
1892 2363 2207 2450 particula
2275 2366 2349 2430 in

801 2466 904 2532 vel
939 2490 1062 2554 per
1093 2470 1493 2541 sufficienter
1530 2476 1792 2546 denotet
1832 2480 2149 2548 unitatem
2192 2502 2336 2568 per-

805 2586 1173 2653 sonarum?
1221 2601 1290 2655 ut
1356 2591 1411 2658 si
1460 2594 1602 2680 quis
1674 2595 1954 2683 baptizet
2013 2600 2083 2665 in
2138 2599 2347 2665 Patre

803 2710 864 2765 et
921 2700 1098 2769 Filio
1148 2716 1208 2770 et
1246 2708 1510 2793 Spiritu
1555 2713 1837 2779 sancto?
1890 2714 1990 2781 vel
2044 2736 2168 2801 per
2216 2716 2345 2781 Pa·

807 2825 971 2883 trem
1009 2830 1069 2885 et
1107 2821 1360 2890 Filium
1387 2836 1448 2891 et
1486 2829 1819 2914 Spiritum
1854 2844 2178 2913 sanctam,
2217 2845 2340 2899 etc.

492 2950 744 3015 vasquez.
800 2934 971 3021 quod
1020 2937 1288 3024 perinde
1335 2954 1458 3010 est.
1504 2946 1796 3033 vasquez
1835 2960 1901 3014 et
1939 2948 2046 3016 alii
2091 2951 2342 3017 moder·

804 3050 869 3116 ni
906 3052 1209 3123 videntur
1242 3078 1482 3147 negare
1539 3062 1938 3149 Baptismum
1980 3087 2126 3133 esse
2183 3067 2343 3134 vali·

803 3165 983 3251 dum,
1034 3171 1186 3259 quia
1224 3172 1416 3243 debet
1470 3179 1748 3265 exprimi
1817 3180 2032 3251 unitas
2080 3181 2343 3251 divina-

804 3305 945 3353 rum
1007 3309 1433 3375 personarum
1474 3294 1540 3360 in
1593 3296 1824 3366 forma.
1886 3301 2342 3386 Respondetur

460 3432 765 3503 Responsio.
800 3410 1040 3482 tamen,
1076 3404 1259 3472 salvo
1293 3407 1544 3476 meliori
1586 3411 1858 3498 judiciO,
1898 3413 1965 3479 in
2000 3415 2104 3480 illa
2137 3416 2341 3482 forma

800 3517 1200 3588 sufficienter
1265 3525 1546 3611 exprimi
1586 3528 1921 3611 unitatem,
1958 3533 2071 3619 qui
2113 3534 2338 3620 expri-

800 3631 999 3701 mitur
1038 3635 1103 3702 in
1135 3657 1209 3704 ea
1266 3660 1462 3708 causa
1491 3642 1868 3731 principalis
1919 3648 2338 3715 sanctificans

795 3760 859 3815 et
925 3750 1055 3818 illae
1128 3757 1614 3843 propositiones
1638 3762 1710 3826 in
1758 3774 1821 3828 et
1846 3764 2342 3851 perdesignant

792 3868 1245 3937 auctoritatem
1293 3886 1357 3939 et
1417 3887 1803 3961 potestatem
1853 3880 2052 3946 trium
2115 3902 2335 3967 perso·

789 4002 1019 4051 narum
1090 4008 1310 4056 unam.
1377 3992 1560 4058 Unde
1599 3995 1945 4080 Apostolus
1986 3996 2065 4062 ad
2098 4001 2335 4065 Roma-

786 4118 907 4166 nos
948 4104 1011 4168 6.
1090 4104 1493 4194 Quicumque
1557 4108 1884 4196 baptizati
1945 4134 2171 4179 sumus
2259 4117 2335 4180 in

792 4215 1058 4284 Christo
1086 4219 1394 4300 Jesu,etc.
1430 4223 1508 4289 ad
1528 4224 1781 4292 Galatas
1823 4231 1885 4292 3.
1931 4229 2335 4316 Quicumque

786 4333 857 4398 in
903 4334 1169 4402 Christo
1222 4338 1375 4404 Iesu
1428 4339 1754 4426 baptizati
1807 4345 1984 4422 estis,
2063 4358 2188 4413 etc.
2254 4345 2333 4412 ad

787 4449 1107 4536 Ephesios
1155 4451 1218 4523 Ι.
1272 4455 1493 4520 Nolite
1540 4459 1937 4525 contristare
1995 4462 2332 4547 Spiritum

783 4577 1086 4633 sanctum
1143 4570 1283 4650 Dei,
1335 4572 1408 4636 in
1469 4593 1594 4659 quo
1659 4576 1913 4660 sz'qnati
1969 4578 2149 4656 estis,
2198 4590 2324 4646 etc.

785 4679 864 4746 ad
924 4681 1167 4751 coloss
1208 4688 1270 4752 2.
1309 4687 1382 4752 in
1411 4708 1537 4773 quo
1567 4689 1943 4756 circumcisi
1991 4694 2166 4772 estiS,
2198 4705 2325 4760 etc.

783 4797 1032 4872 Quibus
1097 4798 1166 4865 in
1203 4799 1363 4868 locis
1425 4803 1739 4888 particula
1809 4806 1886 4871 in
1974 4827 2054 4873 ex
2139 4808 2329 4875 modo

785 4909 1090 5001 loquendi
1143 4917 1495 5004 Scripturas
1560 4919 1863 5007 designat
1942 4935 2326 5009 potestatem

784 5031 1329 5100 etauctoritatem
1378 5035 1577 5102 trium
1631 5058 2081 5124 personarum,
2120 5041 2327 5107 maxi-

793 5166 895 5212 me
917 5148 1108 5235 juxta
1144 5151 1620 5236 expositionem
1652 5174 1905 5237 eorum,
1941 5157 2050 5244 qui
2088 5168 2328 5244 negant

787 5261 992 5331 fuisse
1068 5264 1257 5333 aliter
1286 5267 1507 5334 datum
1551 5270 1911 5356 Baptisma,
1950 5285 2014 5339 et
2054 5273 2324 5355 perinde

781 5392 882 5447 est
938 5381 1153 5450 dicere
1217 5383 1554 5472 baptizari
1611 5388 1685 5453 in
1728 5389 1994 5455 Christo
2023 5390 2198 5464 Iesu.
2249 5411 2324 5457 ac

758 5497 1118 5586 baptizari
1162 5501 1238 5567 in
1303 5504 1571 5569 nomine
1624 5505 1881 5572 Christi
1943 5507 2121 5573 Iesu.

2006 344 2150 405 LlB.
2195 344 2299 406 Ν.
2346 344 2943 412 88ΝΙἘΝΤΙΔΒΠΜ

2565 512 2774 586 Quam
2826 512 3100 581 formam
3158 515 3475 602 loquendi
3502 519 3778 603 expressit
3818 524 3912 587 Pe·
4076 498 4077 569 l

2474 636 2618 690 trus
2652 633 2792 693 Act.
2840 631 2904 694 2.
2953 631 3351 716 Baptizetur
3406 636 3798 721 unumquisque
3821 659 3921 703 uex-

2474 751 2653 805 trum
2679 743 2747 806 in
2773 745 3042 810 nomine
3076 747 3354 813 Domini
3392 752 3600 815 nostri
3621 751 3747 815 lesu
3773 752 3929 817 Chri·

2469 856 2886 944 sti,etc.ergo
2917 860 3147 928 eodem
3179 863 3372 930 modo
3392 864 3701 951 significat
3721 880 3936 952 potesta-

2469 983 2627 1050 tem,
2671 986 2738 1038 et
2792 998 3031 1041 nornen
3096 979 3325 1044 Patris
3381 992 3444 1045 et
3480 980 3641 1045 Filii
3682 992 3736 1046 et
3770 982 3938 1068 Spiri-

2470 1095 2572 1152 tus
2606 1092 2846 1169 sancti,
2901 1092 3098 1160 etiam
3137 1096 3262 1161 sub
3307 1096 3558 1163 ratione
3588 1096 3818 1164 unitatis
3846 1120 3934 1164 seu

2469 1203 2689 1283 unius,
2733 1206 2928 1273 etiam
2968 1208 3048 1275 de
3078 1211 3299 1298 rigore
3328 1215 3646 1279 sermonis
3696 1215 3933 1302 quoniam

2468 1317 2612 1384 sine
2668 1320 3062 1403 differentia,
3153 1341 3218 1393 et
3304 1328 3708 1395 uniformiter
3756 1330 3940 1395 adu-es

2469 1456 2783 1521 personas
2815 1440 3116 1521 refertur,
3179 1458 3244 1510 et
3282 1443 3596 1531 supponit
3640 1466 3746 1531 pro
3785 1458 3941 1530 potes-

2467 1565 2621 1631 tate,
2702 1576 2898 1642 quam
2965 1555 3030 1622 in
3100 1579 3172 1624 re
3231 1559 3373 1645 ipsa
3442 1562 3678 1627 habent
3748 1581 3940 1637 unam;

2468 1689 2587 1735 nec
2667 1672 3026 1758 requiritur
3072 1677 3416 1761 expressio
3487 1678 3753 1743 unitatis
3800 1676 3942 1742 aliter

2463 1807 2657 1873 quam
2694 1789 3029 1876 implicite,
3083 1792 3235 1880 quia
3270 1794 3583 1879 particula
3612 1796 3679 1860 in
3709 1797 3942 1871 nornine,

2462 1925 2539 1969 eo
2588 1904 2729 1992 ipso
2760 1907 2930 1993 quod
2965 1908 3031 1972 in
3089 1910 3409 1997 singulari
3457 1910 3735 1997 ponitur,
3775 1910 3945 1997 arguit

2461 2019 2779 2087 unitatem
2848 2044 2927 2090 ex
2991 2025 3182 2094 modo
3263 2027 3676 2114 significandi
3715 2025 3947 2113 singula-

2461 2135 2643 2219 riter,
2731 2160 2861 2206 non
2936 2143 3248 2229 exprimit
3312 2144 3725 2211 institutione
3790 2143 3949 2230 prima

2460 2254 2665 2321 vocis.
2752 2256 2914 2324 Hinc
2979 2258 3371 2327 Athanasius
3467 2261 3533 2326 in
3638 2260 3946 2346 Symbola:
4002 2272 4011 2301 ³

2459 2370 2633 2434 Deus
2688 2371 2908 2452 Pater,
2966 2374 3141 2439 Deus
3219 2375 3453 2455 Filius,
3533 2377 3704 2441 Deus
3773 2375 3946 2461 Spiri-
4004 2354 4053 2379 ’ζ’

2457 2494 2561 2550 tus
2613 2490 2903 2567 sanctus,
2970 2508 3101 2555 non
3136 2490 3480 2578 nugatorie
3510 2490 3841 2579 subjungit
3869 2510 3945 2554 ex·

2457 2594 2752 2681 plicitum
2782 2611 3171 2686 conceptum
3206 2601 3502 2683 unitatis,
3532 2623 3668 2668 non
3699 2614 3819 2668 tres
3846 2602 3943 2677 Dii,

2453 2714 2570 2780 sed
2624 2737 2792 2782 unus
2857 2730 2950 2785 est
3016 2720 3232 2785 Dens:
3297 2720 3725 2807 Omnipotens
3765 2721 3947 2786 Pater:

2452 2832 2865 2917 omnipotens
2947 2833 3185 2915 Filius,
3240 2848 3363 2904 etc.
3414 2858 3551 2903 non
3598 2848 3726 2903 tres
3783 2837 3948 2902 omni·

2447 2957 2761 3032 potentes,
2807 2949 2923 3015 sed
2982 2972 3150 3017 unus
3214 2955 3655 3040 omnipotens,
3731 2964 3840 3019 etc.
3904 2965 3946 3016 et

2455 3063 2894 3151 Hieronymus
2967 3067 3045 3132 ad
3104 3067 3423 3154 Ephesios
3478 3074 3543 3135 4.
3616 3069 3787 3136 Unus
3855 3069 3948 3133 Do·

2450 3182 2696 3260 minuS,
2755 3194 2874 3250 etc.
2958 3206 3092 3251 non
3157 3184 3577 3271 baptizamur
3644 3187 3716 3254 in
3778 3186 3945 3251 nomi-

2453 3296 2644 3361 nibus
2708 3297 2937 3364 Patris
3004 3310 3064 3363 et
3123 3300 3310 3380 Filii,
3375 3313 3495 3367 etc.
3574 3301 3692 3367 sed
3755 3302 3819 3365 in
3868 3320 3947 3364 no-

2453 3413 2632 3477 mine
2678 3435 2808 3480 uno
2856 3415 3030 3501 quod
3071 3418 3479 3504 intelliqitur
3534 3419 3731 3497 Deus,
3764 3429 3872 3483 etc.

2546 3529 2709 3596 Huic
2774 3531 3121 3598 sententiae
3161 3532 3335 3600 favet
3391 3533 3820 3600 Tertullianus
3857 3531 3987 3643 lib.T
4017 3530 4053 3639 f*

2451 3645 2533 3710 de
2582 3649 3205 3734 praescriptionibus
3290 3649 3608 3717 adversus
3673 3651 3943 3721 haereses.

2448 3782 2590 3848 cap.
2672 3763 2781 3829 20.
2824 3763 3031 3830 Iussit
3075 3775 3300 3851 yentes
3341 3763 3706 3852 baptizari,
3750 3761 3942 3852 inquit.

2451 3879 2711 3964 (supple
2776 3879 3098 3966 Christus)
3161 3882 3662 3968 tinyenPatr-em
3683 3893 3740 3947 et
3819 3882 3947 3943 tesin-

2449 3996 2702 4061 Filium
2785 4006 2847 4060 ct
2915 3998 3249 4083 Spiritum
3304 4010 3627 4065 sanctum.
3733 4000 3804 4063 Et
3856 3994 3942 4060 lib.

2447 4121 2670 4176 contra
2750 4113 3086 4191 Praxeam,
3149 4132 3292 4198 cap.
3336 4114 3445 4178 26.
3530 4112 3853 4190 Mandant,
3894 4116 3945 4171 ut

2448 4228 2781 4313 tingerent
2840 4229 2913 4293 in
2964 4228 3237 4294 Patrem
3268 4234 3331 4294 et
3384 4229 3659 4308 Filium,
3710 4240 3766 4293 et
3820 4225 3941 4311 Spi-

2444 4345 2651 4410 ritum
2688 4356 3009 4425 sanctum,
3058 4359 3179 4412 etc.
3220 4345 3684 4432 Hieronymus.
3726 4343 3939 4429 dialogo
4010 4355 4015 4362 ’

2445 4470 2670 4525 contra
2768 4460 3235 4539 Luciferianos‚
3306 4482 3451 4548 cap.
3544 4465 3609 4528 3.
3687 4463 3835 4528 Cum
3888 4460 3935 4521 iu

2444 4575 2649 4640 Patre
2701 4587 2761 4640 et
2803 4576 2982 4642 Filio
3047 4587 3106 4641 et
3173 4577 3439 4663 Spiritu
3485 4590 3712 4644 sancto
3764 4574 3934 4662 bapti-

2440 4702 2631 4757 zatus
2686 4693 2878 4757 homo
2949 4692 3260 4778 templum
3303 4694 3572 4759 Domini
3609 4696 3747 4777 liat,
3780 4705 4035 4777 etos-cm,

2443 4828 2573 4874 non
2629 4807 3091 4895 Apostolorum
3151 4811 3258 4876 49.
3338 4810 3468 4886 Qut
3523 4832 3661 4877 non
3689 4789 4037 4912 baptiza-522,

2439 4927 2610 4991 verit
2640 4926 2713 4991 in
2774 4926 3061 5005 Patrem,
3100 4937 3161 4992 et
3220 4925 3496 5007 Filium,
3554 4940 3616 4993 et
3649 4926 3921 5015 Spiritum

2437 5051 2789 5134 sanctum..
2837 5040 3204 5128 Respondet
3264 5044 3580 5129 Vasquez,
3644 5036 3917 5109 Tertullia-

2438 5175 2594 5223 num
2637 5176 2833 5244 agere
2887 5156 2964 5224 de
3006 5168 3331 5244 proecepto
3400 5157 3912 5243 baptizandi,‚non

2434 5272 2518 5339 de
2549 5273 2753 5340 forma
2805 5274 3141 5362 Baptismi.
3224 5278 3484 5358 Contra,
3539 5272 3909 5344 Tertullianus
3942 5335 4078 5392 ww

2436 5413 2566 5458 non
2607 5391 2820 5460 solum
2857 5405 3256 5480 praeceptum
3303 5393 3524 5476 tradit,
3599 5393 3704 5462 sed
3762 5388 3905 5456 etiam
3996 5396 4047 5438 ta.

2431 5505 2706 5573 formam
2740 5527 2820 5574 ex
2849 5507 3187 5587 Matthaeo3
3224 5527 3287 5573 et
3325 5507 3557 5575 saltem
3587 5519 3783 5575 contra
3801 5504 3908 5565 Pra-
