<?xml version="1.0" encoding="UTF-8"?>
<!DOCTYPE html PUBLIC "-//W3C//DTD XHTML 1.0 Transitional//EN"
    "http://www.w3.org/TR/xhtml1/DTD/xhtml1-transitional.dtd">
<html xmlns="http://www.w3.org/1999/xhtml" xml:lang="en" lang="en">
 <head>
  <title>
</title>
<meta http-equiv="Content-Type" content="text/html;charset=utf-8" />
  <meta name='ocr-system' content='tesseract 3.04.00' />
  <meta name='ocr-capabilities' content='ocr_page ocr_carea ocr_par ocr_line ocrx_word'/>
</head>
<body>
  <div class='ocr_page' id='page_1' title='image "./joannisdunsscot02waddgoog_0327.png"; bbox 0 0 4255 6375; ppageno 0'>
   <div class='ocr_carea' id='block_1_1' title="bbox 1238 392 3385 479">
    <p class='ocr_par' dir='ltr' id='par_1_1' title="bbox 1238 392 3385 479">
     <span class='ocr_line' id='line_1_1' title="bbox 1238 392 3385 479; baseline -0 -13"><span class='ocrx_word' id='word_1_1' title='bbox 1238 404 1438 467; x_wconf 81' lang='lat' dir='ltr'><strong>DIST.</strong></span> <span class='ocrx_word' id='word_1_2' title='bbox 1471 403 1571 465; x_wconf 87' lang='lat'>111.</span> <span class='ocrx_word' id='word_1_3' title='bbox 1609 401 1971 479; x_wconf 75' lang='lat' dir='ltr'>QUAESTIO</span> <span class='ocrx_word' id='word_1_4' title='bbox 2018 403 2122 466; x_wconf 87' lang='grc' dir='ltr'><strong>ΙΙΙ.</strong></span> <span class='ocrx_word' id='word_1_5' title='bbox 3251 392 3385 466; x_wconf 69' lang='lat'><strong>321‘</strong></span> 
     </span>
    </p>
   </div>
   <div class='ocr_carea' id='block_1_2' title="bbox 197 562 3357 655">
    <p class='ocr_par' dir='ltr' id='par_1_2' title="bbox 197 562 3357 655">
     <span class='ocr_line' id='line_1_2' title="bbox 197 562 3357 655; baseline -0.001 -18"><span class='ocrx_word' id='word_1_6' title='bbox 197 570 369 637; x_wconf 84' lang='lat' dir='ltr'>tum.</span> <span class='ocrx_word' id='word_1_7' title='bbox 417 563 770 636; x_wconf 79' lang='lat' dir='ltr'>Ecclesia</span> <span class='ocrx_word' id='word_1_8' title='bbox 811 568 1085 638; x_wconf 88' lang='lat' dir='ltr'>autem</span> <span class='ocrx_word' id='word_1_9' title='bbox 1128 568 1411 638; x_wconf 84' lang='lat' dir='ltr'>Graeca</span> <span class='ocrx_word' id='word_1_10' title='bbox 1453 563 1700 653; x_wconf 87' lang='lat' dir='ltr'>elegit</span> <span class='ocrx_word' id='word_1_11' title='bbox 1814 562 2022 655; x_wconf 90' lang='lat' dir='ltr'>ligit,</span> <span class='ocrx_word' id='word_1_12' title='bbox 2096 564 2302 655; x_wconf 86' lang='lat' dir='ltr'>quod</span> <span class='ocrx_word' id='word_1_13' title='bbox 2382 564 2588 637; x_wconf 87' lang='lat' dir='ltr'>idem</span> <span class='ocrx_word' id='word_1_14' title='bbox 2659 567 2782 636; x_wconf 88' lang='lat' dir='ltr'>est</span> <span class='ocrx_word' id='word_1_15' title='bbox 2850 564 3178 655; x_wconf 88' lang='lat' dir='ltr'>genitor</span> <span class='ocrx_word' id='word_1_16' title='bbox 3277 566 3357 639; x_wconf 92' lang='lat' dir='ltr'>et</span> 
     </span>
    </p>
   </div>
   <div class='ocr_carea' id='block_1_3' title="bbox 150 681 1730 4267">
    <p class='ocr_par' dir='ltr' id='par_1_3' title="bbox 197 681 1708 1106">
     <span class='ocr_line' id='line_1_3' title="bbox 197 681 1708 775; baseline -0.001 -21"><span class='ocrx_word' id='word_1_17' title='bbox 197 682 411 755; x_wconf 81' lang='lat' dir='ltr'>allter</span> <span class='ocrx_word' id='word_1_18' title='bbox 463 686 540 754; x_wconf 92' lang='lat' dir='ltr'>et</span> <span class='ocrx_word' id='word_1_19' title='bbox 596 681 1201 755; x_wconf 77' lang='lat' dir='ltr'>rationabiliter</span> <span class='ocrx_word' id='word_1_20' title='bbox 1272 702 1419 775; x_wconf 93' lang='lat' dir='ltr'>pro</span> <span class='ocrx_word' id='word_1_21' title='bbox 1510 686 1708 755; x_wconf 84' lang='lat' dir='ltr'>tem—</span> 
     </span>
     <span class='ocr_line' id='line_1_4' title="bbox 211 797 1705 890; baseline 0 -22"><span class='ocrx_word' id='word_1_22' title='bbox 211 817 400 890; x_wconf 85' lang='lat' dir='ltr'>pore.</span> <span class='ocrx_word' id='word_1_23' title='bbox 463 802 547 870; x_wconf 90' lang='lat' dir='ltr'>ut</span> <span class='ocrx_word' id='word_1_24' title='bbox 612 797 914 871; x_wconf 89' lang='lat' dir='ltr'>dictum</span> <span class='ocrx_word' id='word_1_25' title='bbox 972 803 1122 881; x_wconf 87' lang='lat' dir='ltr'>est,</span> <span class='ocrx_word' id='word_1_26' title='bbox 1195 801 1281 870; x_wconf 92' lang='lat' dir='ltr'>ut</span> <span class='ocrx_word' id='word_1_27' title='bbox 1341 797 1705 869; x_wconf 84' lang='lat' dir='ltr'>auferre-</span> 
     </span>
     <span class='ocr_line' id='line_1_5' title="bbox 209 912 1703 1006; baseline -0.003 -18"><span class='ocrx_word' id='word_1_28' title='bbox 209 920 324 988; x_wconf 90' lang='lat' dir='ltr'>tur</span> <span class='ocrx_word' id='word_1_29' title='bbox 384 912 732 987; x_wconf 90' lang='lat' dir='ltr'>schisma</span> <span class='ocrx_word' id='word_1_30' title='bbox 764 914 1297 1006; x_wconf 75' lang='lat' dir='ltr'>gloriantium</span> <span class='ocrx_word' id='word_1_31' title='bbox 1327 915 1418 987; x_wconf 91' lang='lat' dir='ltr'>de</span> <span class='ocrx_word' id='word_1_32' title='bbox 1451 912 1703 1005; x_wconf 90' lang='lat' dir='ltr'>bapti-</span> 
     </span>
     <span class='ocr_line' id='line_1_6' title="bbox 203 1030 1025 1106; baseline 0.001 -5"><span class='ocrx_word' id='word_1_33' title='bbox 203 1030 535 1104; x_wconf 82' lang='lat' dir='ltr'>zantibus</span> <span class='ocrx_word' id='word_1_34' title='bbox 596 1030 1025 1106; x_wconf 80' lang='lat' dir='ltr'>ministris,</span> 
     </span>
    </p>

    <p class='ocr_par' dir='ltr' id='par_1_4' title="bbox 150 1148 1730 4267">
     <span class='ocr_line' id='line_1_7' title="bbox 287 1148 1708 1246; baseline -0.001 -23"><span class='ocrx_word' id='word_1_35' title='bbox 287 1151 390 1223; x_wconf 90' lang='lat' dir='ltr'>Ad</span> <span class='ocrx_word' id='word_1_36' title='bbox 455 1151 792 1225; x_wconf 87' lang='lat' dir='ltr'>tertium</span> <span class='ocrx_word' id='word_1_37' title='bbox 874 1157 1144 1246; x_wconf 88' lang='lat' dir='ltr'>potest</span> <span class='ocrx_word' id='word_1_38' title='bbox 1210 1152 1392 1234; x_wconf 86' lang='lat' dir='ltr'>dici,</span> <span class='ocrx_word' id='word_1_39' title='bbox 1502 1148 1708 1243; x_wconf 91' lang='lat' dir='ltr'>quod</span> 
     </span>
     <span class='ocr_line' id='line_1_8' title="bbox 203 1258 1711 1357; baseline 0 -21"><span class='ocrx_word' id='word_1_40' title='bbox 203 1263 461 1337; x_wconf 83' lang='lat' dir='ltr'>divisio</span> <span class='ocrx_word' id='word_1_41' title='bbox 547 1286 709 1339; x_wconf 89' lang='lat' dir='ltr'>non</span> <span class='ocrx_word' id='word_1_42' title='bbox 783 1269 905 1340; x_wconf 92' lang='lat' dir='ltr'>est</span> <span class='ocrx_word' id='word_1_43' title='bbox 995 1258 1427 1347; x_wconf 81' lang='lat' dir='ltr'>sufficiens,</span> <span class='ocrx_word' id='word_1_44' title='bbox 1523 1265 1711 1357; x_wconf 91' lang='lat' dir='ltr'>quia</span> 
     </span>
     <span class='ocr_line' id='line_1_9' title="bbox 203 1382 1712 1476; baseline -0.003 -20"><span class='ocrx_word' id='word_1_45' title='bbox 203 1384 370 1456; x_wconf 90' lang='lat' dir='ltr'>bene</span> <span class='ocrx_word' id='word_1_46' title='bbox 459 1382 842 1474; x_wconf 91' lang='lat' dir='ltr'>possibile</span> <span class='ocrx_word' id='word_1_47' title='bbox 942 1388 1091 1467; x_wconf 90' lang='lat' dir='ltr'>est,</span> <span class='ocrx_word' id='word_1_48' title='bbox 1165 1384 1372 1476; x_wconf 89' lang='lat' dir='ltr'>quod</span> <span class='ocrx_word' id='word_1_49' title='bbox 1462 1382 1712 1455; x_wconf 87' lang='lat' dir='ltr'>verba</span> 
     </span>
     <span class='ocr_line' id='line_1_10' title="bbox 200 1498 1711 1592; baseline 0 -21"><span class='ocrx_word' id='word_1_50' title='bbox 200 1500 443 1592; x_wconf 84' lang='lat' dir='ltr'>aliqua</span> <span class='ocrx_word' id='word_1_51' title='bbox 533 1499 1083 1576; x_wconf 80' lang='lat' dir='ltr'>materialiter</span> <span class='ocrx_word' id='word_1_52' title='bbox 1152 1505 1479 1591; x_wconf 89' lang='lat' dir='ltr'>sumpta</span> <span class='ocrx_word' id='word_1_53' title='bbox 1547 1498 1711 1571; x_wconf 91' lang='lat' dir='ltr'>sint</span> 
     </span>
     <span class='ocr_line' id='line_1_11' title="bbox 198 1614 1708 1707; baseline -0.001 -22"><span class='ocrx_word' id='word_1_54' title='bbox 198 1614 438 1686; x_wconf 85' lang='lat' dir='ltr'>forma</span> <span class='ocrx_word' id='word_1_55' title='bbox 539 1614 619 1686; x_wconf 93' lang='lat' dir='ltr'>in</span> <span class='ocrx_word' id='word_1_56' title='bbox 744 1615 1018 1707; x_wconf 91' lang='lat' dir='ltr'>aliquo</span> <span class='ocrx_word' id='word_1_57' title='bbox 1147 1616 1708 1693; x_wconf 74' lang='lat' dir='ltr'>sacramento,</span> 
     </span>
     <span class='ocr_line' id='line_1_12' title="bbox 202 1731 1713 1825; baseline -0.002 -22"><span class='ocrx_word' id='word_1_58' title='bbox 202 1732 339 1803; x_wconf 91' lang='lat' dir='ltr'>imo</span> <span class='ocrx_word' id='word_1_59' title='bbox 404 1731 660 1825; x_wconf 84' lang='lat' dir='ltr'>potuit</span> <span class='ocrx_word' id='word_1_60' title='bbox 730 1733 945 1806; x_wconf 88' lang='lat' dir='ltr'>Deus</span> <span class='ocrx_word' id='word_1_61' title='bbox 1008 1731 1464 1806; x_wconf 85' lang='lat' dir='ltr'>instituisse</span> <span class='ocrx_word' id='word_1_62' title='bbox 1539 1749 1713 1801; x_wconf 87' lang='lat' dir='ltr'>ver-</span> 
     </span>
     <span class='ocr_line' id='line_1_13' title="bbox 197 1845 1709 1940; baseline -0.001 -22"><span class='ocrx_word' id='word_1_63' title='bbox 197 1847 280 1918; x_wconf 91' lang='lat' dir='ltr'>ba</span> <span class='ocrx_word' id='word_1_64' title='bbox 347 1868 501 1920; x_wconf 90' lang='lat' dir='ltr'>non</span> <span class='ocrx_word' id='word_1_65' title='bbox 573 1846 1122 1940; x_wconf 85' lang='lat' dir='ltr'>significativa</span> <span class='ocrx_word' id='word_1_66' title='bbox 1211 1868 1359 1940; x_wconf 90' lang='lat' dir='ltr'>pro</span> <span class='ocrx_word' id='word_1_67' title='bbox 1415 1845 1709 1918; x_wconf 89' lang='lat' dir='ltr'>forma.</span> 
     </span>
     <span class='ocr_line' id='line_1_14' title="bbox 150 1965 1714 2057; baseline 0.001 -24"><span class='ocrx_word' id='word_1_68' title='bbox 150 2001 164 2033; x_wconf 62' lang='lat'>³</span> <span class='ocrx_word' id='word_1_69' title='bbox 272 1965 524 2039; x_wconf 89' lang='lat' dir='ltr'>Aliter</span> <span class='ocrx_word' id='word_1_70' title='bbox 584 1969 853 2057; x_wconf 89' lang='lat' dir='ltr'>potest</span> <span class='ocrx_word' id='word_1_71' title='bbox 929 1965 1106 2047; x_wconf 87' lang='lat' dir='ltr'>dici,</span> <span class='ocrx_word' id='word_1_72' title='bbox 1176 1965 1381 2057; x_wconf 87' lang='lat' dir='ltr'>quod</span> <span class='ocrx_word' id='word_1_73' title='bbox 1444 1965 1714 2037; x_wconf 91' lang='lat' dir='ltr'>oratio</span> 
     </span>
     <span class='ocr_line' id='line_1_15' title="bbox 150 2056 1717 2176; baseline -0.004 -19"><span class='ocrx_word' id='word_1_74' title='bbox 150 2056 273 2157; x_wconf 65' lang='lat' dir='ltr'>ient</span> <span class='ocrx_word' id='word_1_75' title='bbox 332 2103 550 2164; x_wconf 86' lang='lat' dir='ltr'>vera,</span> <span class='ocrx_word' id='word_1_76' title='bbox 641 2103 803 2154; x_wconf 90' lang='lat' dir='ltr'>non</span> <span class='ocrx_word' id='word_1_77' title='bbox 875 2103 1021 2176; x_wconf 92' lang='lat' dir='ltr'>pro</span> <span class='ocrx_word' id='word_1_78' title='bbox 1090 2085 1463 2175; x_wconf 89' lang='lat' dir='ltr'>tempore</span> <span class='ocrx_word' id='word_1_79' title='bbox 1534 2101 1717 2174; x_wconf 89' lang='lat' dir='ltr'>pro·</span> 
     </span>
     <span class='ocr_line' id='line_1_16' title="bbox 150 2174 1717 2292; baseline -0.001 -22"><span class='ocrx_word' id='word_1_80' title='bbox 150 2174 174 2285; x_wconf 62' lang='lat' dir='ltr'>{j</span> <span class='ocrx_word' id='word_1_81' title='bbox 202 2197 533 2280; x_wconf 85' lang='lat' dir='ltr'>lationis,</span> <span class='ocrx_word' id='word_1_82' title='bbox 609 2200 740 2271; x_wconf 90' lang='lat' dir='ltr'>sed</span> <span class='ocrx_word' id='word_1_83' title='bbox 803 2219 952 2292; x_wconf 86' lang='lat' dir='ltr'>pro</span> <span class='ocrx_word' id='word_1_84' title='bbox 1020 2197 1310 2271; x_wconf 87' lang='lat' dir='ltr'>ultimo</span> <span class='ocrx_word' id='word_1_85' title='bbox 1373 2196 1717 2271; x_wconf 89' lang='lat' dir='ltr'>instanti</span> 
     </span>
     <span class='ocr_line' id='line_1_17' title="bbox 201 2304 1718 2408; baseline 0.001 -22"><span class='ocrx_word' id='word_1_86' title='bbox 201 2316 633 2407; x_wconf 83' lang='lat' dir='ltr'>complente</span> <span class='ocrx_word' id='word_1_87' title='bbox 713 2304 1284 2408; x_wconf 89' lang='lat' dir='ltr'>prolationem,</span> <span class='ocrx_word' id='word_1_88' title='bbox 1361 2313 1572 2388; x_wconf 88' lang='lat' dir='ltr'>sicut</span> <span class='ocrx_word' id='word_1_89' title='bbox 1612 2316 1718 2388; x_wconf 80' lang='lat' dir='ltr'>di-</span> 
     </span>
     <span class='ocr_line' id='line_1_18' title="bbox 198 2430 1716 2506; baseline -0.003 0"><span class='ocrx_word' id='word_1_90' title='bbox 198 2437 407 2506; x_wconf 89' lang='lat' dir='ltr'>cetur</span> <span class='ocrx_word' id='word_1_91' title='bbox 473 2430 819 2505; x_wconf 86' lang='lat' dir='ltr'>inferius</span> <span class='ocrx_word' id='word_1_92' title='bbox 872 2430 952 2502; x_wconf 94' lang='lat' dir='ltr'>in</span> <span class='ocrx_word' id='word_1_93' title='bbox 1004 2431 1353 2506; x_wconf 87' lang='lat' dir='ltr'>materia</span> <span class='ocrx_word' id='word_1_94' title='bbox 1419 2431 1511 2502; x_wconf 86' lang='lat' dir='ltr'>de</span> <span class='ocrx_word' id='word_1_95' title='bbox 1570 2434 1716 2502; x_wconf 86' lang='lat' dir='ltr'>Eu-</span> 
     </span>
     <span class='ocr_line' id='line_1_19' title="bbox 199 2546 1713 2637; baseline -0.002 -16"><span class='ocrx_word' id='word_1_96' title='bbox 199 2548 572 2622; x_wconf 83' lang='lat' dir='ltr'>charistia</span> <span class='ocrx_word' id='word_1_97' title='bbox 617 2552 746 2630; x_wconf 89' lang='lat' dir='ltr'>;et</span> <span class='ocrx_word' id='word_1_98' title='bbox 806 2552 997 2621; x_wconf 89' lang='lat' dir='ltr'>tunc</span> <span class='ocrx_word' id='word_1_99' title='bbox 1065 2568 1247 2620; x_wconf 91' lang='lat' dir='ltr'>cum</span> <span class='ocrx_word' id='word_1_100' title='bbox 1306 2546 1713 2637; x_wconf 84' lang='lat' dir='ltr'>arguitur,</span> 
     </span>
     <span class='ocr_line' id='line_1_20' title="bbox 197 2664 1718 2758; baseline -0.003 -22"><span class='ocrx_word' id='word_1_101' title='bbox 197 2672 271 2739; x_wconf 87' lang='lat' dir='ltr'>ut</span> <span class='ocrx_word' id='word_1_102' title='bbox 305 2687 494 2739; x_wconf 78' lang='lat' dir='ltr'>vera</span> <span class='ocrx_word' id='word_1_103' title='bbox 539 2666 915 2758; x_wconf 90' lang='lat' dir='ltr'>sequitur</span> <span class='ocrx_word' id='word_1_104' title='bbox 944 2669 1218 2741; x_wconf 91' lang='lat' dir='ltr'>actum</span> <span class='ocrx_word' id='word_1_105' title='bbox 1257 2664 1397 2747; x_wconf 91' lang='lat' dir='ltr'>rei,</span> <span class='ocrx_word' id='word_1_106' title='bbox 1431 2683 1718 2736; x_wconf 86' lang='lat' dir='ltr'>verum</span> 
     </span>
     <span class='ocr_line' id='line_1_21' title="bbox 194 2780 1720 2874; baseline -0.001 -22"><span class='ocrx_word' id='word_1_107' title='bbox 194 2785 323 2864; x_wconf 89' lang='lat' dir='ltr'>est,</span> <span class='ocrx_word' id='word_1_108' title='bbox 366 2782 573 2874; x_wconf 88' lang='lat' dir='ltr'>quod</span> <span class='ocrx_word' id='word_1_109' title='bbox 613 2781 1143 2874; x_wconf 82' lang='lat' dir='ltr'>consequitur</span> <span class='ocrx_word' id='word_1_110' title='bbox 1201 2782 1462 2873; x_wconf 83' lang='lat' dir='ltr'>ipsam</span> <span class='ocrx_word' id='word_1_111' title='bbox 1506 2780 1720 2851; x_wconf 89' lang='lat' dir='ltr'>ablu-</span> 
     </span>
     <span class='ocr_line' id='line_1_22' title="bbox 199 2896 1720 2990; baseline -0.001 -21"><span class='ocrx_word' id='word_1_112' title='bbox 199 2897 505 2980; x_wconf 89' lang='lat' dir='ltr'>tionem,</span> <span class='ocrx_word' id='word_1_113' title='bbox 553 2903 636 2972; x_wconf 93' lang='lat' dir='ltr'>et</span> <span class='ocrx_word' id='word_1_114' title='bbox 706 2898 883 2990; x_wconf 90' lang='lat' dir='ltr'>ipsa</span> <span class='ocrx_word' id='word_1_115' title='bbox 958 2896 1266 2971; x_wconf 90' lang='lat' dir='ltr'>ablutio</span> <span class='ocrx_word' id='word_1_116' title='bbox 1328 2897 1720 2989; x_wconf 91' lang='lat' dir='ltr'>importa-</span> 
     </span>
     <span class='ocr_line' id='line_1_23' title="bbox 199 3015 1720 3108; baseline 0 -21"><span class='ocrx_word' id='word_1_117' title='bbox 199 3018 318 3087; x_wconf 77' lang='lat' dir='ltr'>tur</span> <span class='ocrx_word' id='word_1_118' title='bbox 394 3036 541 3108; x_wconf 79' lang='lat' dir='ltr'>pel·</span> <span class='ocrx_word' id='word_1_119' title='bbox 632 3015 784 3089; x_wconf 79' lang='lat' dir='ltr'>hoo</span> <span class='ocrx_word' id='word_1_120' title='bbox 887 3015 1225 3088; x_wconf 73' lang='lat' dir='ltr'>Verbum</span> <span class='ocrx_word' id='word_1_121' title='bbox 1286 3017 1576 3102; x_wconf 66' lang='lat' dir='ltr'>baphw,</span> <span class='ocrx_word' id='word_1_122' title='bbox 1640 3017 1720 3087; x_wconf 74' lang='lat' dir='ltr'>et</span> 
     </span>
     <span class='ocr_line' id='line_1_24' title="bbox 199 3127 1723 3219; baseline -0.001 -17"><span class='ocrx_word' id='word_1_123' title='bbox 199 3133 368 3204; x_wconf 90' lang='lat' dir='ltr'>tunc</span> <span class='ocrx_word' id='word_1_124' title='bbox 425 3151 589 3204; x_wconf 90' lang='lat' dir='ltr'>non</span> <span class='ocrx_word' id='word_1_125' title='bbox 675 3130 834 3204; x_wconf 91' lang='lat' dir='ltr'>erit</span> <span class='ocrx_word' id='word_1_126' title='bbox 924 3150 1209 3204; x_wconf 92' lang='lat' dir='ltr'>sensus</span> <span class='ocrx_word' id='word_1_127' title='bbox 1282 3132 1566 3219; x_wconf 77' lang='lat' dir='ltr'>baptiza,</span> <span class='ocrx_word' id='word_1_128' title='bbox 1647 3127 1723 3201; x_wconf 92' lang='lat' dir='ltr'>id</span> 
     </span>
     <span class='ocr_line' id='line_1_25' title="bbox 198 3246 1722 3338; baseline -0.001 -20"><span class='ocrx_word' id='word_1_129' title='bbox 198 3251 328 3331; x_wconf 88' lang='lat' dir='ltr'>est,</span> <span class='ocrx_word' id='word_1_130' title='bbox 387 3252 1012 3322; x_wconf 80' lang='lat' dir='ltr'>Sacramentum</span> <span class='ocrx_word' id='word_1_131' title='bbox 1083 3246 1482 3338; x_wconf 88' lang='lat' dir='ltr'>Baptismi</span> <span class='ocrx_word' id='word_1_132' title='bbox 1541 3266 1722 3318; x_wconf 90' lang='lat' dir='ltr'>con-</span> 
     </span>
     <span class='ocr_line' id='line_1_26' title="bbox 201 3362 1717 3452; baseline -0.001 -19"><span class='ocrx_word' id='word_1_133' title='bbox 201 3363 378 3447; x_wconf 86' lang='lat' dir='ltr'>sero,</span> <span class='ocrx_word' id='word_1_134' title='bbox 471 3365 612 3437; x_wconf 88' lang='lat' dir='ltr'>sed</span> <span class='ocrx_word' id='word_1_135' title='bbox 667 3366 954 3452; x_wconf 79' lang='lat' dir='ltr'>baptizo,</span> <span class='ocrx_word' id='word_1_136' title='bbox 1020 3363 1171 3436; x_wconf 87' lang='lat' dir='ltr'>hoc</span> <span class='ocrx_word' id='word_1_137' title='bbox 1248 3367 1398 3444; x_wconf 91' lang='lat' dir='ltr'>est,</span> <span class='ocrx_word' id='word_1_138' title='bbox 1453 3362 1717 3435; x_wconf 90' lang='lat' dir='ltr'>abluo.</span> 
     </span>
     <span class='ocr_line' id='line_1_27' title="bbox 276 3479 1719 3573; baseline -0.003 -20"><span class='ocrx_word' id='word_1_139' title='bbox 276 3481 383 3553; x_wconf 86' lang='lat' dir='ltr'>Ad</span> <span class='ocrx_word' id='word_1_140' title='bbox 461 3482 849 3573; x_wconf 91' lang='lat' dir='ltr'>quartum</span> <span class='ocrx_word' id='word_1_141' title='bbox 926 3479 1019 3552; x_wconf 92' lang='lat' dir='ltr'>de</span> <span class='ocrx_word' id='word_1_142' title='bbox 1086 3479 1391 3553; x_wconf 87' lang='lat' dir='ltr'>Graecis</span> <span class='ocrx_word' id='word_1_143' title='bbox 1469 3482 1719 3571; x_wconf 89' lang='lat' dir='ltr'>patet.</span> 
     </span>
     <span class='ocr_line' id='line_1_28' title="bbox 203 3596 1721 3689; baseline -0.003 -21"><span class='ocrx_word' id='word_1_144' title='bbox 203 3596 302 3668; x_wconf 86' lang='lat' dir='ltr'>Ad</span> <span class='ocrx_word' id='word_1_145' title='bbox 375 3597 751 3689; x_wconf 88' lang='lat' dir='ltr'>quintum</span> <span class='ocrx_word' id='word_1_146' title='bbox 834 3596 926 3668; x_wconf 88' lang='lat' dir='ltr'>de</span> <span class='ocrx_word' id='word_1_147' title='bbox 1012 3596 1497 3689; x_wconf 90' lang='lat' dir='ltr'>pronomine</span> <span class='ocrx_word' id='word_1_148' title='bbox 1581 3619 1721 3684; x_wconf 73' lang='lat' dir='ltr'>eqo,</span> 
     </span>
     <span class='ocr_line' id='line_1_29' title="bbox 197 3711 1728 3805; baseline 0 -22"><span class='ocrx_word' id='word_1_149' title='bbox 197 3733 463 3786; x_wconf 76' lang='lat' dir='ltr'>verum</span> <span class='ocrx_word' id='word_1_150' title='bbox 520 3716 668 3788; x_wconf 88' lang='lat' dir='ltr'>est</span> <span class='ocrx_word' id='word_1_151' title='bbox 702 3713 906 3805; x_wconf 90' lang='lat' dir='ltr'>quod</span> <span class='ocrx_word' id='word_1_152' title='bbox 972 3732 1136 3784; x_wconf 91' lang='lat' dir='ltr'>non</span> <span class='ocrx_word' id='word_1_153' title='bbox 1175 3715 1300 3787; x_wconf 85' lang='lat' dir='ltr'>est</span> <span class='ocrx_word' id='word_1_154' title='bbox 1341 3711 1728 3804; x_wconf 90' lang='lat' dir='ltr'>simplici-</span> 
     </span>
     <span class='ocr_line' id='line_1_30' title="bbox 197 3827 1729 3920; baseline -0.001 -19"><span class='ocrx_word' id='word_1_155' title='bbox 197 3833 312 3902; x_wconf 88' lang='lat' dir='ltr'>ter</span> <span class='ocrx_word' id='word_1_156' title='bbox 375 3832 465 3903; x_wconf 91' lang='lat' dir='ltr'>de</span> <span class='ocrx_word' id='word_1_157' title='bbox 526 3828 1020 3903; x_wconf 89' lang='lat' dir='ltr'>necessitate</span> <span class='ocrx_word' id='word_1_158' title='bbox 1096 3827 1412 3909; x_wconf 84' lang='lat' dir='ltr'>formae,</span> <span class='ocrx_word' id='word_1_159' title='bbox 1475 3848 1729 3920; x_wconf 90' lang='lat' dir='ltr'>neque</span> 
     </span>
     <span class='ocr_line' id='line_1_31' title="bbox 196 3943 1728 4039; baseline 0.001 -24"><span class='ocrx_word' id='word_1_160' title='bbox 196 3965 690 4039; x_wconf 83' lang='lat' dir='ltr'>expressum,</span> <span class='ocrx_word' id='word_1_161' title='bbox 760 3965 1015 4037; x_wconf 89' lang='lat' dir='ltr'>neque</span> <span class='ocrx_word' id='word_1_162' title='bbox 1084 3948 1169 4017; x_wconf 92' lang='lat' dir='ltr'>ut</span> <span class='ocrx_word' id='word_1_163' title='bbox 1244 3943 1728 4037; x_wconf 90' lang='lat' dir='ltr'>implicitum</span> 
     </span>
     <span class='ocr_line' id='line_1_32' title="bbox 203 4060 1727 4155; baseline 0.001 -24"><span class='ocrx_word' id='word_1_164' title='bbox 203 4060 272 4132; x_wconf 88' lang='lat' dir='ltr'>in</span> <span class='ocrx_word' id='word_1_165' title='bbox 366 4063 619 4136; x_wconf 92' lang='lat' dir='ltr'>verbo</span> <span class='ocrx_word' id='word_1_166' title='bbox 706 4061 1006 4155; x_wconf 83' lang='lat' dir='ltr'>primae</span> <span class='ocrx_word' id='word_1_167' title='bbox 1097 4082 1492 4155; x_wconf 81' lang='lat' dir='ltr'>personae,</span> <span class='ocrx_word' id='word_1_168' title='bbox 1595 4061 1727 4133; x_wconf 89' lang='lat' dir='ltr'>sed</span> 
     </span>
     <span class='ocr_line' id='line_1_33' title="bbox 207 4177 1730 4267; baseline 0.001 -20"><span class='ocrx_word' id='word_1_169' title='bbox 207 4185 580 4267; x_wconf 87' lang='lat' dir='ltr'>quantum</span> <span class='ocrx_word' id='word_1_170' title='bbox 648 4179 742 4250; x_wconf 91' lang='lat' dir='ltr'>ad</span> <span class='ocrx_word' id='word_1_171' title='bbox 809 4178 1258 4251; x_wconf 85' lang='lat' dir='ltr'>Ecclesiam</span> <span class='ocrx_word' id='word_1_172' title='bbox 1355 4177 1730 4251; x_wconf 79' lang='lat' dir='ltr'>Latinam</span> 
     </span>
    </p>
   </div>
   <div class='ocr_carea' id='block_1_4' title="bbox 209 4301 1734 4393">
    <p class='ocr_par' dir='ltr' id='par_1_5' title="bbox 209 4301 1734 4393">
     <span class='ocr_line' id='line_1_34' title="bbox 209 4301 1734 4393; baseline 0.002 -23"><span class='ocrx_word' id='word_1_173' title='bbox 209 4301 328 4386; x_wconf 87' lang='lat' dir='ltr'>(ad</span> <span class='ocrx_word' id='word_1_174' title='bbox 413 4304 685 4375; x_wconf 89' lang='lat' dir='ltr'>minus</span> <span class='ocrx_word' id='word_1_175' title='bbox 747 4306 929 4393; x_wconf 89' lang='lat' dir='ltr'>post</span> <span class='ocrx_word' id='word_1_176' title='bbox 1009 4306 1326 4393; x_wconf 90' lang='lat' dir='ltr'>tempus</span> <span class='ocrx_word' id='word_1_177' title='bbox 1395 4302 1734 4374; x_wconf 83' lang='lat' dir='ltr'>Alexan-</span> 
     </span>
    </p>
   </div>
   <div class='ocr_carea' id='block_1_5' title="bbox 209 4424 1749 5555">
    <p class='ocr_par' dir='ltr' id='par_1_6' title="bbox 209 4424 1739 5092">
     <span class='ocr_line' id='line_1_35' title="bbox 211 4424 1735 4516; baseline 0.003 -22"><span class='ocrx_word' id='word_1_178' title='bbox 211 4424 352 4516; x_wconf 84' lang='lat' dir='ltr'>dri)</span> <span class='ocrx_word' id='word_1_179' title='bbox 400 4427 965 4501; x_wconf 88' lang='lat' dir='ltr'>necessarium</span> <span class='ocrx_word' id='word_1_180' title='bbox 1015 4430 1138 4498; x_wconf 89' lang='lat' dir='ltr'>est</span> <span class='ocrx_word' id='word_1_181' title='bbox 1182 4426 1563 4498; x_wconf 89' lang='lat' dir='ltr'>ministro</span> <span class='ocrx_word' id='word_1_182' title='bbox 1605 4448 1735 4499; x_wconf 84' lang='lat' dir='ltr'>ex-</span> 
     </span>
     <span class='ocr_line' id='line_1_36' title="bbox 213 4541 1739 4634; baseline -0.001 -21"><span class='ocrx_word' id='word_1_183' title='bbox 213 4542 549 4632; x_wconf 87' lang='lat' dir='ltr'>primere</span> <span class='ocrx_word' id='word_1_184' title='bbox 639 4567 808 4632; x_wconf 81' lang='lat' dir='ltr'>e90;</span> <span class='ocrx_word' id='word_1_185' title='bbox 887 4548 969 4616; x_wconf 89' lang='lat' dir='ltr'>et</span> <span class='ocrx_word' id='word_1_186' title='bbox 1037 4541 1313 4634; x_wconf 83' lang='lat' dir='ltr'>glossa</span> <span class='ocrx_word' id='word_1_187' title='bbox 1399 4541 1568 4624; x_wconf 89' lang='lat' dir='ltr'>illa,</span> <span class='ocrx_word' id='word_1_188' title='bbox 1659 4548 1739 4611; x_wconf 85' lang='lat' dir='ltr'>Si</span> 
     </span>
     <span class='ocr_line' id='line_1_37' title="bbox 211 4658 1739 4750; baseline 0.001 -25"><span class='ocrx_word' id='word_1_189' title='bbox 211 4662 358 4743; x_wconf 71' lang='lat' dir='ltr'>quis,</span> <span class='ocrx_word' id='word_1_190' title='bbox 415 4680 603 4732; x_wconf 91' lang='lat' dir='ltr'>cum</span> <span class='ocrx_word' id='word_1_191' title='bbox 658 4658 1136 4750; x_wconf 81' lang='lat' dir='ltr'>probatione</span> <span class='ocrx_word' id='word_1_192' title='bbox 1190 4678 1361 4741; x_wconf 82' lang='lat' dir='ltr'>sua,</span> <span class='ocrx_word' id='word_1_193' title='bbox 1429 4661 1739 4746; x_wconf 65' lang='grc' dir='ltr'>(Πατιζε-</span> 
     </span>
     <span class='ocr_line' id='line_1_38' title="bbox 209 4772 1739 4867; baseline 0.005 -31"><span class='ocrx_word' id='word_1_194' title='bbox 209 4779 391 4864; x_wconf 60' lang='lat' dir='ltr'>rezne)</span> <span class='ocrx_word' id='word_1_195' title='bbox 447 4779 720 4867; x_wconf 87' lang='lat' dir='ltr'>potest</span> <span class='ocrx_word' id='word_1_196' title='bbox 765 4772 1115 4863; x_wconf 90' lang='lat' dir='ltr'>intelligi</span> <span class='ocrx_word' id='word_1_197' title='bbox 1159 4793 1308 4865; x_wconf 90' lang='lat' dir='ltr'>pro</span> <span class='ocrx_word' id='word_1_198' title='bbox 1369 4777 1739 4865; x_wconf 91' lang='lat' dir='ltr'>tempore</span> 
     </span>
     <span class='ocr_line' id='line_1_39' title="bbox 211 4889 1736 4976; baseline 0.003 -17"><span class='ocrx_word' id='word_1_199' title='bbox 211 4892 694 4976; x_wconf 73' lang='lat' dir='ltr'>praecedente</span> <span class='ocrx_word' id='word_1_200' title='bbox 771 4889 992 4960; x_wconf 90' lang='lat' dir='ltr'>illam</span> <span class='ocrx_word' id='word_1_201' title='bbox 1061 4889 1736 4964; x_wconf 87' lang='lat' dir='ltr'>constitutionem</span> 
     </span>
     <span class='ocr_line' id='line_1_40' title="bbox 213 5003 1231 5092; baseline -0.001 -18"><span class='ocrx_word' id='word_1_202' title='bbox 213 5003 633 5077; x_wconf 83' lang='lat' dir='ltr'>Alexandri</span> <span class='ocrx_word' id='word_1_203' title='bbox 704 5006 822 5076; x_wconf 91' lang='lat' dir='ltr'>III</span> <span class='ocrx_word' id='word_1_204' title='bbox 917 5008 995 5073; x_wconf 85' lang='lat' dir='ltr'>Si</span> <span class='ocrx_word' id='word_1_205' title='bbox 1061 5010 1231 5092; x_wconf 80' lang='lat' dir='ltr'>quis,</span> 
     </span>
    </p>

    <p class='ocr_par' dir='ltr' id='par_1_7' title="bbox 219 5120 1746 5426">
     <span class='ocr_line' id='line_1_41' title="bbox 294 5120 1738 5195; baseline 0.001 -2"><span class='ocrx_word' id='word_1_206' title='bbox 294 5123 402 5193; x_wconf 89' lang='lat' dir='ltr'>Ad</span> <span class='ocrx_word' id='word_1_207' title='bbox 469 5121 664 5194; x_wconf 87' lang='lat' dir='ltr'>illud</span> <span class='ocrx_word' id='word_1_208' title='bbox 721 5121 815 5192; x_wconf 86' lang='lat' dir='ltr'>de</span> <span class='ocrx_word' id='word_1_209' title='bbox 871 5120 1273 5192; x_wconf 87' lang='lat' dir='ltr'>Trinitate</span> <span class='ocrx_word' id='word_1_210' title='bbox 1322 5127 1402 5193; x_wconf 88' lang='lat' dir='ltr'>et</span> <span class='ocrx_word' id='word_1_211' title='bbox 1463 5120 1738 5195; x_wconf 88' lang='lat' dir='ltr'>Chris-</span> 
     </span>
     <span class='ocr_line' id='line_1_42' title="bbox 219 5235 1746 5329; baseline 0.001 -22"><span class='ocrx_word' id='word_1_212' title='bbox 219 5240 317 5317; x_wconf 92' lang='lat' dir='ltr'>to,</span> <span class='ocrx_word' id='word_1_213' title='bbox 387 5240 610 5329; x_wconf 87' lang='lat' dir='ltr'>patet</span> <span class='ocrx_word' id='word_1_214' title='bbox 687 5236 770 5308; x_wconf 90' lang='lat' dir='ltr'>in</span> <span class='ocrx_word' id='word_1_215' title='bbox 828 5235 1063 5307; x_wconf 90' lang='lat' dir='ltr'>dictis</span> <span class='ocrx_word' id='word_1_216' title='bbox 1139 5235 1230 5308; x_wconf 85' lang='lat' dir='ltr'>dc</span> <span class='ocrx_word' id='word_1_217' title='bbox 1292 5235 1559 5328; x_wconf 90' lang='lat' dir='ltr'>prima</span> <span class='ocrx_word' id='word_1_218' title='bbox 1609 5258 1746 5308; x_wconf 91' lang='lat' dir='ltr'>va-</span> 
     </span>
     <span class='ocr_line' id='line_1_43' title="bbox 220 5350 1094 5426; baseline -0.001 -5"><span class='ocrx_word' id='word_1_219' title='bbox 220 5353 556 5426; x_wconf 87' lang='lat' dir='ltr'>riatione</span> <span class='ocrx_word' id='word_1_220' title='bbox 624 5350 1094 5424; x_wconf 86' lang='lat' dir='ltr'>verborum.</span> 
     </span>
    </p>

    <p class='ocr_par' dir='ltr' id='par_1_8' title="bbox 297 5467 1749 5555">
     <span class='ocr_line' id='line_1_44' title="bbox 297 5467 1749 5555; baseline 0 -15"><span class='ocrx_word' id='word_1_221' title='bbox 297 5468 407 5540; x_wconf 86' lang='lat' dir='ltr'>Ad</span> <span class='ocrx_word' id='word_1_222' title='bbox 477 5468 669 5540; x_wconf 83' lang='lat' dir='ltr'>illud</span> <span class='ocrx_word' id='word_1_223' title='bbox 732 5467 823 5539; x_wconf 82' lang='lat' dir='ltr'>do</span> <span class='ocrx_word' id='word_1_224' title='bbox 868 5470 1215 5555; x_wconf 70' lang='lat' dir='ltr'>qenicoris,</span> <span class='ocrx_word' id='word_1_225' title='bbox 1277 5469 1430 5539; x_wconf 77' lang='lat' dir='ltr'>etc.</span> <span class='ocrx_word' id='word_1_226' title='bbox 1492 5468 1749 5541; x_wconf 82' lang='lat' dir='ltr'>dioen-</span> 
     </span>
    </p>
   </div>
   <div class='ocr_carea' id='block_1_6' title="bbox 217 5582 1751 5755">
    <p class='ocr_par' dir='ltr' id='par_1_9' title="bbox 217 5582 1751 5755">
     <span class='ocr_line' id='line_1_45' title="bbox 217 5582 1751 5676; baseline 0.003 -20"><span class='ocrx_word' id='word_1_227' title='bbox 217 5584 414 5666; x_wconf 87' lang='lat' dir='ltr'>dum,</span> <span class='ocrx_word' id='word_1_228' title='bbox 487 5586 691 5676; x_wconf 91' lang='lat' dir='ltr'>quod</span> <span class='ocrx_word' id='word_1_229' title='bbox 755 5582 1263 5675; x_wconf 87' lang='lat' dir='ltr'>Augustinus</span> <span class='ocrx_word' id='word_1_230' title='bbox 1341 5584 1450 5657; x_wconf 91' lang='lat' dir='ltr'>ibi</span> <span class='ocrx_word' id='word_1_231' title='bbox 1516 5586 1751 5660; x_wconf 89' lang='lat' dir='ltr'>intel-</span> 
     </span>
     <span class='ocr_line' id='line_1_46' title="bbox 492 5700 816 5755; baseline -0.003 -6"><span class='ocrx_word' id='word_1_232' title='bbox 492 5700 816 5755; x_wconf 76' lang='lat' dir='ltr'>Tom.XV1.</span> 
     </span>
    </p>
   </div>
   <div class='ocr_carea' id='block_1_7' title="bbox 150 3500 176 3548">
    <p class='ocr_par' dir='ltr' id='par_1_10' title="bbox 150 3500 176 3548">
     <span class='ocr_line' id='line_1_47' title="bbox 150 3500 163 3548; textangle 90"><span class='ocrx_word' id='word_1_233' title='bbox 150 3500 163 3548; x_wconf 59' lang='lat' dir='ltr'>-t</span> 
     </span>
     <span class='ocr_line' id='line_1_48' title="bbox 166 3536 176 3548; textangle 90"><span class='ocrx_word' id='word_1_234' title='bbox 166 3536 176 3548; x_wconf 74' lang='grc' dir='ltr'><strong>ο</strong></span> 
     </span>
    </p>
   </div>
   <div class='ocr_carea' id='block_1_8' title="bbox 1819 681 3372 1123">
    <p class='ocr_par' dir='ltr' id='par_1_11' title="bbox 1819 681 3372 1123">
     <span class='ocr_line' id='line_1_49' title="bbox 1819 681 3360 773; baseline 0.002 -21"><span class='ocrx_word' id='word_1_235' title='bbox 1819 686 2053 772; x_wconf 86' lang='lat' dir='ltr'>pater</span> <span class='ocrx_word' id='word_1_236' title='bbox 2113 684 2505 773; x_wconf 90' lang='lat' dir='ltr'>quantum</span> <span class='ocrx_word' id='word_1_237' title='bbox 2556 681 2651 753; x_wconf 88' lang='lat' dir='ltr'>ad</span> <span class='ocrx_word' id='word_1_238' title='bbox 2710 681 2883 762; x_wconf 87' lang='lat' dir='ltr'>hoc,</span> <span class='ocrx_word' id='word_1_239' title='bbox 2970 683 3175 773; x_wconf 89' lang='lat' dir='ltr'>quod</span> <span class='ocrx_word' id='word_1_240' title='bbox 3234 686 3360 755; x_wconf 89' lang='lat' dir='ltr'>est</span> 
     </span>
     <span class='ocr_line' id='line_1_50' title="bbox 1822 796 3366 890; baseline 0.001 -21"><span class='ocrx_word' id='word_1_241' title='bbox 1822 797 1978 869; x_wconf 90' lang='lat' dir='ltr'>dici</span> <span class='ocrx_word' id='word_1_242' title='bbox 2046 796 2141 868; x_wconf 91' lang='lat' dir='ltr'>ad</span> <span class='ocrx_word' id='word_1_243' title='bbox 2200 797 2587 878; x_wconf 80' lang='lat' dir='ltr'>alterum,</span> <span class='ocrx_word' id='word_1_244' title='bbox 2661 798 2831 871; x_wconf 85' lang='lat' dir='ltr'>sive</span> <span class='ocrx_word' id='word_1_245' title='bbox 2908 798 3366 890; x_wconf 81' lang='lat' dir='ltr'>importare</span> 
     </span>
     <span class='ocr_line' id='line_1_51' title="bbox 1828 914 3364 1008; baseline 0.001 -24"><span class='ocrx_word' id='word_1_246' title='bbox 1828 914 2422 1005; x_wconf 85' lang='lat' dir='ltr'>proprietatem</span> <span class='ocrx_word' id='word_1_247' title='bbox 2507 914 2864 1006; x_wconf 86' lang='lat' dir='ltr'>ejusdem</span> <span class='ocrx_word' id='word_1_248' title='bbox 2950 935 3364 1008; x_wconf 80' lang='lat' dir='ltr'>personae3</span> 
     </span>
     <span class='ocr_line' id='line_1_52' title="bbox 1830 1030 3372 1123; baseline 0.002 -23"><span class='ocrx_word' id='word_1_249' title='bbox 1830 1030 1962 1101; x_wconf 90' lang='lat' dir='ltr'>sed</span> <span class='ocrx_word' id='word_1_250' title='bbox 2039 1050 2199 1102; x_wconf 91' lang='lat' dir='ltr'>non</span> <span class='ocrx_word' id='word_1_251' title='bbox 2269 1036 2456 1105; x_wconf 89' lang='lat' dir='ltr'>sunt</span> <span class='ocrx_word' id='word_1_252' title='bbox 2532 1031 2737 1104; x_wconf 89' lang='lat' dir='ltr'>idem</span> <span class='ocrx_word' id='word_1_253' title='bbox 2810 1037 3198 1123; x_wconf 90' lang='lat' dir='ltr'>quantum</span> <span class='ocrx_word' id='word_1_254' title='bbox 3277 1030 3372 1103; x_wconf 93' lang='lat' dir='ltr'>ad</span> 
     </span>
    </p>
   </div>
   <div class='ocr_carea' id='block_1_9' title="bbox 1825 1147 3425 1241">
    <p class='ocr_par' dir='ltr' id='par_1_12' title="bbox 1825 1147 3425 1241">
     <span class='ocr_line' id='line_1_53' title="bbox 1825 1147 3425 1241; baseline 0.002 -24"><span class='ocrx_word' id='word_1_255' title='bbox 1825 1147 2183 1239; x_wconf 88' lang='lat' dir='ltr'>primum</span> <span class='ocrx_word' id='word_1_256' title='bbox 2249 1153 2732 1241; x_wconf 90' lang='lat' dir='ltr'>conceptum</span> <span class='ocrx_word' id='word_1_257' title='bbox 2811 1148 3364 1240; x_wconf 88' lang='lat' dir='ltr'>significatum</span> <span class='ocrx_word' id='word_1_258' title='bbox 3422 1238 3425 1241; x_wconf 12' lang='grc' dir='ltr'><strong>Δ</strong></span> 
     </span>
    </p>
   </div>
   <div class='ocr_carea' id='block_1_10' title="bbox 1826 1263 3385 3222">
    <p class='ocr_par' dir='ltr' id='par_1_13' title="bbox 1826 1263 3379 2264">
     <span class='ocr_line' id='line_1_54' title="bbox 1826 1263 3373 1357; baseline 0.002 -22"><span class='ocrx_word' id='word_1_259' title='bbox 1826 1263 2284 1354; x_wconf 83' lang='lat' dir='ltr'>utrobique,</span> <span class='ocrx_word' id='word_1_260' title='bbox 2379 1264 2595 1356; x_wconf 53' lang='lat' dir='ltr'>quia»</span> <span class='ocrx_word' id='word_1_261' title='bbox 2654 1267 2897 1339; x_wconf 87' lang='lat' dir='ltr'>Pater</span> <span class='ocrx_word' id='word_1_262' title='bbox 2966 1265 3373 1357; x_wconf 88' lang='lat' dir='ltr'>significat</span> 
     </span>
     <span class='ocr_line' id='line_1_55' title="bbox 1828 1377 3367 1474; baseline 0.002 -26"><span class='ocrx_word' id='word_1_263' title='bbox 1828 1377 2118 1470; x_wconf 89' lang='lat' dir='ltr'>primo,</span> <span class='ocrx_word' id='word_1_264' title='bbox 2184 1384 2264 1452; x_wconf 90' lang='lat' dir='ltr'>et</span> <span class='ocrx_word' id='word_1_265' title='bbox 2324 1400 2471 1474; x_wconf 90' lang='lat' dir='ltr'>per</span> <span class='ocrx_word' id='word_1_266' title='bbox 2542 1401 2625 1452; x_wconf 95' lang='lat' dir='ltr'>se</span> <span class='ocrx_word' id='word_1_267' title='bbox 2712 1380 3225 1473; x_wconf 89' lang='lat' dir='ltr'>suppositum</span> <span class='ocrx_word' id='word_1_268' title='bbox 3285 1380 3367 1453; x_wconf 93' lang='lat' dir='ltr'>in</span> 
     </span>
     <span class='ocr_line' id='line_1_56' title="bbox 1826 1495 3379 1578; baseline 0.003 -14"><span class='ocrx_word' id='word_1_269' title='bbox 1826 1498 2125 1567; x_wconf 86' lang='lat' dir='ltr'>natura</span> <span class='ocrx_word' id='word_1_270' title='bbox 2203 1496 2510 1578; x_wconf 83' lang='lat' dir='ltr'>divina3</span> <span class='ocrx_word' id='word_1_271' title='bbox 2605 1496 2820 1568; x_wconf 89' lang='lat' dir='ltr'>aliud</span> <span class='ocrx_word' id='word_1_272' title='bbox 2904 1500 3177 1569; x_wconf 90' lang='lat' dir='ltr'>autem</span> <span class='ocrx_word' id='word_1_273' title='bbox 3277 1495 3379 1568; x_wconf 90' lang='lat' dir='ltr'>si-</span> 
     </span>
     <span class='ocr_line' id='line_1_57' title="bbox 1827 1610 3374 1705; baseline 0.003 -24"><span class='ocrx_word' id='word_1_274' title='bbox 1827 1610 2158 1702; x_wconf 84' lang='lat' dir='ltr'>gnificat</span> <span class='ocrx_word' id='word_1_275' title='bbox 2225 1612 2514 1705; x_wconf 88' lang='lat' dir='ltr'>primo,</span> <span class='ocrx_word' id='word_1_276' title='bbox 2578 1618 2659 1686; x_wconf 88' lang='lat' dir='ltr'>et</span> <span class='ocrx_word' id='word_1_277' title='bbox 2696 1633 2838 1705; x_wconf 89' lang='lat' dir='ltr'>per</span> <span class='ocrx_word' id='word_1_278' title='bbox 2882 1634 2966 1686; x_wconf 92' lang='lat' dir='ltr'>se</span> <span class='ocrx_word' id='word_1_279' title='bbox 3009 1612 3374 1705; x_wconf 89' lang='lat' dir='ltr'>proprie-</span> 
     </span>
     <span class='ocr_line' id='line_1_58' title="bbox 1826 1727 3372 1807; baseline 0.002 -10"><span class='ocrx_word' id='word_1_280' title='bbox 1826 1728 2083 1800; x_wconf 88' lang='lat' dir='ltr'>tatem</span> <span class='ocrx_word' id='word_1_281' title='bbox 2121 1752 2136 1807; x_wconf 90' lang='lat'>;</span> <span class='ocrx_word' id='word_1_282' title='bbox 2175 1730 2252 1799; x_wconf 91' lang='lat' dir='ltr'>et</span> <span class='ocrx_word' id='word_1_283' title='bbox 2313 1746 2473 1798; x_wconf 88' lang='lat' dir='ltr'>non</span> <span class='ocrx_word' id='word_1_284' title='bbox 2530 1732 2657 1801; x_wconf 93' lang='lat' dir='ltr'>est</span> <span class='ocrx_word' id='word_1_285' title='bbox 2717 1729 2992 1800; x_wconf 86' lang='lat' dir='ltr'>eadem</span> <span class='ocrx_word' id='word_1_286' title='bbox 3059 1727 3183 1800; x_wconf 87' lang='lat' dir='ltr'>vis</span> <span class='ocrx_word' id='word_1_287' title='bbox 3235 1748 3372 1800; x_wconf 91' lang='lat' dir='ltr'>no-</span> 
     </span>
     <span class='ocr_line' id='line_1_59' title="bbox 1832 1843 3364 1938; baseline 0.003 -24"><span class='ocrx_word' id='word_1_288' title='bbox 1832 1843 2071 1915; x_wconf 91' lang='lat' dir='ltr'>minis</span> <span class='ocrx_word' id='word_1_289' title='bbox 2158 1844 2477 1937; x_wconf 87' lang='lat' dir='ltr'>proprii</span> <span class='ocrx_word' id='word_1_290' title='bbox 2588 1850 2669 1917; x_wconf 88' lang='lat' dir='ltr'>ct</span> <span class='ocrx_word' id='word_1_291' title='bbox 2792 1865 2942 1937; x_wconf 91' lang='lat' dir='ltr'>pro</span> <span class='ocrx_word' id='word_1_292' title='bbox 2975 1846 3364 1938; x_wconf 90' lang='lat' dir='ltr'>prietatis</span> 
     </span>
     <span class='ocr_line' id='line_1_60' title="bbox 1829 1958 3377 2043; baseline 0.003 -13"><span class='ocrx_word' id='word_1_293' title='bbox 1829 1958 2208 2043; x_wconf 90' lang='lat' dir='ltr'>nominis,</span> <span class='ocrx_word' id='word_1_294' title='bbox 2254 1960 2335 2032; x_wconf 92' lang='lat' dir='ltr'>in</span> <span class='ocrx_word' id='word_1_295' title='bbox 2395 1959 2914 2034; x_wconf 88' lang='lat' dir='ltr'>invocatione</span> <span class='ocrx_word' id='word_1_296' title='bbox 2955 1961 3176 2035; x_wconf 84' lang='lat' dir='ltr'>facta</span> <span class='ocrx_word' id='word_1_297' title='bbox 3234 1962 3377 2035; x_wconf 91' lang='lat' dir='ltr'>ali-</span> 
     </span>
     <span class='ocr_line' id='line_1_61' title="bbox 1832 2076 3373 2171; baseline 0.003 -23"><span class='ocrx_word' id='word_1_298' title='bbox 1832 2076 2063 2167; x_wconf 88' lang='lat' dir='ltr'>cujus</span> <span class='ocrx_word' id='word_1_299' title='bbox 2126 2097 2519 2168; x_wconf 75' lang='lat' dir='ltr'>personae,</span> <span class='ocrx_word' id='word_1_300' title='bbox 2584 2078 2679 2151; x_wconf 88' lang='lat' dir='ltr'>ad</span> <span class='ocrx_word' id='word_1_301' title='bbox 2732 2079 3084 2171; x_wconf 84' lang='lat' dir='ltr'>aliquem</span> <span class='ocrx_word' id='word_1_302' title='bbox 3144 2078 3373 2152; x_wconf 87' lang='lat' dir='ltr'>effec-</span> 
     </span>
     <span class='ocr_line' id='line_1_62' title="bbox 1832 2196 2034 2264; baseline -0.005 0"><span class='ocrx_word' id='word_1_303' title='bbox 1832 2196 2034 2264; x_wconf 91' lang='lat' dir='ltr'>tum.</span> 
     </span>
    </p>

    <p class='ocr_par' dir='ltr' id='par_1_14' title="bbox 1832 2310 3385 3222">
     <span class='ocr_line' id='line_1_63' title="bbox 1921 2310 3365 2405; baseline 0.003 -24"><span class='ocrx_word' id='word_1_304' title='bbox 1921 2310 2036 2381; x_wconf 89' lang='lat' dir='ltr'>Ad</span> <span class='ocrx_word' id='word_1_305' title='bbox 2104 2311 2481 2383; x_wconf 88' lang='lat' dir='ltr'>ultimum</span> <span class='ocrx_word' id='word_1_306' title='bbox 2539 2313 2741 2397; x_wconf 83' lang='lat' dir='ltr'>dicO,</span> <span class='ocrx_word' id='word_1_307' title='bbox 2809 2313 3017 2405; x_wconf 88' lang='lat' dir='ltr'>quod</span> <span class='ocrx_word' id='word_1_308' title='bbox 3085 2333 3365 2405; x_wconf 89' lang='lat' dir='ltr'>propo·</span> 
     </span>
     <span class='ocr_line' id='line_1_64' title="bbox 1834 2426 3376 2521; baseline 0.003 -24"><span class='ocrx_word' id='word_1_309' title='bbox 1834 2426 2026 2499; x_wconf 89' lang='lat' dir='ltr'>sitio</span> <span class='ocrx_word' id='word_1_310' title='bbox 2096 2427 2569 2521; x_wconf 90' lang='lat' dir='ltr'>Philosophi</span> <span class='ocrx_word' id='word_1_311' title='bbox 2613 2450 2807 2502; x_wconf 89' lang='lat' dir='ltr'>vera</span> <span class='ocrx_word' id='word_1_312' title='bbox 2873 2436 2998 2506; x_wconf 88' lang='lat' dir='ltr'>est</span> <span class='ocrx_word' id='word_1_313' title='bbox 3058 2431 3376 2503; x_wconf 89' lang='lat' dir='ltr'>absolu-</span> 
     </span>
     <span class='ocr_line' id='line_1_65' title="bbox 1833 2544 3377 2640; baseline 0.001 -22"><span class='ocrx_word' id='word_1_314' title='bbox 1833 2548 1913 2618; x_wconf 89' lang='lat' dir='ltr'>te</span> <span class='ocrx_word' id='word_1_315' title='bbox 1980 2544 2069 2616; x_wconf 89' lang='lat' dir='ltr'>de</span> <span class='ocrx_word' id='word_1_316' title='bbox 2111 2547 2572 2619; x_wconf 90' lang='lat' dir='ltr'>nominibus</span> <span class='ocrx_word' id='word_1_317' title='bbox 2634 2548 3194 2640; x_wconf 88' lang='lat' dir='ltr'>transpositis,</span> <span class='ocrx_word' id='word_1_318' title='bbox 3244 2549 3377 2621; x_wconf 89' lang='lat' dir='ltr'>sed</span> 
     </span>
     <span class='ocr_line' id='line_1_66' title="bbox 1832 2663 3381 2758; baseline 0.005 -27"><span class='ocrx_word' id='word_1_319' title='bbox 1832 2680 1992 2732; x_wconf 91' lang='lat' dir='ltr'>non</span> <span class='ocrx_word' id='word_1_320' title='bbox 2044 2663 2415 2754; x_wconf 85' lang='lat' dir='ltr'>sequitur</span> <span class='ocrx_word' id='word_1_321' title='bbox 2473 2665 2677 2756; x_wconf 90' lang='lat' dir='ltr'>quod</span> <span class='ocrx_word' id='word_1_322' title='bbox 2738 2671 3175 2758; x_wconf 89' lang='lat' dir='ltr'>conceptus</span> <span class='ocrx_word' id='word_1_323' title='bbox 3267 2668 3381 2738; x_wconf 90' lang='lat' dir='ltr'>to-</span> 
     </span>
     <span class='ocr_line' id='line_1_67' title="bbox 1835 2779 3380 2857; baseline 0.002 -6"><span class='ocrx_word' id='word_1_324' title='bbox 1835 2779 1999 2851; x_wconf 89' lang='lat' dir='ltr'>tius</span> <span class='ocrx_word' id='word_1_325' title='bbox 2070 2781 2473 2853; x_wconf 88' lang='lat' dir='ltr'>orationis</span> <span class='ocrx_word' id='word_1_326' title='bbox 2514 2804 2613 2853; x_wconf 83' lang='lat' dir='ltr'>ex</span> <span class='ocrx_word' id='word_1_327' title='bbox 2676 2782 2971 2857; x_wconf 87' lang='lat' dir='ltr'>talibus</span> <span class='ocrx_word' id='word_1_328' title='bbox 3042 2781 3380 2855; x_wconf 89' lang='lat' dir='ltr'>nomini-</span> 
     </span>
     <span class='ocr_line' id='line_1_68' title="bbox 1834 2892 3385 2991; baseline 0.006 -27"><span class='ocrx_word' id='word_1_329' title='bbox 1834 2892 1979 2966; x_wconf 91' lang='lat' dir='ltr'>bus</span> <span class='ocrx_word' id='word_1_330' title='bbox 2077 2896 2193 2969; x_wconf 90' lang='lat' dir='ltr'>sic</span> <span class='ocrx_word' id='word_1_331' title='bbox 2278 2902 2359 2971; x_wconf 92' lang='lat' dir='ltr'>et</span> <span class='ocrx_word' id='word_1_332' title='bbox 2439 2898 2553 2970; x_wconf 90' lang='lat' dir='ltr'>sic</span> <span class='ocrx_word' id='word_1_333' title='bbox 2656 2900 3215 2991; x_wconf 85' lang='lat' dir='ltr'>transpositis,</span> <span class='ocrx_word' id='word_1_334' title='bbox 3277 2898 3385 2973; x_wconf 94' lang='lat' dir='ltr'>sit</span> 
     </span>
     <span class='ocr_line' id='line_1_69' title="bbox 1836 3011 3383 3094; baseline 0.004 -12"><span class='ocrx_word' id='word_1_335' title='bbox 1836 3011 2088 3094; x_wconf 88' lang='lat' dir='ltr'>idem;</span> <span class='ocrx_word' id='word_1_336' title='bbox 2137 3013 2406 3086; x_wconf 87' lang='lat' dir='ltr'>forma</span> <span class='ocrx_word' id='word_1_337' title='bbox 2451 3019 2722 3088; x_wconf 90' lang='lat' dir='ltr'>autem</span> <span class='ocrx_word' id='word_1_338' title='bbox 2766 3036 2926 3089; x_wconf 93' lang='lat' dir='ltr'>non</span> <span class='ocrx_word' id='word_1_339' title='bbox 2995 3015 3383 3089; x_wconf 90' lang='lat' dir='ltr'>consistit</span> 
     </span>
     <span class='ocr_line' id='line_1_70' title="bbox 1836 3128 3381 3222; baseline 0.007 -28"><span class='ocrx_word' id='word_1_340' title='bbox 1836 3132 2146 3203; x_wconf 86' lang='lat' dir='ltr'>tantum</span> <span class='ocrx_word' id='word_1_341' title='bbox 2228 3128 2307 3202; x_wconf 91' lang='lat' dir='ltr'>in</span> <span class='ocrx_word' id='word_1_342' title='bbox 2405 3130 3005 3222; x_wconf 82' lang='lat' dir='ltr'>significatione</span> <span class='ocrx_word' id='word_1_343' title='bbox 3069 3133 3381 3206; x_wconf 91' lang='lat' dir='ltr'>incom-</span> 
     </span>
    </p>
   </div>
   <div class='ocr_carea' id='block_1_11' title="bbox 1837 3245 3384 3438">
    <p class='ocr_par' dir='ltr' id='par_1_15' title="bbox 1837 3245 3384 3438">
     <span class='ocr_line' id='line_1_71' title="bbox 1837 3245 3384 3342; baseline 0.002 -25"><span class='ocrx_word' id='word_1_344' title='bbox 1837 3245 2290 3337; x_wconf 87' lang='lat' dir='ltr'>plexorum,</span> <span class='ocrx_word' id='word_1_345' title='bbox 2382 3251 2515 3322; x_wconf 91' lang='lat' dir='ltr'>sed</span> <span class='ocrx_word' id='word_1_346' title='bbox 2611 3251 2692 3321; x_wconf 90' lang='lat' dir='ltr'>in</span> <span class='ocrx_word' id='word_1_347' title='bbox 2788 3249 3384 3342; x_wconf 86' lang='lat' dir='ltr'>significatione</span> 
     </span>
     <span class='ocr_line' id='line_1_72' title="bbox 1841 3361 2608 3438; baseline 0.003 -4"><span class='ocrx_word' id='word_1_348' title='bbox 1841 3361 2098 3436; x_wconf 90' lang='lat' dir='ltr'>totius</span> <span class='ocrx_word' id='word_1_349' title='bbox 2179 3365 2608 3438; x_wconf 79' lang='lat' dir='ltr'>orationis,</span> 
     </span>
    </p>
   </div>
   <div class='ocr_carea' id='block_1_12' title="bbox 2280 3641 2954 3710">
    <p class='ocr_par' dir='ltr' id='par_1_16' title="bbox 2280 3641 2954 3710">
     <span class='ocr_line' id='line_1_73' title="bbox 2280 3641 2954 3710; baseline 0 -2"><span class='ocrx_word' id='word_1_350' title='bbox 2280 3641 2922 3710; x_wconf 79' lang='lat' dir='ltr'><strong>COMMENTARIUS</strong></span> <span class='ocrx_word' id='word_1_351' title='bbox 2942 3696 2954 3708; x_wconf 93' lang='lat'>.</span> 
     </span>
    </p>
   </div>
   <div class='ocr_carea' id='block_1_13' title="bbox 1844 3848 3398 4755">
    <p class='ocr_par' dir='ltr' id='par_1_17' title="bbox 1844 3848 3397 4633">
     <span class='ocr_line' id='line_1_74' title="bbox 1934 3848 3387 3943; baseline 0.006 -30"><span class='ocrx_word' id='word_1_352' title='bbox 1934 3848 2029 3936; x_wconf 84' lang='lat' dir='ltr'>(k)</span> <span class='ocrx_word' id='word_1_353' title='bbox 2096 3852 2192 3915; x_wconf 88' lang='lat' dir='ltr'>De</span> <span class='ocrx_word' id='word_1_354' title='bbox 2284 3853 2482 3917; x_wconf 77' lang='lat' dir='ltr'>tercia</span> <span class='ocrx_word' id='word_1_355' title='bbox 2558 3856 2938 3920; x_wconf 81' lang='lat' dir='ltr'>variatione</span> <span class='ocrx_word' id='word_1_356' title='bbox 3007 3857 3387 3943; x_wconf 82' lang='lat' dir='ltr'>principali</span> 
     </span>
     <span class='ocr_line' id='line_1_75' title="bbox 1844 3966 3391 4058; baseline 0.005 -28"><span class='ocrx_word' id='word_1_357' title='bbox 1844 3976 2164 4051; x_wconf 78' lang='lat' dir='ltr'>quantum</span> <span class='ocrx_word' id='word_1_358' title='bbox 2210 3966 2300 4032; x_wconf 89' lang='lat' dir='ltr'>ad</span> <span class='ocrx_word' id='word_1_359' title='bbox 2377 3970 2788 4054; x_wconf 79' lang='lat' dir='ltr'>qualitatem,</span> <span class='ocrx_word' id='word_1_360' title='bbox 2871 3982 2993 4037; x_wconf 89' lang='lat' dir='ltr'>etc.</span> <span class='ocrx_word' id='word_1_361' title='bbox 3077 3971 3391 4058; x_wconf 81' lang='lat' dir='ltr'>intelligit</span> 
     </span>
     <span class='ocr_line' id='line_1_76' title="bbox 1846 4079 3396 4175; baseline 0.006 -31"><span class='ocrx_word' id='word_1_362' title='bbox 1846 4079 2221 4167; x_wconf 85' lang='lat' dir='ltr'>qualitatem</span> <span class='ocrx_word' id='word_1_363' title='bbox 2311 4103 2439 4148; x_wconf 90' lang='lat' dir='ltr'>non</span> <span class='ocrx_word' id='word_1_364' title='bbox 2482 4087 2890 4172; x_wconf 85' lang='lat' dir='ltr'>Logicaliter‚</span> <span class='ocrx_word' id='word_1_365' title='bbox 2972 4087 3123 4175; x_wconf 88' lang='lat' dir='ltr'>quia</span> <span class='ocrx_word' id='word_1_366' title='bbox 3163 4088 3259 4155; x_wconf 90' lang='lat' dir='ltr'>sic</span> <span class='ocrx_word' id='word_1_367' title='bbox 3297 4100 3396 4154; x_wconf 88' lang='lat' dir='ltr'>at-</span> 
     </span>
     <span class='ocr_line' id='line_1_77' title="bbox 1846 4195 3397 4272; baseline 0.008 -14"><span class='ocrx_word' id='word_1_368' title='bbox 1846 4195 2135 4262; x_wconf 83' lang='lat' dir='ltr'>tenditur</span> <span class='ocrx_word' id='word_1_369' title='bbox 2174 4199 2532 4266; x_wconf 89' lang='lat' dir='ltr'>secundum</span> <span class='ocrx_word' id='word_1_370' title='bbox 2607 4202 3109 4270; x_wconf 81' lang='lat' dir='ltr'>affirmationem</span> <span class='ocrx_word' id='word_1_371' title='bbox 3157 4216 3219 4270; x_wconf 84' lang='lat' dir='ltr'>et</span> <span class='ocrx_word' id='word_1_372' title='bbox 3283 4226 3397 4272; x_wconf 91' lang='lat' dir='ltr'>ne-</span> 
     </span>
     <span class='ocr_line' id='line_1_78' title="bbox 1845 4313 3395 4407; baseline 0.008 -31"><span class='ocrx_word' id='word_1_373' title='bbox 1845 4313 2200 4398; x_wconf 88' lang='lat' dir='ltr'>gationem,</span> <span class='ocrx_word' id='word_1_374' title='bbox 2246 4315 2359 4381; x_wconf 86' lang='lat' dir='ltr'>sed</span> <span class='ocrx_word' id='word_1_375' title='bbox 2402 4318 3006 4397; x_wconf 87' lang='lat' dir='ltr'>Grammaticaliter‚</span> <span class='ocrx_word' id='word_1_376' title='bbox 3058 4322 3248 4407; x_wconf 84' lang='lat' dir='ltr'>juxta</span> <span class='ocrx_word' id='word_1_377' title='bbox 3279 4342 3395 4388; x_wconf 87' lang='lat' dir='ltr'>va-</span> 
     </span>
     <span class='ocr_line' id='line_1_79' title="bbox 1849 4427 3395 4522; baseline 0.008 -30"><span class='ocrx_word' id='word_1_378' title='bbox 1849 4427 1979 4494; x_wconf 86' lang='lat' dir='ltr'>rias</span> <span class='ocrx_word' id='word_1_379' title='bbox 2045 4429 2537 4497; x_wconf 81' lang='lat' dir='ltr'>terminationes</span> <span class='ocrx_word' id='word_1_380' title='bbox 2616 4434 2830 4512; x_wconf 85' lang='lat' dir='ltr'>vocis;</span> <span class='ocrx_word' id='word_1_381' title='bbox 2894 4455 3117 4502; x_wconf 88' lang='lat' dir='ltr'>casum</span> <span class='ocrx_word' id='word_1_382' title='bbox 3197 4458 3395 4522; x_wconf 90' lang='lat' dir='ltr'>supra</span> 
     </span>
     <span class='ocr_line' id='line_1_80' title="bbox 1849 4525 3221 4633; baseline 0.009 -26"><span class='ocrx_word' id='word_1_383' title='bbox 1849 4542 2312 4630; x_wconf 86' lang='lat' dir='ltr'>explicuimus,</span> <span class='ocrx_word' id='word_1_384' title='bbox 2366 4561 2595 4633; x_wconf 88' lang='lat' dir='ltr'>estque</span> <span class='ocrx_word' id='word_1_385' title='bbox 2634 4549 2848 4616; x_wconf 87' lang='lat' dir='ltr'>clarus</span> <span class='ocrx_word' id='word_1_386' title='bbox 2894 4570 2977 4616; x_wconf 80' lang='lat' dir='ltr'>ex</span> <span class='ocrx_word' id='word_1_387' title='bbox 3014 4525 3221 4619; x_wconf 86' lang='lat' dir='ltr'>textu.</span> 
     </span>
    </p>

    <p class='ocr_par' dir='ltr' id='par_1_18' title="bbox 1940 4658 3398 4755">
     <span class='ocr_line' id='line_1_81' title="bbox 1940 4658 3398 4755; baseline 0.009 -32"><span class='ocrx_word' id='word_1_388' title='bbox 1940 4658 2011 4746; x_wconf 91' lang='grc' dir='ltr'>(Ι)</span> <span class='ocrx_word' id='word_1_389' title='bbox 2089 4661 2185 4724; x_wconf 86' lang='lat' dir='ltr'>De</span> <span class='ocrx_word' id='word_1_390' title='bbox 2251 4672 2490 4747; x_wconf 79' lang='lat' dir='ltr'>quarta</span> <span class='ocrx_word' id='word_1_391' title='bbox 2575 4667 2951 4731; x_wconf 76' lang='lat' dir='ltr'>variatione</span> <span class='ocrx_word' id='word_1_392' title='bbox 3037 4670 3398 4755; x_wconf 80' lang='lat' dir='ltr'>principa-</span> 
     </span>
    </p>
   </div>
   <div class='ocr_carea' id='block_1_14' title="bbox 1856 4776 3423 4870">
    <p class='ocr_par' dir='ltr' id='par_1_19' title="bbox 1856 4776 3423 4870">
     <span class='ocr_line' id='line_1_82' title="bbox 1856 4776 3423 4870; baseline 0.01 -29"><span class='ocrx_word' id='word_1_393' title='bbox 1856 4776 1930 4851; x_wconf 78' lang='lat' dir='ltr'>li,</span> <span class='ocrx_word' id='word_1_394' title='bbox 1965 4789 2085 4842; x_wconf 88' lang='lat' dir='ltr'>etc.</span> <span class='ocrx_word' id='word_1_395' title='bbox 2127 4777 2193 4843; x_wconf 90' lang='lat' dir='ltr'>Si</span> <span class='ocrx_word' id='word_1_396' title='bbox 2264 4780 2475 4844; x_wconf 86' lang='lat' dir='ltr'>variat</span> <span class='ocrx_word' id='word_1_397' title='bbox 2523 4800 2791 4847; x_wconf 88' lang='lat' dir='ltr'>sensum</span> <span class='ocrx_word' id='word_1_398' title='bbox 2860 4785 3423 4870; x_wconf 61' lang='lat' dir='ltr'>substantialem„</span> 
     </span>
    </p>
   </div>
   <div class='ocr_carea' id='block_1_15' title="bbox 1854 4893 3403 5104">
    <p class='ocr_par' dir='ltr' id='par_1_20' title="bbox 1854 4893 3403 5104">
     <span class='ocr_line' id='line_1_83' title="bbox 1854 4893 3403 4985; baseline 0.01 -27"><span class='ocrx_word' id='word_1_399' title='bbox 1854 4893 2214 4978; x_wconf 88' lang='lat' dir='ltr'>corrumpit</span> <span class='ocrx_word' id='word_1_400' title='bbox 2243 4894 2539 4962; x_wconf 82' lang='lat' dir='ltr'>formam.</span> <span class='ocrx_word' id='word_1_401' title='bbox 2579 4900 2966 4985; x_wconf 88' lang='lat' dir='ltr'>Exemplum</span> <span class='ocrx_word' id='word_1_402' title='bbox 3001 4903 3247 4971; x_wconf 89' lang='lat' dir='ltr'>clarum</span> <span class='ocrx_word' id='word_1_403' title='bbox 3301 4921 3403 4974; x_wconf 87' lang='lat' dir='ltr'>est</span> 
     </span>
     <span class='ocr_line' id='line_1_84' title="bbox 1860 5009 3402 5104; baseline 0.01 -30"><span class='ocrx_word' id='word_1_404' title='bbox 1860 5009 1923 5074; x_wconf 90' lang='lat' dir='ltr'>in</span> <span class='ocrx_word' id='word_1_405' title='bbox 1956 5019 2161 5086; x_wconf 87' lang='lat' dir='ltr'>textu,</span> <span class='ocrx_word' id='word_1_406' title='bbox 2203 5021 2302 5075; x_wconf 89' lang='lat' dir='ltr'>ut:</span> <span class='ocrx_word' id='word_1_407' title='bbox 2340 5014 2481 5099; x_wconf 72' lang='lat' dir='ltr'>Eyo</span> <span class='ocrx_word' id='word_1_408' title='bbox 2520 5015 2748 5080; x_wconf 75' lang='lat' dir='ltr'>Patris</span> <span class='ocrx_word' id='word_1_409' title='bbox 2789 5016 3054 5104; x_wconf 77' lang='lat' dir='ltr'>baptizo</span> <span class='ocrx_word' id='word_1_410' title='bbox 3085 5033 3144 5086; x_wconf 80' lang='lat' dir='ltr'>te</span> <span class='ocrx_word' id='word_1_411' title='bbox 3180 5023 3259 5100; x_wconf 16' lang='lat' dir='ltr'>,in</span> <span class='ocrx_word' id='word_1_412' title='bbox 3286 5045 3402 5090; x_wconf 83' lang='lat' dir='ltr'>no-</span> 
     </span>
    </p>
   </div>
   <div class='ocr_carea' id='block_1_16' title="bbox 1860 5124 3425 5222">
    <p class='ocr_par' dir='ltr' id='par_1_21' title="bbox 1860 5124 3425 5222">
     <span class='ocr_line' id='line_1_85' title="bbox 1860 5124 3425 5222; baseline 0.014 -33"><span class='ocrx_word' id='word_1_413' title='bbox 1860 5127 2038 5191; x_wconf 79' lang='lat' dir='ltr'>mine</span> <span class='ocrx_word' id='word_1_414' title='bbox 2087 5124 2297 5205; x_wconf 79' lang='lat' dir='ltr'>Filii3</span> <span class='ocrx_word' id='word_1_415' title='bbox 2380 5128 2431 5194; x_wconf 84' lang='lat' dir='ltr'>si</span> <span class='ocrx_word' id='word_1_416' title='bbox 2492 5143 2706 5195; x_wconf 86' lang='lat' dir='ltr'>autem</span> <span class='ocrx_word' id='word_1_417' title='bbox 2779 5138 3199 5222; x_wconf 83' lang='lat' dir='ltr'>transpositio</span> <span class='ocrx_word' id='word_1_418' title='bbox 3275 5160 3425 5212; x_wconf 76' lang='lat' dir='ltr'>non.</span> 
     </span>
    </p>
   </div>
   <div class='ocr_carea' id='block_1_17' title="bbox 1863 5242 3398 5459">
    <p class='ocr_par' dir='ltr' id='par_1_22' title="bbox 1863 5242 3398 5459">
     <span class='ocr_line' id='line_1_86' title="bbox 1863 5242 3397 5325; baseline 0.014 -21"><span class='ocrx_word' id='word_1_419' title='bbox 1863 5242 2069 5307; x_wconf 87' lang='lat' dir='ltr'>variat</span> <span class='ocrx_word' id='word_1_420' title='bbox 2127 5264 2393 5310; x_wconf 89' lang='lat' dir='ltr'>sensum</span> <span class='ocrx_word' id='word_1_421' title='bbox 2470 5245 2721 5325; x_wconf 80' lang='lat' dir='ltr'>formae,</span> <span class='ocrx_word' id='word_1_422' title='bbox 2798 5270 2923 5317; x_wconf 89' lang='lat' dir='ltr'>non</span> <span class='ocrx_word' id='word_1_423' title='bbox 2973 5255 3139 5322; x_wconf 89' lang='lat' dir='ltr'>tollit</span> <span class='ocrx_word' id='word_1_424' title='bbox 3180 5257 3397 5325; x_wconf 79' lang='lat' dir='ltr'>effica-</span> 
     </span>
     <span class='ocr_line' id='line_1_87' title="bbox 1864 5358 3398 5459; baseline 0.012 -37"><span class='ocrx_word' id='word_1_425' title='bbox 1864 5358 2026 5422; x_wconf 89' lang='lat' dir='ltr'>ciam</span> <span class='ocrx_word' id='word_1_426' title='bbox 2077 5360 2246 5446; x_wconf 81' lang='lat' dir='ltr'>ejuS‚</span> <span class='ocrx_word' id='word_1_427' title='bbox 2290 5375 2359 5426; x_wconf 89' lang='lat' dir='ltr'>ut</span> <span class='ocrx_word' id='word_1_428' title='bbox 2399 5360 2453 5426; x_wconf 88' lang='lat' dir='ltr'>si</span> <span class='ocrx_word' id='word_1_429' title='bbox 2497 5360 2748 5430; x_wconf 88' lang='lat' dir='ltr'>dicatur</span> <span class='ocrx_word' id='word_1_430' title='bbox 2785 5368 2859 5432; x_wconf 84' lang='lat' dir='ltr'>in</span> <span class='ocrx_word' id='word_1_431' title='bbox 2900 5373 3168 5437; x_wconf 83' lang='lat' dir='ltr'>nomine</span> <span class='ocrx_word' id='word_1_432' title='bbox 3205 5373 3398 5459; x_wconf 79' lang='lat' dir='ltr'>Filii,</span> 
     </span>
    </p>
   </div>
   <div class='ocr_carea' id='block_1_18' title="bbox 3468 2341 3650 2395">
    <p class='ocr_par' dir='ltr' id='par_1_23' title="bbox 3468 2341 3650 2395">
     <span class='ocr_line' id='line_1_88' title="bbox 3468 2341 3650 2395; baseline 0.016 -3"><span class='ocrx_word' id='word_1_433' title='bbox 3468 2342 3547 2392; x_wconf 80' lang='lat' dir='ltr'>Ad</span> <span class='ocrx_word' id='word_1_434' title='bbox 3596 2341 3650 2395; x_wconf 79' lang='lat'>8.</span> 
     </span>
    </p>
   </div>
   <div class='ocr_carea' id='block_1_19' title="bbox 3536 3825 3617 3878">
    <p class='ocr_par' dir='ltr' id='par_1_24' title="bbox 3536 3825 3617 3878">
     <span class='ocr_line' id='line_1_89' title="bbox 3536 3825 3617 3878; baseline -0.025 -1"><span class='ocrx_word' id='word_1_435' title='bbox 3536 3825 3617 3878; x_wconf 79' lang='lat'>77.</span> 
     </span>
    </p>
   </div>
   <div class='ocr_carea' id='block_1_20' title="bbox 1866 5475 3707 5563">
    <p class='ocr_par' dir='ltr' id='par_1_25' title="bbox 1866 5475 3707 5563">
     <span class='ocr_line' id='line_1_90' title="bbox 1866 5475 3707 5563; baseline 0.012 -26"><span class='ocrx_word' id='word_1_436' title='bbox 1866 5486 1925 5538; x_wconf 81' lang='grc' dir='ltr'>ει</span> <span class='ocrx_word' id='word_1_437' title='bbox 1965 5475 2214 5552; x_wconf 64' lang='lat' dir='ltr'>Patria,</span> <span class='ocrx_word' id='word_1_438' title='bbox 2264 5489 2385 5546; x_wconf 86' lang='lat' dir='ltr'>etc,</span> <span class='ocrx_word' id='word_1_439' title='bbox 2439 5491 2660 5563; x_wconf 87' lang='lat' dir='ltr'>peccat</span> <span class='ocrx_word' id='word_1_440' title='bbox 2698 5493 2917 5548; x_wconf 87' lang='lat' dir='ltr'>tamen</span> <span class='ocrx_word' id='word_1_441' title='bbox 2972 5487 3273 5557; x_wconf 87' lang='lat' dir='ltr'>minister</span> <span class='ocrx_word' id='word_1_442' title='bbox 3311 5493 3407 5559; x_wconf 89' lang='lat' dir='ltr'>sic</span> <span class='ocrx_word' id='word_1_443' title='bbox 3482 5490 3707 5542; x_wconf 65' lang='lat' dir='ltr'>Invenio</span> 
     </span>
    </p>
   </div>
   <div class='ocr_carea' id='block_1_21' title="bbox 3500 5555 3703 5606">
    <p class='ocr_par' dir='ltr' id='par_1_26' title="bbox 3500 5555 3703 5606">
     <span class='ocr_line' id='line_1_91' title="bbox 3500 5555 3703 5606; baseline 0.005 -1"><span class='ocrx_word' id='word_1_444' title='bbox 3500 5555 3703 5606; x_wconf 70' lang='lat' dir='ltr'>ordinis</span> 
     </span>
    </p>
   </div>
   <div class='ocr_carea' id='block_1_22' title="bbox 1868 5592 3745 5681">
    <p class='ocr_par' dir='ltr' id='par_1_27' title="bbox 1868 5592 3745 5681">
     <span class='ocr_line' id='line_1_92' title="bbox 1868 5592 3745 5681; baseline 0.013 -25"><span class='ocrx_word' id='word_1_445' title='bbox 1868 5592 2230 5677; x_wconf 64' lang='lat' dir='ltr'>iuvet-tem,</span> <span class='ocrx_word' id='word_1_446' title='bbox 2299 5594 2450 5681; x_wconf 88' lang='lat' dir='ltr'>quia</span> <span class='ocrx_word' id='word_1_447' title='bbox 2516 5606 2775 5666; x_wconf 86' lang='lat' dir='ltr'>tenetur</span> <span class='ocrx_word' id='word_1_448' title='bbox 2842 5620 2971 5667; x_wconf 90' lang='lat' dir='ltr'>non</span> <span class='ocrx_word' id='word_1_449' title='bbox 3083 5604 3415 5679; x_wconf 88' lang='lat' dir='ltr'>invertere</span> <span class='ocrx_word' id='word_1_450' title='bbox 3465 5617 3745 5670; x_wconf 70' lang='lat' dir='ltr'>secundum</span> 
     </span>
    </p>
   </div>
   <div class='ocr_carea' id='block_1_23' title="bbox 3038 5717 3099 5772">
    <p class='ocr_par' dir='ltr' id='par_1_28' title="bbox 3038 5717 3099 5772">
     <span class='ocr_line' id='line_1_93' title="bbox 3038 5717 3099 5772; baseline 0.016 -1"><span class='ocrx_word' id='word_1_451' title='bbox 3038 5717 3099 5772; x_wconf 79' lang='lat'>21</span> 
     </span>
    </p>
   </div>
  </div>
 </body>
</html>
