4255 6375
661 376 773 437 108

673 547 796 605 etc.
866 549 1115 627 spectat
1147 542 1225 608 ad
1276 563 1479 609 unum
1512 563 1629 632 per
1667 563 1737 609 se
1805 554 2219 630 conceptum,

673 653 1014 740 pluralitas
1071 678 1141 724 se
1192 659 1388 726 habet
1436 680 1518 726 ex
1548 671 1729 747 parte
1789 659 2223 740 fundamenti,

675 769 781 835 vel
850 771 1136 851 termini,
1179 785 1248 840 ut
1288 774 1353 839 in
1419 776 1718 862 sequenti
1763 774 2223 842 declarabitur.

415 962 598 1074 1)εὲοη
682 998 943 1068 deficiat
989 1003 1070 1069 ab
1129 1004 1234 1070 illa
1291 1006 1688 1091 conditione,
1742 1006 1916 1094 quod
1977 1020 2077 1073 est
2116 1028 2233 1072 ex-

353 1088 640 1201 ᾗσζῖὶᾞξῇῗῖξξ
689 1116 929 1203 plicare
977 1121 1141 1206 qnid
1197 1124 1590 1209 completum
1621 1125 1793 1189 entis
1840 1124 2068 1201 realis,
2117 1143 2232 1188 seu

398 1213 584 1265 stricti.
684 1249 867 1302 extra
915 1236 1199 1302 animam
1235 1238 1605 1319 existentiS,
1656 1239 1805 1327 quia
1857 1238 2008 1304 licet
2048 1238 2115 1303 in
2168 1259 2238 1305 re

684 1351 769 1417 sit
828 1352 1123 1440 aptitudo
1161 1354 1239 1420 ad
1308 1355 1702 1442 signandum
1761 1357 2064 1423 effectum
2140 1356 2234 1420 si-

683 1482 983 1555 gnatum,
1019 1484 1235 1538 tamen
1283 1473 1422 1559 ipsa
1464 1473 1858 1560 significatio
1892 1494 2019 1539 non
2060 1493 2234 1539 com-

686 1587 846 1674 petit
885 1587 970 1668 ei,
1026 1588 1150 1653 nisi
1201 1610 1316 1675 per
1365 1602 1581 1656 actum
1634 1589 2058 1677 imponentis,
2103 1610 2233 1655 non

685 1716 901 1770 autem
956 1726 1037 1770 ex
1091 1718 1320 1771 natura
1381 1707 1498 1773 rei.

385 1848 521 1909 Quid
557 1848 625 1900 sit
775 1821 1085 1907 Aptitudo
1117 1821 1226 1888 illa
1247 1822 1327 1888 ad
1361 1823 1784 1909 signandum,
1822 1845 2016 1911 quam
2039 1823 2236 1891 habet

337 1912 659 2026 aptitggorei
687 1957 789 2003 res
840 1935 1176 2003 sensibilis
1234 1937 1557 2017 instituta,
1631 1938 1985 2004 attenditur
2034 1959 2235 2025 penes

374 2038 414 2086 ⁸³
442 2117 471 2150 u
476 2038 662 2150 ‘gigan-
686 2053 1054 2140 analogiam
1097 2055 1470 2141 quamdam,
1517 2076 1715 2143 quam
1762 2057 1957 2121 habet
2011 2056 2089 2121 ad
2150 2058 2236 2122 ef·

396 2161 638 2277 Afflffi-‘j‘i‘
693 2173 929 2237 fectum
964 2194 1157 2259 quem
1203 2173 1554 2260 significat,
1603 2187 1673 2240 ut
1720 2174 1968 2241 ablutio
2008 2196 2237 2262 corpo-

688 2289 777 2355 ris
821 2310 934 2374 per
974 2310 1211 2377 aquam
1279 2290 1356 2355 ad
1401 2291 1802 2357 ablutionem
1863 2292 2236 2379 significan-

683 2402 832 2469 dam
872 2404 1109 2470 animae
1164 2426 1198 2470 a
1242 2418 1504 2491 peccato
1564 2427 1677 2491 per
1716 2386 2020 2494 gratiam.
2076 2409 2239 2476 Hinc

681 2519 1094 2606 Augustinus
1133 2520 1407 2606 epistola
1447 2525 1555 2586 23.
1609 2522 1739 2588 ait:
1796 2524 2235 2590 Sacramenta

683 2636 1039 2722 quamdam
1110 2638 1625 2703 similitudinem
1693 2640 1932 2706 liabent
2008 2662 2236 2707 earum

680 2774 930 2832 rerum,
987 2773 1269 2839 quarum
1308 2764 1460 2819 sunl
1518 2756 1974 2836 Sacramenta,
2040 2779 2238 2844 quam

680 2872 743 2933 si
780 2890 916 2934 non
948 2870 1290 2950 haberent,
1327 2872 1601 2936 omnino
1632 2872 2070 2939 Sacramenta
2099 2895 2237 2940 non

683 2997 915 3065 essent,
967 2998 1093 3052 etc.
1139 2997 1203 3052 et
1236 2988 1348 3053 lib.
1385 2988 1466 3053 de
1501 2988 2021 3056 Calechizandis
2051 2991 2238 3056 rudi-

681 3104 796 3170 bus
834 3125 984 3191 cap.
1024 3105 1133 3170 26.
1189 3116 1412 3171 monet
1452 3116 1521 3170 ut
1553 3126 1627 3171 ex
1680 3104 2110 3172 similitudine
2143 3108 2235 3173 rei

680 3221 1194 3286 catechumenus
1235 3218 1314 3284 de
1351 3220 1591 3286 effectu
1644 3219 1981 3304 invisibili,
2037 3244 2234 3310 quem

680 3336 1033 3425 significat,
1115 3334 1503 3402 instruatur.
1583 3336 1760 3402 Idem
1833 3338 1941 3403 alii
2011 3340 2237 3406 Patres

679 3451 1041 3530 insinuant,
1097 3449 1505 3517 declarantes
1540 3451 1890 3532 rationem,
1927 3453 2009 3519 ob
2032 3473 2233 3541 quam

682 3569 1099 3634 Sacramenta
1137 3566 1205 3631 in
1262 3566 1460 3633 rebus
1515 3567 1939 3636 sensibilibus
1968 3570 2233 3636 institu-

684 3696 768 3750 tae
798 3697 975 3763 sunt,
1039 3703 1209 3764 esse,
1256 3694 1327 3748 ut
1380 3704 1458 3748 ex
1517 3684 1621 3750 his
1669 3684 1747 3750 ad
1799 3686 2237 3774 intelligibilia

682 3810 748 3866 et
789 3798 1142 3864 invisibilia
1175 3799 1438 3864 animus
1469 3813 1801 3886 assurgat.
1853 3801 2037 3868 Unde
2069 3803 2239 3869 hanc

374 3925 649 3991 Magister.
684 3914 1182 3983 similitudinem
1221 3916 1571 4003 analogam
1615 3917 2056 4005 proportionis
2105 3929 2235 3985 tam

413 3990 579 4053 nugo.
691 4032 1001 4120 Magister
1052 4052 1248 4119 quam
1292 4036 1480 4119 Hugo
1524 4034 1589 4099 in
1633 4033 2080 4101 definitionem
2124 4039 2240 4102 Sa·

689 4148 1009 4216 eramenti
1062 4146 1567 4215 transtulerunt.

383 4255 614 4382 vag-nez
778 4268 1070 4351 vasquez
1118 4264 1293 4349 disp.
1343 4267 1494 4330 128.
1538 4287 1683 4352 cap.
1728 4271 1792 4332 4.
1840 4267 2005 4333 hanc
2043 4266 2240 4333 inter·

409 4383 595 4431 renuit.
691 4383 1118 4472 pretationem
1199 4382 1525 4469 reprobat,
1599 4382 1751 4471 quia
1830 4385 2241 4471 Augustinus

689 4520 818 4566 non
897 4499 1202 4586 intelligit
1288 4498 1765 4567 simultitudem
1848 4500 2235 4582 naturalem,

688 4615 799 4682 sed
842 4636 1012 4696 eam,
1057 4636 1207 4704 quae
1247 4627 1348 4683 est
1391 4615 1570 4704 signi
1623 4638 1704 4683 ex
1745 4617 2071 4697 institut0,
2126 4617 2240 4684 sed

689 4731 925 4798 melius
956 4732 1251 4819 antiqui;
1306 4733 1482 4801 unde
1521 4734 1934 4821 Augustinus
1974 4733 2236 4800 subdit:

688 4850 799 4914 Ex
858 4851 985 4916 hac
1044 4859 1262 4914 autem
1346 4850 1804 4915 similitudine
1854 4851 2245 4936 plerumque

684 4966 884 5031 eciam
984 4966 1286 5050 ipsarum
1378 4985 1609 5030 rerum
1707 4966 1984 5031 nomina
2067 4966 2241 5032 acci-

683 5083 903 5166 piunt,
949 5095 1075 5149 etc.
1130 5093 1192 5146 et
1242 5080 1307 5146 in
1350 5080 1478 5147 alio
1526 5081 1668 5147 loco
1714 5080 1952 5147 citato:
2000 5083 2245 5148 Dicen-

689 5196 847 5261 dum
888 5200 1106 5276 eciam,
1155 5196 1393 5285 inquit,
1449 5206 1509 5262 el
1557 5196 1719 5283 quid
1773 5198 2140 5284 siqnilicet,
2185 5208 2245 5263 et

664 5301 903 5388 'sermo
953 5324 1088 5402 aze,
1165 5344 1360 5410 quem
1416 5323 1708 5403 audivit,
1792 5325 1958 5410 quid
1998 5324 2069 5390 in
2119 5325 2243 5391 iao

691 5448 1045 5528 condatur,
1127 5454 1314 5538 cujus
1381 5450 1507 5517 illa
1554 5471 1662 5516 res
1719 5448 2245 5516 similitudinem

693 5578 890 5667 qeric,
945 5585 1070 5645 etc.
1134 5588 1486 5667 utrumque
1543 5598 1701 5666 ergo
1749 5573 2248 5665 comprehendit

1827 380 1982 443 121ss.
2033 381 2133 443 tv,
2168 380 2789 446 SENTENTIARUM.

2342 544 2775 630 Augustinus,
2833 557 2897 610 et
2953 542 3450 609 similitudinem
3494 537 3889 616 naturalem,

2342 670 2405 725 et
2472 659 2976 738 institutionem,
3051 680 3199 747 quae
3266 656 3555 735 accedit;
3627 666 3696 721 et
3744 653 3899 719 licet

2345 776 2489 842 haec
2520 776 2730 863 potior
2762 776 2869 855 sit,
2918 774 3024 841 illa
3072 776 3267 841 etiam
3305 773 3382 840 ad
3415 773 3722 840 effectum
3766 771 3900 835 ins·

770 886 1060 953 Resolvit
1129 888 1410 976 denique
1477 890 1647 977 quod
1722 892 1865 957 haec
1935 890 2231 957 definitio
2337 891 2681 959 tractionis
2715 892 3068 979 plurimum
3107 873 3433 968 conducit,
3473 900 3542 955 ut
3606 898 3777 974 patet
3811 908 3897 952 ex

2345 1009 2677 1076 Patribus.
2734 1012 2921 1076 Caste
2960 1030 3120 1096 ergo
3159 1008 3451 1095 loquitur
3489 1011 3744 1083 Doctor,
3779 1025 3896 1090 ap-

2348 1126 2600 1215 pellans
2656 1125 2829 1191 illam
2896 1124 3393 1191 similitudinem
3463 1122 3898 1210 aptitudinem

2344 1244 2422 1309 ad
2472 1241 3003 1329 significandum,
3050 1255 3113 1309 et
3147 1242 3353 1328 ipsam
3406 1240 3494 1306 ait
3564 1238 3898 1326 signifiea-

2347 1360 2591 1426 tionem
2625 1381 2770 1426 esse
2802 1380 2880 1426 ex
2915 1359 3356 1447 impositione.

2434 1475 2777 1543 Concludit
2852 1497 3010 1562 ergo
3108 1478 3338 1541 Doctor
3403 1475 3900 1539 Sacramentum

2347 1591 2630 1669 definiri,
2669 1592 2837 1659 sicut
2869 1592 3268 1659 intentiones
3297 1590 3635 1677 logicales,
3687 1608 3762 1654 ea
3791 1586 3901 1653 de·

2351 1709 2672 1790 finitione,
2708 1732 2857 1797 quae
2903 1709 3148 1777 sufficit
3181 1709 3377 1775 etiam
3430 1708 3506 1775 ad
3552 1707 3896 1774 scientiam

2352 1826 2612 1915 proprie
2653 1827 2915 1907 dictam,
2964 1838 3033 1893 ut
3072 1848 3221 1914 quae
3261 1826 3347 1893 sit
3387 1847 3501 1915 per
3568 1844 3785 1913 genus
3836 1832 3903 1889 et

2347 1942 2808 2023 differentiam,
2861 1956 2925 2009 et
2970 1942 3168 2010 habet
3209 1943 3638 2030 proprietates
3676 1959 3903 2007 conse·

2347 2070 2623 2145 quentes
2682 2071 2747 2125 et
2821 2059 3419 2138 demonstrabiles;
3478 2057 3606 2123 alia
3681 2070 3902 2122 autem

2352 2176 2505 2258 d'uo,
2541 2197 2687 2265 quae
2738 2176 3105 2265 impediunt
3142 2176 3620 2254 definitionem,
3658 2186 3730 2239 ut
3757 2192 3903 2239 esse

2347 2305 2734 2379 conceptum
2794 2293 3183 2380 simpliciter
3248 2293 3610 2381 simplicem
3651 2303 3718 2357 et
3756 2309 3903 2356 esse

2344 2409 2709 2496 singulare,
2745 2422 3172 2477 removentur
3199 2430 3236 2475 a
3268 2412 3712 2475 Sacramento.

2916 2710 3000 2766 SC
3012 2710 3319 2768 HOLIUM.

2419 2992 2701 3051 Resolvit
2741 2992 3208 3047 Sacramentum
3266 3003 3398 3045 esse
3455 2989 3801 3058 definibile,
3828 2992 3906 3049 ad

2350 3091 2601 3148 modum
2643 3088 3061 3146 secundarum
3122 3088 3562 3146 intentionum.
3622 3090 3907 3160 Explicat

2346 3191 2758 3262 quaestionem
2789 3191 2837 3241 si
2889 3193 2967 3242 est
3016 3201 3136 3242 non
3180 3185 3657 3257 intelligendam
3691 3186 3769 3245 de
3799 3203 3903 3244 ac-

2344 3286 2638 3353 tuali,sed
2670 3286 2744 3341 de
2777 3285 3104 3357 potentiali
3137 3285 3491 3352 existentia,
3524 3290 3585 3341 et
3616 3288 3707 3342 sic
3736 3301 3904 3342 com·

2346 3391 2557 3460 petere
2590 3387 3004 3441 sacramento,
3040 3385 3217 3441 Ponit
3245 3383 3528 3440 ordinem
3560 3387 3698 3456 ejus
3739 3384 3900 3456 quod

2349 3485 2583 3542 dieitur
2611 3500 2727 3557 per
2756 3498 3001 3552 nomen,
3034 3483 3112 3540 ad
3149 3485 3568 3554 cognitionem
3598 3489 3650 3539 si
3670 3491 3770 3540 est.

2440 3699 2559 3767 Ex
2591 3693 2715 3766 his
2763 3694 3169 3787 praedictis
3224 3699 3442 3787 patet
3504 3696 3902 3768 secundus

2349 3812 2773 3895 articulus,
2912 3811 3118 3903 quod
3242 3814 3899 3895 Sacramentum,

2349 3933 2373 4023 (
2417 3930 2843 4024 supposito
2887 3928 3088 4021 quod
3131 3927 3304 4021 ejus
3338 3927 3445 3999 sit
3508 3929 3726 4002 ratio
3770 3950 3905 4001 no·

2354 4048 2619 4131 minis,
2676 4069 2847 4140 quae
2883 4066 3132 4140 supra
3170 4045 3435 4138 posita
3488 4049 3638 4125 est,
3692 4049 3716 4130 )
3770 4065 3908 4138 po-

2354 4168 2518 4238 test
2579 4160 3071 4254 simpliciter
3112 4165 3192 4234 et
3240 4181 3382 4254 per
3428 4181 3513 4233 se
3554 4159 3900 4242 definiri,

2352 4300 2450 4353 eo
2505 4279 2763 4359 modo,
2820 4299 2972 4370 quo
3005 4277 3493 4351 intentiones
3538 4279 3907 4351 secundae

2352 4400 2543 4469 sunt
2580 4416 2724 4488 per
2757 4415 2841 4467 se
2872 4393 3338 4477 definibileS‚
3383 4398 3463 4470 et
3507 4397 3717 4486 quod
3768 4397 3907 4468 ab·

2354 4513 2617 4585 solute
2675 4509 2877 4583 nihil
2959 4514 3385 4602 repugnat,
3446 4511 3636 4603 quin
3686 4512 3914 4586 abso·

2351 4630 2521 4703 lute
2589 4632 2669 4701 et
2735 4627 3168 4700 verissime
3217 4627 3676 4707 definiatur.
3749 4630 3910 4702 nisi

2358 4745 2543 4838 quia
2611 4744 3040 4837 proprium
3117 4743 3293 4836 ejus
3366 4742 3715 4816 formale
3784 4750 3912 4819 est

2354 4883 2495 4935 ens
2550 4861 2923 4944 rationiS,
2962 4862 3088 4933 vel
3128 4860 3289 4934 nisi
3322 4861 3512 4953 quia
3574 4862 3913 4936 includit

2356 4979 2684 5071 aliquid,
2723 4979 2926 5070 quod
2969 4982 3093 5051 est
3147 4976 3484 5070 praecise
3524 4999 3666 5049 ens
3716 4977 3912 5050 rati-

2361 5097 2561 5169 onis,
2602 5099 2720 5169 Ex
2763 5095 2922 5167 isto
2982 5094 3335 5170 articulo
3382 5098 3605 5189 patet
3644 5095 3911 5167 corol-

2358 5214 2589 5297 larie,
2631 5214 3029 5306 quomodo
3072 5234 3156 5285 se
3198 5212 3492 5287 habent
3544 5212 3907 5305 cognitio

2358 5337 2519 5425 quid
2559 5347 2650 5402 esc
2684 5336 2763 5406 et
2793 5335 2853 5400 si
2881 5345 2995 5413 est,
3054 5331 3450 5406 ordinate.
3492 5334 3582 5405 In
3631 5331 3911 5423 cogni-

2359 5453 2579 5527 tione
2609 5471 2956 5543 namque
2987 5456 3049 5519 si
3076 5466 3190 5531 est,
3230 5452 3664 5525 seeundum
3701 5454 3910 5544 quod

2358 5570 2742 5663 praecedit
2774 5568 3330 5661 cognitionem
3386 5573 3549 5662 quid
3595 5584 3710 5655 est,
3749 5592 3911 5646 non
