4255 6375
3824 144 4167 416 Ἴ

2484 668 2682 748 veris,
2725 667 2880 738 etc.
2932 662 3103 734 Ista
3142 658 3361 733 enim
3432 660 3797 753 potestas
3867 675 4004 727 non

2481 784 2665 854 erat
2726 776 3300 872 principaliter
3354 772 3804 849 dimittendi
3864 790 4007 864 pec·

2483 900 2693 977 cata,
2749 894 2957 987 quod
2998 896 3122 967 est
3170 892 3315 968 Dei
3382 890 3839 984 proprium,
3900 887 4007 959 sed

882 1011 1129 1080 Septem
1169 1023 1329 1067 nova
1377 1008 1774 1066 Sacramenta
1803 1008 1880 1064 ab
1936 1008 2074 1079 19⁸0
2121 1007 2370 1064 Christo
2489 1009 2941 1083 arbitrandi
2994 1010 3086 1084 de
3153 1007 3627 1083 dimissione
3697 1003 4004 1098 peccati,

810 1110 1095 1165 instituta
1126 1107 1343 1174 ruisse,
1393 1113 1455 1165 et
1484 1106 1738 1164 adducit
1776 1106 2136 1164 testimonia
2203 1106 2374 1162 Scri·
2487 1125 2837 1198 arbitrio
2890 1124 3342 1218 approbato
3378 1143 3425 1194 a
3473 1125 3686 1202 Deo;
3743 1120 3857 1192 Sic
3898 1137 4006 1188 au,

811 1208 1002 1276 pturae
1031 1207 1107 1263 de
1139 1205 1428 1276 singulis.
1479 1206 1756 1262 Habetur
1806 1207 1873 1261 in
1916 1203 2087 1260 Trid.
2140 1204 2386 1260 sese.7·
2490 1245 2655 1315 tem
2711 1240 3109 1315 arbitrari
3167 1244 3293 1314 est
3367 1239 3448 1311 in
3525 1237 3704 1309 foro
3785 1232 4007 1308 Poenj.

1997 507 2142 568 LIB.
2177 504 2277 568 IV.
2313 501 2914 567 SENTENTIARUM

1377 779 1782 839 SCHOLIUM.

812 1319 950 1363 can.
986 1306 1038 1361 1.
1065 1303 1214 1361 vide
1269 1308 1419 1373 Aac.
1452 1318 1549 1376 ep.
1586 1304 1710 1361 118.
1743 1319 1797 1360 c.
1838 1303 1891 1359 1.
1928 1308 1990 1359 et
2022 1302 2109 1360 19.
2163 1306 2377 1358 contra

817 1405 1021 1460 Faust.
1059 1401 1146 1461 13.
1197 1403 1407 1457 Amor.
1439 1401 1494 1457 4.
1526 1399 1603 1457 de
1625 1401 1875 1457 Sacram
1899 1442 1916 1458 .
1949 1401 2005 1459 4.

608 1633 641 1683 4
918 1585 1276 1658 Secunda
1323 1585 1422 1675 (d)
1467 1583 1884 1658 conclusio
1943 1581 2074 1656 hic
2133 1581 2385 1654 decla-

504 1691 765 1808 Iiffiffif
834 1701 1108 1784 randa,
1153 1701 1261 1775 sit
1311 1700 1481 1773 haeo
1521 1728 1535 1771 :

500 1823 801 1872 sammon-
832 1822 1015 1891 sunt
1060 1839 1107 1889 a
1150 1817 1481 1891 Christo
1533 1816 1660 1889 vel
1705 1838 1750 1889 a
1784 1819 1955 1891 Deo
1995 1836 2144 1909 pro
2189 1818 2385 1887 tem-

550 1890 736 1933 torum.

2493 1357 2771 1431 tentiae
2822 1358 3142 1431 solvere
3199 1356 3325 1430 vel
3395 1355 3685 1446 ligare.

2545 1471 2697 1548 'De
2768 1476 3162 1547 Extrema
3245 1472 3643 1546 Unctione
3713 1468 4006 1548 dicitur,
4117 1490 4151 1538 ε.

2498 1586 2705 1676 quod
2737 1586 3011 1658 Jacob.
3045 1589 3112 1660 5.
3165 1587 3560 1670 Infirmatur
3591 1588 3739 1673 quis
3805 1585 3875 1650 in
3929 1604 4012 1649 ro·
4039 1545 4159 1666 (iffi

1621 1703 1911 1776 Omnia
1992 1699 2382 1772 instituta
2490 1705 2608 1784 bis,
2675 1706 2827 1775 etc.
2877 1703 3023 1776 Sed
3065 1703 3258 1775 licet
3322 1700 3428 1774 ibi
3475 1698 4013 1794 promulgave-

2502 1818 2610 1893 rit
2653 1817 2845 1890 illud
2881 1822 3532 1901 Sacramentum,
3597 1819 3723 1889 est
3763 1813 4014 1887 melius

833 1955 1030 2027 pore
1089 1934 1330 2007 istius
1390 1933 1619 2024 legis.
1703 1933 1925 2016 Quod
2013 1930 2386 2004 breviter
2498 1934 2788 2017 dicere,
2873 1936 3077 2027 quod
3153 1933 3405 2008 fuerit
3495 1932 4020 2047 institutum-a

833 2051 1167 2125 ostendo
1191 2050 1347 2132 hic,
1380 2051 1673 2142 quiade
1699 2048 2042 2140 singulis
2066 2046 2148 2119 in
2180 2045 2386 2119 locis

830 2188 1119 2241 eorum
1155 2167 1514 2261 propriis
1558 2166 1872 2261 plenius
1925 2163 2380 2259 apparebit.

830 2286 944 2358 De
985 2285 1410 2377 Baptismo
1454 2288 1702 2376 patet,
1742 2280 2119 2375 quiassfuit
2161 2279 2388 2354 insti-

830 2405 1056 2475 tutus
1090 2421 1136 2473 a
1170 2400 1502 2475 Christo
1545 2399 1891 2481 vivente,
1939 2398 2126 2491 quia
2157 2397 2390 2470 disci-

832 2515 996 2610 puli
1055 2516 1601 2608 baptizabant,
1652 2521 1739 2590 ut
1803 2519 2026 2608 patet
2082 2517 2280 2586 loan.
2311 2515 2376 2584 3.

827 2637 906 2706 et
960 2636 1459 2726 praeceptum
1495 2631 1645 2706 fuit
1690 2637 1776 2706 ut
1814 2631 2127 2726 publice
2196 2650 2391 2723 prae-

826 2749 1264 2831 dicaretur,
1333 2749 1630 2823 Matth.
1688 2748 2034 2822 ultimo:
2084 2749 2199 2828 Ite,
2269 2749 2392 2814 ‹to-

829 2880 961 2935 cete
980 2890 1202 2934 omnes
1221 2879 1465 2954 9811163,
1494 2868 1907 2954 baptizantes
1937 2888 2066 2945 coc,
2096 2867 2250 2936 etc.
2277 2864 2393 2936 De

554 3016 799 3069 Euchffl.
831 2978 1352 3053 Eucharistia
1404 2983 1628 3072 patet
1668 2979 1844 3070 eius
1913 2977 2389 3072 praedicatio

516 3079 717 3130 ..aa
827 3094 1150 3178 diffusa,
1195 3100 1398 3165 Joan.
1462 3098 1528 3168 c.
1612 3098 1743 3169 sed
1825 3095 2234 3169 institutio
2305 3093 2393 3165 in

481 3281 801 3339 confirma&
835 3215 1077 3286 Coena
1126 3216 1357 3283 Matth.
1426 3215 1539 3285 26.
1585 3215 1700 3287 Dc
1743 3212 2391 3287 Confirmatione

586 3346 713 3398 onis.
834 3331 1056 3421 patet
1119 3328 1556 3412 institutiO,
1612 3331 1852 3402 Joan.
1903 3331 2014 3403 20.
2085 3332 2392 3417 Accipite

830 3449 1165 3535 Spiritum
1201 3459 1524 3529 sanctum,
1561 3449 1714 3520 eto.
1752 3446 1877 3518 vel
1915 3445 1994 3518 in
2027 3446 2153 3517 die
2197 3445 2390 3516 Pen-

834 3563 1215 3644 tecostes,
1272 3565 1417 3631 Act.
1454 3563 1520 3633 2.

925 3679 1040 3752 De
1085 3678 1567 3752 Poenitentia
1617 3678 1941 3759 dicitur,
1997 3678 2207 3771 quod
2265 3679 2387 3751 est

488 3846 811 3898 Poenitentiae
843 3793 1223 3868 instituta
1279 3796 1555 3868 Jacob.
1608 3800 1673 3870 5.
1725 3800 2162 3882 Confitemini
2220 3798 2392 3863 alte-

521 3910 744 4022 ,12ng
844 3924 1128 3993 rutrum,
1202 3916 1355 3985 etc.
1403 3914 1535 3985 sed
1612 3909 1765 3985 hoc
1842 3931 2002 3985 non
2068 3911 2393 3986 videtur

484 4010 805 4146 part-dgrae't·
850 4028 1379 4120 probabileex
1406 4051 1793 4124 processu
1830 4031 2162 4112 litterae,
2202 4030 2391 4123 quia

498 4159 806 4225 Conr.q.9.
846 4145 1127 4219 statim
1189 4148 1561 4238 sequitur
1610 4175 1624 4219 ε
1676 4152 1876 4216 Orate
1919 4171 2045 4237 pro
2079 4151 2387 4232 inv-icem,

836 4264 988 4334 etc.
1028 4262 1551 4335 Manifestum
1583 4264 1706 4335 est
1740 4261 1979 4347 enim,
2017 4263 2224 4354 quod
2252 4282 2394 4354 per

838 4376 1031 4450 illud
1073 4398 1415 4470 sequens
1495 4398 1655 4450 non
1718 4377 2175 4451 intendebat
2250 4377 2391 4451 ali-

836 4496 1041 4585 quod
1074 4498 1696 4569 Sacramentum
1732 4493 2192 4575 instituere‚
2247 4513 2391 4568 nec

840 4608 1398 4703 promulgare;
1443 4630 1588 4682 nec
1636 4610 1889 4684 etiam
1929 4614 2112 4683 erat
2179 4608 2388 4702 apud

835 4726 1227 4800 Jacobum
1349 4728 1805 4801 auctoritas
1916 4724 2391 4800 instituendi

837 4841 1163 4934 aliquod
1239 4845 1882 4925 Sacramentum,
1946 4842 2162 4914 sicut
2207 4843 2390 4932 post

837 4962 1224 5049 tangetur
1290 4956 1374 5028 in
1455 4957 1771 5031 ratione
1845 4955 2206 5048 ponenda
2298 4956 2394 5028 ad

839 5074 1092 5149 istam
1134 5072 1771 5147 conclusionem.
1836 5071 2124 5144 Melius
2193 5090 2391 5162 ergo

836 5197 987 5276 est,
1047 5195 1136 5265 ut
1210 5191 1534 5265 dicatur
1575 5188 2043 5262 institutum
2114 5185 2390 5271 fuisse,

838 5309 1072 5380 Joan.
1114 5310 1226 5381 20.
1307 5312 1605 5396 Accipite
1669 5309 2003 5394 Spiritum
2062 5317 2387 5386 sanctum,

840 5450 1120 5516 quorum
1217 5428 1614 5495 remiseritis
1702 5436 1998 5512 peccata,
2071 5427 2223 5496 eto.
2313 5424 2391 5494 et

842 5544 1340 5638 promissum
1415 5540 1704 5616 Matth.
1797 5541 1901 5612 16.
1994 5543 2140 5607 Tibi
2221 5541 2390 5608 dabo

837 5665 1055 5735 claves
1109 5664 1304 5755 reqni
1351 5664 1684 5739 melorum,
1723 5660 2175 5747 quodcumque
2208 5658 2381 5745 ἱέρα-

509 2372 773 2440 Baptismi.

2501 2051 2856 2126 Christo,
2921 2049 3304 2142 Legimus
3406 2049 3617 2122 enim
3704 2051 3908 2115 Marci
3961 2048 4015 2117 6.
4099 2103 4155 2152 W

2504 2169 2705 2260 quod
2739 2168 3111 2260 Apostoli
3174 2166 3580 2258 ungebant
3623 2164 3805 2235 oleo
3858 2159 4019 2235 mul·
4070 2169 4155 2278 ἕξ,

2503 2288 2632 2355 tos
2684 2282 3082 2367 infirmos,
3136 2290 3216 2357 et
3269 2282 3800 2356 sanabantur.
3856 2281 4154 2408 Con-032

2505 2403 2670 2474 stat
2751 2401 2955 2493 quod
2997 2401 3149 2474 hoc
3219 2419 3381 2473 non
3423 2399 3835 2477 fecerunt,
3886 2392 4020 2465 nisi
4099 2369 4152 2466 ἲ

2504 2516 2583 2589 in
2616 2519 2920 2592 virtute
2981 2518 3318 2601 Christi,
3366 2516 3502 2609 qui
3556 2514 4015 2589 instituerat
4073 2484 4153 2534 ω’

2507 2631 2721 2704 illam
2763 2619 3226 2708 unctionem
3267 2631 3764 2705 virtuosam.
4048 2537 4153 2721 ,Ξ

2594 2751 2706 2822 De
2786 2750 3315 2824 Matrimonio
3364 2752 3718 2842 apparet
3769 2719 4151 2846 Mami-³¹3}

2501 2868 2609 2939 19.
2645 2869 2793 2935 Νοη
2817 2871 3068 2955 lcqistis
3100 2869 3244 2958 (ait
3270 2864 3685 2952 Christus)
3718 2868 3874 2953 quia
3894 2882 4027 2928 mas·

2504 2986 2726 3051 culum
2801 2999 2860 3051 et
2926 2989 3276 3072 soeminam
3344 2987 3506 3069 fecit
3561 3006 3696 3064 eos,
3783 2976 4026 3071 supple

2500 3101 2741 3182 Deus,
2777 3102 2859 3173 et
2898 3099 3129 3182 dixit,
3179 3099 3462 3194 supple
3506 3118 3652 3192 per
3699 3119 3791 3170 os
3828 3095 4022 3168 Adae:

2513 3220 2950 3295 Quamobrem
3001 3221 3331 3307 relinquet
3396 3221 3610 3298 homo,
3698 3220 3850 3289 eto.
3926 3211 4030 3282 ubi

2504 3332 2880 3407 Christus
2952 3333 3356 3427 approbat
3421 3338 3504 3406 et
3575 3331 3926 3405 ratificat
3969 3326 4024 3399 id

2505 3450 2709 3542 quod
2786 3451 2996 3522 Deus
3097 3451 3178 3523 in
3256 3454 3475 3524 statu
3568 3445 4026 3522 innocentia

2503 3583 2647 3655 per
2690 3584 2778 3635 os
2812 3565 2998 3637 Adae
3035 3564 3511 3657 publicavit.

2592 3681 2706 3752 De
2748 3680 3063 3763 Ordine,
3113 3680 3400 3755 Matth.
3434 3683 3544 3754 26.
3575 3684 3714 3749 Hoc
3751 3683 3943 3767 facite
3975 3679 4026 3743 in
4081 3694 4146 3750 oct

2505 3821 2721 3866 meam
2758 3804 3464 3880 commemorationem,
3516 3801 3611 3893 et⁴
3670 3801 3714 3870 J
3727 3817 3898 3870 oan.
3933 3797 4022 3866 ΞΟ.

2511 3917 2803 3991 Quorum
2841 3919 3234 3983 remiseritis
3271 3928 3570 4003 peccata,
3625 3918 3785 3988 etc.
3861 3912 4017 3983 Haet:

2505 4027 2720 4100 enim
2788 4030 2939 4101 duo
3021 4029 3427 4123 pertinent
3505 4030 3600 4102 ad
3699 4028 4023 4103 ordinem

2502 4145 3117 4228 sacerdotalem,
3167 4145 3481 4220 scilicet
3519 4148 3885 4239 potestas
3927 4163 4023 4215 re-

2507 4266 2783 4353 spectu
2864 4261 3242 4354 corporis
3313 4260 3622 4336 Christi
3701 4260 3896 4341 veri,
3964 4260 4025 4328 et

2509 4380 2872 4469 potestas
2920 4381 3294 4470 respectu
3326 4378 3711 4470 corporis
3748 4372 4021 4453 Christi

2507 4493 2858 4585 mystici,
2909 4497 2995 4568 ut
3052 4494 3368 4568 dicetur
3420 4492 3501 4565 in
3573 4492 3919 4568 materia
3951 4488 4063 4579 de,

2509 4607 2836 4682 Ordine.

2595 4725 2815 4807 Quod
2875 4728 3149 4798 autem
3218 4724 3385 4798 haec
3439 4724 3719 4798 omnia
3765 4744 3810 4796 a
3876 4719 4019 4793 solo

2507 4842 2671 4913 Deo
2740 4838 3045 4914 fuerint
3119 4841 3522 4924 instituta,
3603 4844 3835 4933 patet
3907 4853 4024 4932 per
4137 4818 4138 4887 ἶ

2507 4952 2696 5026 illud
2760 4955 2965 5047 quod
3007 4959 3319 5030 tactum
3358 4961 3484 5029 est
3547 4956 3629 5028 in
3694 4947 4020 5047 generali
4060 4932 4139 5033 md

2507 5071 2597 5142 de
2659 5071 3175 5143 institutione
3234 5073 3772 5145 Sacramenti.
3833 5067 4018 5144 Nulli

2507 5185 2722 5258 enim
2773 5187 3166 5278 competit
3229 5187 3548 5278 signum
3625 5186 4018 5262 instituere

2508 5301 2990 5394 practicum,
3044 5301 3204 5374 nisi
3275 5304 3404 5375 vel
3466 5308 3841 5396 respectu
3902 5299 4018 5372 ali-

2513 5421 2743 5514 cujus
2788 5425 3020 5494 actus
3072 5419 3192 5493 sui
3230 5420 3573 5515 proprii,
3611 5422 3741 5493 vel
3794 5436 4016 5510 respe-

2507 5539 2637 5609 ctu
2685 5535 3055 5629 alicujuS,
3105 5536 3235 5630 qui
3280 5537 3553 5611 subest
3597 5537 3777 5620 sibi,
3813 5551 4012 5628 quan·

2511 5656 2683 5727 tum
2750 5654 2846 5727 ad
2904 5653 3135 5727 illum
3195 5660 3511 5737 actum;
3579 5659 4009 5730 Sacramen-
