4255 6375
1314 409 1488 473 DlST
1535 410 1630 471 ΙΙΙ.
1683 406 2042 483 QUAESTIO
2077 400 2118 465 l.
3245 396 3362 459 277

176 585 397 653 caciter
426 604 510 649 em
541 582 962 647 institutione
1013 578 1251 644 divina
1300 574 1704 642 ablutionem
1753 572 1992 667 gtum
2079 572 2378 648 autem,
2472 563 2659 656 quia
2757 582 2889 634 'res
2985 556 3361 638 rationiS‚

1815 682 2331 758 assimilatur
2428 680 2870 755 artificiali.
2973 677 3119 753 Sed
3212 675 3366 747 hoc

257 814 458 900 Quod
519 812 590 884 si
632 814 1013 885 teneatur
1064 806 1226 879 alia
1266 805 1422 885 via,
1492 802 1705 876 scili-
1817 800 2018 872 nihil
2061 804 2211 882 est,
2288 799 2476 891 quia
2536 819 2726 891 pars
2797 794 3166 869 materiae
3206 811 3369 864 non

179 937 308 1012 cet,
360 930 562 1022 quod
625 927 872 998 verba
934 926 1120 996 sunt
1184 941 1373 1015 pars
1436 919 1706 991 funda·
1821 919 2314 1012 praedicatur
2415 918 2505 989 de
2608 914 3055 990 artificiato
3152 914 3370 999 (non

185 1046 426 1126 menti,
472 1050 666 1118 tunc
718 1046 992 1135 posset
1045 1038 1234 1132 poni
1285 1036 1448 1109 alia
1494 1034 1704 1107 ratio
1819 1036 2035 1111 enim
2112 1038 2397 1109 domus
2467 1040 2592 1109 est
2659 1034 2989 1127 lapides,
3064 1031 3195 1103 sed
3275 1029 3370 1102 ad

178 704 399 768 animae
434 722 474 765 α
507 709 800 786 peccate.

116 1204 142 1239 ³.
188 1162 582 1258 Baptismi‚
650 1160 854 1252 quod
896 1162 1277 1247 Baptismus
1320 1167 1412 1223 est
1459 1157 1706 1222 Sacra-
1819 1180 1954 1224 esse
2018 1155 2301 1226 domus
2372 1151 2822 1243 requiritur
2900 1149 3114 1221 aliud
3184 1168 3367 1220 oum

196 1295 443 1349 mentum
539 1280 904 1346 ablutionis
989 1276 1232 1340 animae
1298 1296 1339 1338 a
1410 1283 1696 1358 peccate,

196 1403 516 1467 consistens
579 1400 655 1463 in
703 1396 1039 1462 ablutione
1078 1391 1374 1457 hominis
1442 1390 1706 1473 aliqna-

194 1522 319 1583 Iiter
353 1514 851 1592 consentientis,
886 1513 1068 1596 facta
1122 1511 1196 1574 *in
1234 1529 1410 1593 aqua
1450 1505 1529 1569 ab
1571 1506 1711 1570 alio

194 1637 480 1711 abluente,
549 1642 612 1697 et
675 1633 742 1696 in
827 1628 1045 1694 verbis
1112 1626 1308 1690 certis
1375 1622 1576 1686 simul
1632 1619 1712 1685 ab

195 1751 385 1815 eodem
450 1748 763 1814 abluente
839 1765 983 1809 cum
1050 1741 1269 1807 debita
1347 1738 1714 1804 intentione

196 1869 469 1954 prolati-5.

270 1979 625 2063 Qualiter
658 1980 931 2050 autem
964 1971 1391 2066 particulae
1427 1967 1713 2061 positae

195 2099 633 2189 inutraque
711 2092 1029 2165 ratione
1089 2089 1276 2160 sunt
1355 2104 1714 2159 necessa-

197 2216 314 2289 riae
378 2214 469 2287 ad
547 2211 953 2286 rationem
1023 2204 1448 2300 Baptismi,
1517 2204 1716 2279 bene

193 2332 466 2426 patebit
519 2327 962 2423 specialius
1031 2326 1122 2398 de
1201 2323 1571 2416 singulis,
1637 2324 1715 2395 in

196 2448 757 2542 quaestionibus
813 2441 1357 2535 sequentibus.

260 2568 412 2640 Nec
498 2569 626 2639 est
706 2558 1162 2634 differentia
1223 2559 1438 2630 inter
1515 2556 1716 2628 istas

197 2684 561 2765 rationes„
660 2680 854 2772 quin
922 2676 1197 2750 eadem
1287 2672 1718 2747 secundum

199 2807 606 2892 utramque
673 2796 835 2869 sint
893 2791 1360 2866 necessaria
1428 2789 1521 2862 ad
1571 2789 1724 2859 Ba·

1823 1272 2294 1364 lapidibus),
2369 1268 2580 1362 quia,
2669 1272 2755 1340 ut
2857 1266 3159 1339 dictum
3245 1269 3371 1337 est

1823 1388 2081 1481 prius,
2153 1386 2355 1460 nihil
2416 1385 2749 1479 ponitur
2806 1382 2888 1455 in
2956 1384 3368 1460 concreto,

1825 1507 1906 1577 in
1966 1504 2429 1579 definitione
2481 1501 2917 1576 accidentis
2979 1497 3369 1578 concreti,

1825 1624 1983 1696 nisi
2037 1622 2232 1694 illud
2298 1622 2390 1693 de
2462 1640 2615 1713 quo
2677 1618 3044 1690 accidens
3096 1613 3375 1708 praedi-

1825 1747 2064 1816 catur
2119 1740 2200 1812 in
2262 1743 2681 1819 concreto;
2729 1735 3040 1807 nullum
3101 1736 3374 1806 autem

1826 1858 2321 1953 praedicatur
2394 1856 2485 1928 de
2536 1859 2770 1947 parte
2841 1851 2967 1924 sui
3009 1848 3376 1942 subjecti.

1918 1975 2264 2067 Oportet
2306 1991 2504 2061 ergo
2573 1970 2840 2042 dicere
2910 1965 3375 2039 sustinendo

1830 2090 2379 2166 definitionem
2470 2083 2881 2177 Magistri,
2975 2082 3183 2175 quod
3295 2099 3377 2150 a·

1828 2208 2085 2283 blutio
2181 2226 2342 2279 non
2438 2206 2559 2277 est
2607 2224 2796 2296 pars
2883 2196 3383 2273 fundamenti

1833 2324 2290 2405 relationis,
2365 2340 2606 2414 quam
2689 2316 3022 2390 includit
3107 2312 3379 2407 Bapti-

1833 2463 2081 2523 smus,
2166 2440 2298 2511 sed
2383 2441 2509 2510 est
2588 2439 2852 2508 totum
2924 2432 3384 2505 fundamen-

1832 2564 2030 2638 tum,
2104 2558 2294 2629 licet
2356 2557 2791 2632 remotum,
2895 2550 3109 2621 inter
3179 2547 3384 2639 quod

1833 2682 1912 2751 et
1975 2674 2455 2748 relationem
2500 2669 2710 2759 signi
2755 2665 3106 2738 mediant
3168 2682 3379 2755 quae-

1834 2795 2014 2866 dam
2058 2788 2494 2862 relationes
2538 2783 2914 2864 rationis,
2952 2787 3041 2855 ut
3082 2780 3384 2853 dictum

205 2919 608 3010 ptismum3
689 2914 823 2987 sed
884 2931 1042 2983 una
1110 2911 1341 3002 ponit
1402 2908 1483 2979 in
1545 2906 1725 2979 defi·
1834 2916 1983 2984 est.

205 3034 484 3108 uitione
545 3031 726 3126 ejus
779 3029 1039 3102 solam
1101 3025 1593 3098 ablutionem
1647 3023 1725 3094 in
1929 3028 2009 3100 Si
2085 3022 2545 3115 objiciatur,
2621 3018 2828 3111 quod
2925 3035 3180 3108 neque
3269 3012 3386 3085 sic

213 3156 432 3236 recte,
482 3149 649 3222 alia
709 3145 938 3241 ponit
988 3147 1068 3219 et
1110 3142 1606 3216 ablutionem
1649 3142 1727 3212 et
1840 3164 2095 3236 neque
2176 3141 2317 3220 sic,
2402 3138 2670 3232 potest
2737 3132 3108 3211 describi,
3200 3129 3388 3224 quia
3446 3131 3689 3186 Articuli·

213 3270 429 3343 verba
484 3290 586 3342 ex
647 3285 878 3358 aequo
923 3263 1016 3335 ad
1083 3261 1258 3352 ejus
1325 3259 1729 3332 rationem
1846 3261 2313 3337 formaliter
2410 3258 2806 3350 importat
2901 3251 3388 3324 relationem

217 3389 622 3479 pertinere,
681 3405 856 3478 quae
895 3377 1350 3455 differentia
1399 3396 1735 3450 consur·
1850 3378 2240 3455 rationis;
2297 3375 2438 3446 illa
2497 3373 2764 3443 autem
2835 3389 2994 3441 non
3062 3372 3187 3441 est
3255 3365 3394 3437 ali-

219 3506 316 3595 git
366 3529 461 3580 ex
512 3506 842 3578 diverso
916 3496 1290 3591 opinandi
1362 3494 1592 3567 modo
1645 3495 1736 3566 de
1854 3498 2035 3591 quid
2068 3496 2310 3575 reale,
2348 3511 2602 3585 neque
2645 3490 2787 3563 illa
2831 3487 3111 3569 realia;
3167 3502 3392 3574 ergo,

221 3620 709 3694 fundamento
800 3613 1036 3704 hujus
1108 3609 1564 3689 relationis,
1638 3628 1736 3678 an
1852 3621 2002 3691 etc,
2068 3613 2569 3707 Respondem,
2624 3611 2832 3683 sicut
2908 3607 3199 3680 relatio
3272 3627 3399 3680 ra-

222 3738 312 3812 sit
367 3738 536 3811 sola
607 3732 918 3807 ablutio
978 3727 1741 3803 circumstantiona-
1858 3733 2106 3809 tionis
2169 3731 2250 3803 in
2301 3733 2684 3803 concreto
2729 3726 3029 3800 dicitur
3094 3725 3186 3797 de
3259 3729 3400 3796 re*

227 3861 318 3936 ta,
368 3876 465 3928 an
508 3851 758 3927 Simul
820 3847 1129 3921 ablutio
1171 3850 1250 3920 et
1291 3845 1562 3917 verba.
1856 3855 2137 3931 extra,
2249 3845 2915 3939 quemadmodum
3017 3843 3186 3915 haeo
3278 3844 3404 3915 est

124 3979 159 4092 ξ.
300 3973 520 4046 Patet
588 3987 792 4058 ergo
871 3964 1170 4037 solutio
1243 3959 1744 4053 quaestionis,
1858 3987 2055 4041 vera
2117 3965 2350 4037 :haec
2391 3983 2552 4035 vox
2620 3964 2811 4028 homo
2878 3965 3003 4033 est
3079 3977 3400 4036 nomen,

141 4081 154 4096 ’
238 4088 392 4177 quia
455 4085 860 4177 Magister
936 4079 1257 4152 videtur
1330 4074 1555 4168 loqui
1635 4096 1751 4146 se-
1859 4085 1987 4158 vel
2049 4082 2371 4174 signum
2453 4083 2769 4151 naturae
2828 4075 3227 4156 humanae,
3292 4074 3411 4146 ita

241 4205 540 4276 <mudum
623 4200 851 4272 illam
952 4195 1438 4289 opiniffllssms
1549 4191 1752 4282 quod
1863 4225 1904 4275 e
1990 4219 2412 4280 converso,
2511 4197 2593 4269 in
2679 4192 3141 4267 definitione
3220 4192 3413 4265 talis

244 4320 506 4394 ablutio
551 4312 1384 4395 circumstantionata
1454 4309 1561 4382 Sit
1608 4308 1754 4378 Ba·
1866 4317 2232 4394 concreti
2288 4316 2552 4409 potest
2598 4311 2785 4404 poni
2837 4330 2968 4381 res
3020 4313 3284 4390 extra,
3330 4314 3417 4382 ut

247 4438 596 4528 ptismus;
682 4438 762 4507 et
847 4431 961 4505 Sic
1033 4429 1419 4523 ponendo·
1492 4422 1757 4512 tangit
1870 4435 2242 4518 additum,
2324 4437 2711 4522 tanquam
2808 4426 3418 4499 fundamentum

240 4573 315 4624 ea
414 4576 584 4647 quae
684 4546 1255 4644 pl‘incipalitffl'
1348 4540 1757 4636 pertinent
1874 4549 2333 4632 relationiS,
2391 4548 2564 4621 ideo
2624 4565 2786 4617 non
2845 4542 3091 4615 valet.
3144 4540 3272 4613 Sic
3330 4539 3422 4611 de

245 4668 321 4741 ad
356 4670 756 4744 rationem
809 4661 1236 4757 Baptismi,
1279 4659 1468 4733 licet
1505 4653 1762 4729 multa
1876 4666 2173 4761 primo,
3298 4689 3301 4692 Δ

247 4782 859 4859 concomitantia
942 4779 1280 4854 debeant
1384 4771 1759 4864 intelligi,

253 4922 399 4993 quae
460 4901 854 4998 exprimit
921 4897 1135 4972 ratio
1207 4894 1349 4967 illa
1412 4918 1428 4964 ε
1500 4893 1766 4960 Ablutio

253 5022 530 5104 hominis,
585 5024 740 5094 etc.

116 5151 193 5257 iim
331 5135 430 5207 Ad
470 5135 1042 5228 argumentum
1076 5129 1172 5219 (d)
1205 5126 1526 5208 dicitur,
1566 5121 1770 5215 quod

116 5248 336 5322 same
398 5273 477 5323 re
542 5247 960 5324 artificiali
1015 5246 1213 5318 bene
1282 5239 1773 5336 praedicatur
1966 5241 2069 5324 (c)
2117 5237 2411 5301 Secundo
2448 5230 2905 5311 principaliter
2945 5234 3029 5288 est
3064 5226 3423 5297 videndum,
3587 5256 3643 5307 2·

116 5336 604 5448 213.·{,·materia‚
678 5387 860 5439 cum
914 5364 1022 5436 sit
1086 5366 1258 5435 tota
1319 5356 1775 5431 substantia
1888 5354 2321 5423 etc.Definitio
2368 5349 2675 5427 Baptismi
2730 5342 2961 5407 tradita
3008 5361 3041 5402 a
3091 5340 3426 5419 Magistro,
3489 5316 3757 5446 ssggffiffi·

264 5478 684 5562 artificiati;
739 5479 941 5551 unde
1002 5495 1197 5548 arca
1239 5493 1395 5546 non
1455 5475 1776 5544 tantum
1889 5484 2012 5550 est,
2094 5470 2274 5554 quod
2330 5473 2411 5531 sit
2475 5467 2788 5536 intinctio,
2864 5463 2935 5524 id
3008 5465 3119 5533 est,
3189 5457 3433 5520 ablutio
3484 5444 3748 5573 Μῗξζὲζῗ·

268 5596 372 5666 est
407 5595 689 5690 lignea,
746 5597 876 5669 sed
916 5594 1261 5686 lignum3
1310 5595 1779 5665 Sacramen-
1892 5594 2183 5673 corporis
2230 5588 2517 5650 exterior
2561 5583 2741 5659 facta
2786 5579 2899 5641 sub
2940 5580 3165 5657 forma
3210 5575 3434 5637 verbo-

3495 3845 3512 3866 *
3543 3839 3688 3891 Alias

3428 3905 3596 3971 aliqua
3630 3902 3747 3953 alia.

2340 4977 2907 5042 COMMENTARIU
2919 4975 2984 5036 S.
