4255 6375
1673 430 1869 492 nls'r.
1904 435 1949 493 1.
1996 432 2357 508 QUAEsno
2420 436 2464 496 1.
3543 444 3623 507 39

389 589 1021 681 proportionem
1055 594 1488 666 secundum
1532 590 1947 670 virtutem,
2151 595 2281 655 lloc
2331 596 2724 675 principium
2781 616 2913 660 non
2958 601 3312 665 subsistere
3382 607 3616 684 probat
3759 635 3843 688 33.

378 704 544 776 nisi
625 704 895 778 altera
972 708 1077 782 sit
1157 707 1525 788 infinita3
1608 727 1706 777 ex
1788 703 1948 775 alia
2062 711 2324 783 Doctor,
2362 717 2512 791 quia
2545 720 2617 776 ut
2644 716 2723 777 sit
2777 716 3008 779 efficax
3066 719 3151 781 ad
3197 720 3616 783 inferendum
3672 698 3944 814 Imffigna-

363 827 666 896 autem
736 832 970 918 papte
1029 830 1153 899 est
1202 827 1557 900 defectus
1615 843 1950 919 propor-
2063 829 2415 903 intentum,
2452 847 2694 909 nempe
2740 849 3090 896 excessum
3120 837 3375 898 virtutis
3406 838 3469 898 in
3504 856 3615 916 po-

370 941 638 1014 tionis
696 949 1037 1037 propter
1093 943 1493 1019 defectum
1547 942 1949 1036 quantita-
2064 945 2287 1018 tentia,
2339 944 2541 1008 debet
2609 949 2882 1029 intelligi
2946 950 3246 1014 distantia
3311 955 3610 1030 positiva,
3729 980 3888 1033 Debet

373 1058 491 1131 tis
528 1059 609 1131 jn
653 1060 814 1132 alio
848 1065 1247 1135 extremo,
2061 1060 2213 1138 quia
2287 1069 2388 1122 est
2447 1081 2760 1127 excessus
2813 1071 3007 1130 unius
3076 1087 3278 1147 super
3361 1073 3608 1146 altero;
3645 1042 3961 1157 mcffilffiitigo

2056 1179 2322 1255 quando
2357 1198 2514 1261 ergo
2549 1187 2840 1245 extrema
2872 1190 3025 1247 sunt
3047 1185 3448 1261 immediata,
3476 1193 3611 1250 tan·
3671 1167 3911 1233 positiva.

2057 1299 2117 1353 ta
2165 1301 2265 1356 est
2296 1294 2625 1368 distantia,
2676 1306 2923 1378 quanta
2969 1307 3072 1364 est
3127 1307 3455 1381 quantitas
3486 1323 3608 1368 seu

857 1406 1491 1471 COMMENTARIUS.
2052 1410 2370 1488 perfectio
2416 1417 2798 1479 excedentis
2830 1436 3031 1497 super
3079 1422 3309 1484 altero.
3369 1424 3608 1486 Probat

2053 1531 2382 1607 exemplo,
2444 1532 2595 1610 quia
2658 1539 2832 1596 tanta
2880 1542 2980 1597 est
3037 1536 3340 1600 distantia
3403 1540 3518 1601 Dei
3564 1557 3602 1601 a

150 1698 210 1750 32
459 1638 537 1718 (Γ)
580 1641 773 1701 Ratio
800 1641 1079 1701 secunda
1113 1642 1506 1718 principalis
1533 1661 1655 1704 non
1686 1646 1941 1707 videtur
2051 1652 2350 1708 creatura
2407 1665 2714 1727 suprema
2765 1653 3083 1729 possibili,
3144 1660 3430 1734 quantus
3501 1662 3602 1719 est

48 1731 255 1812 Solu-{uir
292 1769 346 1814 et
374 1756 787 1829 concludere,
855 1762 982 1818 etc.
1046 1755 1354 1833 Rejicitur
1407 1758 1703 1820 secunda
1773 1763 1934 1824 ratio
2050 1761 2192 1838 ipse
2255 1762 2449 1825 Deus.
2514 1767 2697 1839 ltem,
2746 1770 2809 1830 in
2857 1771 3242 1847 quantitate,
3309 1772 3422 1833 ubi
3499 1777 3599 1833 est

70 1824 81 1834 .
3698 1816 3784 1867 uid
3848 1819 3916 1869 sit

68 1841 329 1999 ιωῐῖῗιῖἴ·
371 1874 784 1951 principalis,
818 1891 961 1954 quae
989 1876 1050 1936 in
1086 1892 1166 1937 eo
1202 1877 1517 1948 consistit,
1551 1877 1730 1955 quod
1762 1879 1936 1939 inter
2050 1877 2350 1941 distantia
2410 1882 2579 1943 inter
2647 1889 2939 1945 extrema
2997 1886 3247 1947 ratione
3296 1889 3487 1965 spatii
3534 1895 3599 1950 et
3649 1818 3890 1995 {efficta

89 1967 229 2001 secun
268 1969 297 2000 a
3902 1985 3915 1997 .

120 2014 269 2065 ratio.
375 1995 704 2054 terminos
749 1993 1124 2061 creationis,
1186 1993 1435 2054 scilicet
1488 2010 1595 2053 ens
1637 1998 1702 2054 et
1746 1995 1930 2067 nihil,
2047 1994 2245 2057 medii
2290 1996 2762 2075 interJacentiS,
2849 2005 3025 2063 tanta
3112 2006 3212 2064 est
3289 2003 3589 2066 distantia

371 2107 578 2169 detur
622 2106 866 2169 infinita
908 2107 1234 2182 distantia,
1282 2126 1353 2170 ac
1401 2109 1678 2185 proinde
1725 2111 1929 2187 exigi·
2047 2118 2367 2189 quantum
2413 2121 2513 2177 est
2569 2116 2903 2192 medium;
2963 2120 3075 2179 ubi
3122 2136 3280 2200 ergo
3340 2121 3591 2182 nullum

369 2229 486 2287 tur
526 2225 611 2289 ad
657 2225 1102 2303 superandam
1146 2227 1323 2288 illam
1368 2228 1738 2290 distantiam
1781 2227 1928 2289 infi-
2046 2233 2147 2289 est
2188 2229 2502 2303 medium,
2541 2235 2716 2294 tanta
2766 2241 2865 2295 est
2936 2234 3238 2298 distantia
3285 2236 3451 2298 inter
3482 2255 3588 2299 ex-

364 2343 512 2406 nita
545 2345 836 2421 potentia
877 2343 942 2404 in
987 2347 1246 2419 virtute,
1295 2361 1444 2424 quae
1489 2348 1719 2424 nequit
1749 2363 1927 2408 com·
2046 2348 2249 2406 trema
2281 2348 2686 2420 immediata,
2723 2356 3043 2428 quantum
3089 2358 3188 2413 est
3220 2360 3589 2416 extremum

363 2463 609 2538 petere
653 2466 983 2521 creaturae.
1060 2460 1197 2521 Haec
1257 2462 1419 2522 ratio
1494 2465 1588 2522 est
1647 2461 1928 2537 plurium
2043 2463 2399 2524 excedens,
2446 2463 2804 2528 Affirmatio
2852 2476 3074 2530 autem
3119 2470 3282 2531 entis
3332 2472 3580 2533 creabi·
3618 2493 3909 2549 Arm-matio

366 2577 759 2646 Doctorum,
790 2574 1035 2637 Alberti
1066 2582 1129 2638 in
1157 2578 1219 2637 2.
1266 2578 1328 2640 d.
1385 2578 1436 2639 1.
1490 2581 1616 2638 art.
1658 2583 1718 2639 7.
1762 2580 1921 2639 lien·
2037 2577 2113 2638 lis
2145 2595 2268 2639 seu
2300 2580 2615 2658 perfectio
2664 2589 2730 2644 et
2759 2587 2998 2646 entitas
3031 2586 3197 2665 ejus,
3234 2591 3335 2647 est
3371 2586 3578 2663 finita;
3615 2557 3933 2678 essffssacrgffi

68 2667 320 2783 {iffi-iffi:
365 2692 489 2755 rici
521 2691 847 2767 quodlibet
876 2693 942 2753 4.
984 2700 1199 2769 quaest.
1234 2693 1348 2754 ult.
1396 2693 1693 2754 Richardi
1748 2696 1813 2755 in
1858 2698 1920 2757 2.
2038 2710 2195 2775 ergo
2243 2702 2307 2757 et
2352 2696 2656 2761 distantia
2705 2699 2849 2778 ejus
2917 2698 3094 2761 finita
3143 2717 3180 2761 a
3226 2704 3581 2781 negatione

50 2814 331 2869 Richardm.
366 2813 437 2872 d.
483 2811 536 2870 l.
584 2814 713 2872 art.
746 2810 810 2870 4.
844 2817 1054 2887 quaese.
1090 2812 1147 2869 4.
1183 2812 1477 2889 Eamque
1516 2814 1591 2873 D,
1643 2812 1925 2874 Thomas
2035 2818 2355 2893 opposita.
2409 2816 2598 2891 Quod
2632 2833 2784 2877 vero
2818 2816 3159 2881 affirmatio
3193 2828 3257 2882 et
3313 2822 3578 2900 negatio

366 2929 645 2988 assumit
696 2927 751 2988 l.
791 2934 966 3003 part.
1022 2934 1237 3004 quaest.
1286 2928 1379 2989 45.
1433 2934 1559 2989 art.
1608 2932 1666 2990 5.
1718 2930 1807 2990 ad
1859 2932 1919 2990 3.
2033 2938 2462 3009 opponuntur
2560 2933 3060 2995 contradictorie
3172 2936 3575 3011 immediate,

367 3068 566 3132 quam
612 3051 848 3113 format
877 3053 1081 3126 aliter,
1118 3055 1267 3133 quia
1301 3052 1475 3115 nulla
1522 3060 1622 3115 est
1654 3071 1919 3132 propor·
2032 3053 2216 3126 patet
2261 3065 2342 3110 ex
2400 3050 2786 3127 philosopho
2854 3054 2905 3113 l.
2974 3057 3114 3127 post
3170 3053 3228 3113 5.
3295 3058 3450 3115 text.
3514 3055 3576 3115 Sl

369 3171 459 3231 tio
537 3168 784 3232 nullius
855 3169 1162 3247 potentias
1231 3169 1316 3233 ad
1387 3170 1754 3247 potentiam
1800 3172 1913 3235 ali·
2033 3167 2211 3231 dicas
2257 3185 2338 3230 ex
2389 3173 2575 3247 parte
2621 3170 3015 3250 negationis,
3051 3185 3171 3231 seu
3220 3171 3383 3232 nihil
3410 3172 3576 3234 sumi

369 3303 597 3365 quam,
644 3290 815 3348 sicut
885 3299 1008 3348 nec
1051 3303 1182 3348 non
1242 3287 1409 3348 entis
1469 3286 1551 3348 ad
1603 3304 1766 3357 ens:
1812 3304 1914 3348 er·
2033 3281 2428 3354 distantiam,
2464 3283 2588 3344 hoc
2620 3282 2856 3344 falsum
2891 3288 3013 3356 est,
3048 3286 3201 3362 quia
3233 3286 3398 3346 nihil
3443 3304 3574 3349 non
3660 3279 3874 3346 Negatio

3635 3341 3790 3393 distat
3835 3347 3901 3395 ab

76 3458 208 3511 Ratio
239 3464 282 3515 D
365 3421 454 3483 go
500 3419 631 3464 nec
676 3407 776 3463 est
832 3402 1163 3479 proportio
1220 3401 1556 3475 distantiae,
1621 3420 1762 3481 quae
1821 3408 1920 3464 est
2032 3399 2230 3461 distat
2260 3400 2379 3460 nisi
2414 3397 2781 3461 deficiendo
2829 3400 2910 3461 ab
2970 3403 3125 3460 ente
3161 3399 3264 3460 cui
3297 3401 3572 3477 opponi·
3634 3406 3906 3518 affigantu-

104 3524 270 3578 Thom.
363 3521 539 3581 inter
594 3520 956 3596 potentiani
1003 3524 1067 3580 et
1122 3523 1336 3580 actum
1397 3518 1480 3579 ad
1537 3520 1731 3590 illam,
1776 3536 1918 3598 quae
2031 3519 2160 3588 tur;
2192 3520 2440 3576 tantum
2475 3532 2632 3594 ergo
2670 3514 2909 3586 deficit,
2963 3519 3272 3593 quantum
3306 3516 3579 3580 affirma·
3609 3530 3915 3586 deficiendo.

363 3642 469 3699 est
512 3637 686 3700 inter
716 3637 961 3698 nullam
1004 3636 1360 3712 potentiam
1392 3639 1457 3696 et
1499 3641 1759 3708 actum;
1810 3655 1910 3698 er·
2029 3639 2113 3698 tio
2149 3654 2268 3716 per
2299 3638 2673 3715 oppositum
2730 3641 2917 3715 ponit
2972 3641 3036 3701 in
3090 3656 3243 3713 esse,
3318 3656 3578 3716 compa-

359 3771 445 3834 go
494 3768 631 3814 non
691 3753 810 3814 erit
860 3752 1193 3830 proportio
1250 3753 1522 3824 virtutis,
1574 3769 1724 3830 quae
1782 3771 1913 3817 non
2023 3752 2231 3814 rando
2310 3754 2486 3814 enim
2549 3754 2716 3814 nillil
2783 3753 2868 3815 ad
2952 3755 3139 3829 nihil,
3222 3756 3397 3818 nulla
3481 3761 3581 3818 est

359 3875 584 3948 potest
652 3869 940 3932 inillam
1008 3869 1379 3930 distantiam
1437 3868 1521 3930 ad
1581 3871 1907 3940 virtutem,
2023 3868 2349 3931 distantia.

361 4005 506 4067 quae
550 3991 770 4065 potest
803 4002 1004 4063 super
1032 3985 1247 4060 illam;
1297 4003 1455 4064 ergo
1509 3993 1609 4049 est
1639 3987 1908 4066 infinita,
2104 3988 2290 4058 item,
2338 3987 2550 4065 magis
2585 3985 2830 4049 distant
2895 3989 3072 4050 Deus
3105 3995 3169 4052 et
3212 4006 3344 4051 non
3373 3991 3571 4066 DeuS,

360 4108 509 4183 quia
583 4105 758 4167 omni
812 4101 992 4165 finito
1024 4108 1244 4182 potest
1274 4103 1618 4182 quodlibet
1659 4104 1910 4168 finitum
2021 4119 2214 4180 quarn
2241 4104 2454 4164 anima
2488 4110 2554 4165 et
2596 4121 2726 4165 non
2762 4104 2975 4166 anima
3004 4124 3018 4178 ;
3048 4106 3374 4168 sumendo
3411 4124 3572 4188 ergo
3604 4076 3899 4211 ἓξὲξ-ᾗῇ

356 4221 858 4301 proportionari.
2021 4218 2393 4281 distantiam
2422 4220 2717 4297 positive,
2748 4223 3105 4301 propositio
3130 4224 3238 4285 illa
3264 4232 3361 4287 est
3387 4224 3572 4289 falsa·
3605 4208 3898 4329 progffiffva

441 4337 605 4399 lllud
635 4341 859 4399 autem
916 4336 1303 4415 principium
1340 4338 1653 4414 probatur
1705 4342 1904 4416 varie,
2031 4337 2229 4400 Addit
2259 4344 2574 4415 praeterea
2610 4341 2932 4401 rationem
2965 4357 2999 4399 a
3033 4342 3253 4418 priori,
3284 4344 3433 4421 quia
3468 4346 3572 4406 illa
3627 4328 3895 4380 ‘mmm‘

77 4386 307 4459 Principi-
3689 4405 3800 4440 ⁰⁰¹⁸
3811 4430 3823 4443 ·

132 4468 231 4507 um.
361 4455 508 4533 quia
544 4452 840 4531 qualibet
871 4453 1043 4514 linita
1076 4452 1380 4514 distantia
1427 4454 1618 4516 datur
1660 4458 1899 4535 maj0r;
2016 4447 2222 4506 Virtus
2254 4453 2469 4522 Ρθῑθὸῑ
2512 4463 2714 4523 super
2749 4446 3143 4524 distantiam,
3182 4467 3322 4527 (1¹1ae
3353 4457 3574 4528 polest

358 4572 478 4635 sed
554 4577 716 4634 entis
791 4571 876 4633 ad
959 4572 1125 4633 nihil
1196 4576 1298 4633 est
1379 4573 1686 4648 maxima,
1748 4593 1904 4658 ergo
2016 4577 2221 4638 super
2278 4562 2834 4635 terminum;sed
2894 4565 3206 4625 terminus
3240 4568 3330 4627 ad
3383 4583 3571 4643 quem

352 4680 630 4743 infinita.
665 4678 996 4752 Secund0‚
1030 4683 1182 4757 quia
1212 4682 1381 4740 inter
1410 4684 1629 4742 omnia
1658 4690 1903 4744 contra·
2018 4679 2367 4741 creationis
2441 4684 2540 4739 est
2613 4677 2847 4754 finitus,
2918 4697 3076 4760 ergo
3164 4683 3214 4744 si
3270 4688 3566 4746 creatura

352 4794 637 4859 dictoria
679 4801 765 4856 est
829 4795 1098 4871 aequalis
1152 4795 1483 4867 distantia,
1555 4794 1677 4856 sed
1733 4797 1904 4859 inter
2015 4794 2492 4867 crearetillum,
2525 4799 2751 4871 posset
2779 4812 2976 4874 supra
3011 4795 3405 4873 distantiam,
3439 4815 3562 4861 nec

348 4915 563 4975 Deum
611 4916 679 4974 et
735 4911 894 4973 nihil
966 4910 1159 4972 datur
1233 4910 1481 4974 infinita
1570 4911 1898 4989 distantia,
2012 4909 2167 4971 inde
2212 4915 2608 4989 sequeretur
2637 4914 2841 4974 virtus
2885 4912 3133 4975 infinita
3165 4913 3231 4973 in
3263 4914 3428 4992 ipsa.

351 5028 506 5108 quia
562 5028 686 5089 sub
734 5032 886 5089 ente
959 5027 1227 5089 creabili
1274 5032 1545 5104 possunt
1602 5044 1751 5090 esse
1808 5030 1900 5091 in·
2089 5028 2403 5089 Praeterea
2466 5028 2809 5106 generatio
2860 5030 3178 5090 naturalis
3240 5035 3340 5090 est
3391 5031 3561 5092 inter

345 5142 568 5217 finita;
608 5143 727 5205 sed
770 5160 851 5205 ex
910 5142 1122 5216 dictis,
1183 5144 1354 5204 inter
1390 5141 1520 5204 duo
1571 5145 1898 5206 contradi·
2008 5143 2441 5220 privationem
2500 5149 2564 5204 et
2612 5141 2910 5219 formam,
2964 5145 3232 5221 privatio
3286 5146 3558 5211 includit

348 5264 549 5326 ctoria
586 5264 653 5320 et
684 5261 927 5339 omnia,
954 5263 1055 5321 cst
1082 5259 1347 5337 {equalis
1379 5257 1901 5329 distantia,inter
2007 5261 2458 5339 negationem,
2508 5261 2661 5323 licet
2691 5264 2754 5323 in
2800 5263 3121 5342 subjecto,
3158 5269 3223 5324 et
3252 5281 3373 5341 per
3404 5282 3553 5328 con-

353 5379 661 5460 quaelibet
704 5375 978 5450 infinita,
1031 5392 1233 5454 super
1287 5376 1455 5437 hanc
1527 5375 1897 5437 distantiam
2008 5393 2300 5455 sequens
2370 5377 2634 5456 quando
2712 5381 3019 5440 transitur
3064 5378 3146 5440 de
3194 5383 3554 5459 privatione

347 5495 669 5559 infinitam
713 5510 846 5557 non
891 5499 1110 5573 potest
1173 5497 1296 5558 nisi
1365 5494 1569 5556 virtus
1624 5493 1892 5567 infinita,
2007 5494 2092 5555 ad
2122 5493 2418 5569 formam,
2458 5496 2760 5556 transitur
2807 5493 2889 5555 de
2922 5499 3273 5576 negatione
3320 5500 3403 5560 ad
3465 5498 3553 5560 af-

349 5617 475 5677 etc.
2007 5608 2487 5684 firmationem3
2535 5610 2641 5673 hic
2685 5617 2900 5674 autem
2954 5615 3260 5677 transitus
3310 5619 3412 5677 est
3441 5631 3550 5677 na-
