4255 6375
1417 428 1617 491 DIST.
1679 429 1780 489 Vl.
1814 426 2174 503 QUAESTIO
2206 428 2277 489 11.

244 604 415 648 mum
442 593 730 664 concede,
783 596 908 652 etc.
958 608 1112 652 mox
1161 591 1555 671 subjungit:
1604 595 1676 652 Ει
1725 592 1783 650 εἰ

244 705 505 782 objicias
554 706 783 768 saltem
836 708 1121 782 formam
1180 710 1509 784 Baptismi,
1560 715 1629 769 ut
1691 712 1779 767 est

239 826 727 884 Sacramentum
768 826 1012 886 inducit
1056 824 1367 897 minister,
1417 828 1591 888 etsie
1633 828 1778 884 sunt

234 940 368 997 εἰπε
395 954 623 1013 causae,
660 942 787 1001 etc.
840 939 1225 1017 Respondet
1271 939 1506 1019 primo,
1562 955 1775 1017 quan-

236 1058 366 1114 tum
392 1053 477 1114 ad
508 1054 907 1118 ablutionem
940 1073 1140 1118 unam
1184 1073 1332 1119 esse
1364 1057 1628 1119 totalem
1692 1073 1774 1117 ex

234 1169 519 1248 pluribus
562 1173 968 1247 partialibuS,
1019 1178 1344 1252 quantum
1377 1172 1461 1234 ad
1500 1171 1774 1234 formam

234 1286 484 1350 difficile
517 1304 663 1350 esse
694 1290 948 1352 salvare
992 1293 1311 1353 unitatem
1343 1291 1769 1361 sacramenti,

231 1409 379 1482 quia
400 1423 666 1483 ponere,
698 1407 934 1485 inquit,
982 1412 1109 1472 duo
1161 1411 1454 1486 ejusdem
1502 1411 1777 1471 ration-is

231 1541 354 1585 esse
394 1530 620 1600 partes
673 1529 887 1597 um'us,
952 1531 1128 1605 quod
1173 1528 1557 1605 simpliciter
1621 1533 1774 1587 esset

220 1641 595 1719 perfectam,
650 1644 940 1705 habendo
1016 1644 1301 1706 alterum
1366 1659 1591 1705 eorum
1644 1659 1771 1719 pro

222 1760 434 1831 parte,
465 1760 721 1820 videtur
748 1761 1156 1836 superfluum
1182 1777 1197 1828 ;
1230 1777 1370 1837 quae
1400 1765 1616 1820 autem
1660 1777 1769 1820 ειι-

224 1872 526 1946 perfluat,
563 1876 619 1931 et
678 1875 862 1950 cujus
905 1875 1320 1949 proferenti&
1371 1873 1641 1949 difficile
1685 1879 1771 1935 εει

230 1990 583 2065 assiynare,
618 1996 747 2053 etc.

126 2114 181 2164 de
304 2106 390 2167 Ex
425 2108 664 2185 quibus
697 2112 952 2170 constat
983 2126 1133 2170 eum
1179 2109 1357 2188 loqui
1403 2107 1485 2170 de
1539 2110 1772 2170 Sacra-

119 2182 208 2288 mitss
231 2229 471 2295 ment0,
518 2228 592 2283 ut
621 2229 722 2285 est
766 2224 1043 2285 effectus
1088 2223 1361 2286 ministri
1410 2226 1769 2302 proximuS,

161 2317 204 2351 ⁰⁶
232 2354 353 2400 non
400 2356 559 2401 vero
605 2344 678 2400 ut
709 2345 810 2401 est
841 2357 1037 2402 causa
1068 2345 1378 2418 respectu
1403 2340 1630 2421 gratiae
1662 2345 1772 2401 aut

231 2455 659 2529 characteris;
724 2460 792 2518 et
849 2457 942 2519 sic
1007 2458 1141 2537 agit
1201 2457 1284 2518 de
1333 2473 1409 2518 eo
1482 2460 1547 2519 in
1621 2462 1768 2518 actu

225 2571 459 2647 primO,
508 2576 575 2633 et
617 2578 812 2651 prout
857 2575 1096 2635 virtute
1144 2574 1432 2636 continet
1461 2574 1770 2637 effectum

228 2685 584 2762 dumtaxat,
619 2703 755 2750 non
783 2706 939 2752 vero
972 2692 1037 2751 in
1069 2695 1218 2752 actu
1248 2689 1544 2752 secundo
1578 2696 1771 2768 prout

226 2802 399 2865 illum
437 2802 732 2877 confert;
772 2823 913 2885 quae
961 2806 1321 2885 acceptatio
1374 2808 1769 2871 Sacramenti

222 2925 315 2980 est
370 2935 452 2981 ex
523 2937 724 2999 scopo
785 2916 1181 2999 quaestioniS,
1255 2928 1321 2983 et
1392 2920 1473 2983 de
1543 2926 1763 2983 mente

223 3038 595 3111 Doctorum,
627 3041 736 3118 qui
784 3041 850 3100 in
902 3040 1027 3102 hoc
1068 3057 1269 3102 sensu
1326 3046 1642 3120 quaerunt,
1685 3057 1766 3104 an

220 3155 299 3217 sit
355 3173 559 3219 unum
606 3158 1124 3232 Sacramentum,
1176 3174 1256 3220 an
1327 3158 1656 3221 diversum
1702 3160 1766 3221 in

220 3272 471 3334 ratione
504 3273 675 3352 signi
704 3274 1221 3335 sacramentalis.

296 3390 633 3449 Ponamus
715 3405 873 3468 ergo
965 3405 1188 3451 casum
1267 3389 1764 3486 suscipientem,

221 3521 457 3582 nempe
490 3506 1010 3579 Sacramentum,
1056 3522 1202 3567 esse
1247 3507 1520 3568 invitum
1572 3507 1765 3568 abso-

218 3623 443 3686 lutein
496 3640 613 3686 sua
656 3625 1018 3697 voluntate,
1073 3631 1136 3686 et
1186 3626 1358 3687 nolle
1412 3626 1766 3687 consentiri

215 3737 276 3798 in
332 3737 789 3816 receptionem
848 3740 1274 3812 Sacramenti‚
1339 3740 1459 3802 sed
1513 3745 1765 3808 tantum

213 3851 357 3915 ficte
409 3861 474 3916 et
511 3854 824 3917 simulate
878 3872 950 3916 se
1001 3855 1272 3929 habere,
1319 3859 1383 3918 in
1433 3873 1563 3934 quo
1610 3873 1765 3918 casu

215 3968 366 4031 nihil
414 3968 766 4046 reciperet,
820 3967 1609 4048 quamvis'perficeretur
1658 3971 1764 4032 Sa-

217 4090 625 4148 cramentum
654 4101 691 4154 a
723 4085 981 4148 duobus
1013 4085 1194 4162 Juxta
1238 4103 1462 4147 casum
1504 4089 1763 4165 quaesti-

214 4201 388 4275 onis3
451 4201 668 4264 adhuc
729 4205 953 4262 manet
1002 4201 1140 4263 haec
1201 4201 1494 4279 quaestio‚
1551 4219 1634 4262 an
1686 4204 1768 4264 sit

215 4333 435 4390 unum,
484 4324 595 4379 aut
638 4315 909 4395 duplex,
956 4319 1212 4379 secluso
1257 4317 1489 4380 ordine
1532 4319 1615 4380 ad
1666 4317 1759 4380 ef·

214 4431 481 4505 fectum,
542 4435 650 4513 qui
713 4451 844 4496 non
908 4434 1080 4495 inest
1138 4438 1202 4494 in
1261 4450 1334 4496 re
1395 4443 1758 4498 causatum.

215 4548 486 4622 Quando
563 4564 720 4628 ergo
798 4547 956 4609 dicit
1029 4550 1269 4610 Doctor
1352 4549 1761 4628 superfluere

214 4664 479 4727 formam
528 4667 608 4728 ab
655 4669 862 4729 altero
895 4667 1131 4729 horum
1164 4668 1510 4744 prolatam,
1558 4670 1763 4748 loqui-

217 4791 315 4846 tur
370 4786 456 4848 de
511 4785 961 4864 superfluitate
1023 4784 1088 4845 in
1146 4783 1375 4846 ordine
1434 4783 1517 4845 ad
1557 4803 1763 4848 unum

217 4901 711 4964 Sacramentum
746 4899 1311 4973 constituendum,
1361 4902 1511 4978 quia
1542 4920 1761 4983 neque

220 5020 359 5082 duae
405 5019 646 5093 formae,
706 5034 926 5096 neque
975 5018 1252 5095 prolatio
1299 5033 1550 5093 earum,
1604 5020 1757 5082 faci·

222 5140 335 5197 unt
379 5151 584 5199 unum
613 5137 680 5198 in
713 5153 842 5197 esse
871 5134 969 5196 rei
999 5139 1111 5195 aut
1154 5135 1347 5213 signi,
1391 5139 1760 5215 respective

220 5253 300 5314 ad
349 5256 654 5324 invicem,
705 5252 1077 5331 respective
1126 5268 1282 5314 vero
1334 5251 1419 5313 ad
1451 5254 1761 5316 lotionem

227 5370 424 5432 altera
455 5371 798 5449 superfluit
832 5371 900 5431 in
938 5367 1168 5431 ordine
1219 5368 1304 5430 ad
1357 5371 1761 5434 constituen-

220 5483 371 5547 dum
403 5487 904 5548 Sacramentum
935 5502 1166 5557 unum,
1200 5487 1350 5563 quia
1382 5487 1582 5547 altera
1620 5487 1761 5549 suf-

224 5599 392 5678 ficit3
429 5620 587 5683 ergo
616 5602 962 5678 superfluit
1012 5603 1158 5675 alia,
1221 5617 1365 5681 quae
1418 5611 1520 5667 est
1579 5606 1759 5686 ejus-

119 2318 157 2351 m

3339 422 3458 489 549

1900 587 2050 651 dem
2137 590 2402 652 omnino
2463 590 2755 664 rationis,
2822 607 2956 654 non
3006 606 3200 652 secus
3252 604 3326 648 ac
3389 589 3454 648 in

1896 707 2034 767 aliis
2117 708 2530 786 compositis;
2615 709 2738 769 hoc
2833 704 3054 769 album
3144 722 3451 775 numero,

1888 822 2073 884 ‘verbi
2137 824 2371 903 gratia,
2416 824 2502 884 ita
2581 823 2997 886 constituitur
3070 840 3191 900 per
3248 838 3450 883 unam

1891 957 2168 1001 numero
2203 940 2603 1013 albedinem,
2638 944 2705 1000 ut
2757 941 2963 1001 altera
3019 943 3288 1002 omnino
3335 956 3445 999 su-

1889 1059 2189 1137 perfluat,
2236 1064 2309 1119 ut
2365 1075 2584 1136 neque
2633 1057 2814 1120 idern
2862 1075 3141 1121 numero
3201 1057 3447 1119 consti-

1891 1178 2051 1247 tuat,
2085 1190 2309 1252 neque
2355 1175 2754 1235 constituere
2789 1179 3036 1250 posset.

1966 1291 2213 1354 Eodem
2244 1290 2444 1354 modo
2495 1290 2700 1353 forma
2754 1290 3244 1353 sacramentalis
3297 1305 3443 1349 cum

1889 1406 2111 1468 debita
2144 1406 2512 1484 prolatione
2557 1406 2638 1468 ab
2670 1423 2800 1468 uno
2835 1406 3112 1483 prolata,
3145 1408 3233 1465 ita
3282 1422 3434 1468 con-

1886 1523 2089 1583 stituit
2151 1538 2360 1583 unum
2419 1538 2695 1583 numero
2769 1523 3288 1591 Sacramentum,
3366 1527 3441 1582 ut

1888 1639 2119 1700 eadem
2166 1637 2372 1701 forma
2418 1639 2497 1700 ab
2558 1638 2682 1700 allo
2724 1639 2998 1715 prolata,
3048 1653 3199 1699 cum
3248 1636 3436 1697 simili
3469 1658 3785 1731 Duaeformae

1886 1759 2277 1830 intentione,
2338 1759 2420 1818 sit
2476 1756 2828 1835 superflua,
2915 1774 3133 1835 neque
3210 1757 3274 1817 in
3337 1774 3431 1829 re,
3493 1722 3751 1849 ῃξέἶζῗυῗι

1885 1890 2106 1953 neque
2163 1873 2228 1933 in
2286 1871 2764 1952 significatione
2833 1873 3038 1949 possit
3096 1871 3180 1932 ad
3254 1872 3433 1934 idem
3461 1850 3769 1958 wnffissssm

1885 2004 2160 2052 numero
2194 1990 2713 2061 Sacramentum,
2761 1993 2834 2048 ut
2879 2004 3028 2065 pars
3075 1988 3219 2067 ejus
3262 1988 3431 2050 ordi·
3458 1986 3783 2097 qutssfflgffdn

1884 2107 2046 2178 nari,
2093 2108 2243 2187 quia
2288 2106 2466 2183 quod
2507 2113 2729 2167 natum
2780 2111 2881 2167 est
2925 2106 3081 2168 dare
3129 2104 3431 2167 ultimum
3457 2096 3786 2211 subegit-nan·

1885 2228 2105 2284 actum
2167 2224 2592 2302 completum,
2648 2223 2938 2285 excludit
2966 2223 3029 2283 in
3077 2223 3308 2287 ordine
3349 2224 3431 2286 ad

1883 2343 2068 2406 illum
2114 2343 2450 2411 effectum,
2507 2358 2771 2404 omnem
2818 2341 3008 2401 aliam
3056 2340 3332 2403 formam
3376 2349 3439 2403 et

1884 2465 2105 2521 actum
2171 2459 2500 2521 diversum
2559 2474 2860 2530 numere,
2922 2474 3064 2536 quac
3128 2457 3440 2519 advenire

1885 2578 2121 2654 nequit
2154 2592 2273 2655 per
2314 2576 2587 2637 modum
2622 2576 3096 2646 constituentis
3127 2574 3248 2636 nisi
3279 2590 3435 2651 sup-

1882 2674 2087 2772 ponat
2130 2697 2495 2770 potentiam
2571 2692 3036 2770 incompletam
3111 2708 3193 2752 ex
3247 2696 3438 2768 parte

1881 2815 2172 2874 materiae
2227 2815 2339 2872 aut
2386 2811 2739 2883 constituti,
2803 2825 2945 2888 quae
2991 2811 3055 2870 in
3101 2809 3435 2886 proposito

1882 2930 2057 2991 nulla
2093 2933 2236 2999 est:
2291 2943 2449 3006 ergo
2499 2924 2759 2988 eaedem
2800 2923 3024 2987 formae
3078 2925 3272 2986 simul
3308 2925 3427 2986 ad-

1879 3048 2223 3109 venientes
2252 3049 2597 3122 nequeunt
2628 3044 3030 3104 constituere
3078 3041 3258 3103 idem
3302 3059 3430 3102 nu-

1880 3179 2058 3224 mero
2105 3163 2625 3233 Sacramentum,
2676 3175 2756 3220 ex
2801 3175 2880 3220 eo
2915 3154 3098 3236 quod
3129 3156 3436 3236 quaelibet

1882 3290 2035 3345 nata
2064 3285 2150 3344 sit
2181 3282 2339 3344 dare
2383 3282 2684 3344 ultimum
2730 3287 2975 3354 actum,
3023 3278 3130 3340 vel
3161 3278 3428 3339 omnino

1879 3401 2154 3462 nullum.

1960 3517 2136 3576 Hanc
2185 3532 2340 3596 ergo
2377 3521 2627 3592 partem
2674 3519 2869 3576 teneo
2905 3531 3053 3576 esse
3083 3514 3161 3577 de
3205 3521 3430 3579 mente
3586 3536 3661 3587 12.
3705 3598 3715 3607 ·

1881 3632 2199 3705 DoctoriS,
2258 3631 2344 3693 ad
2404 3648 2605 3710 quam
2656 3629 2811 3692 facit
2857 3647 2975 3691 sua
3021 3633 3210 3703 rati0‚
3279 3649 3428 3711 quae
3484 3600 3748 3715 ἓξὲξζῖξζᾶ

1876 3748 2222 3826 aequivalet
2280 3748 2648 3820 assertioni,
2708 3751 2774 3808 et
2838 3749 2963 3808 hoc
3022 3747 3432 3826 potissimum

1879 3862 2170 3925 tenendo
2217 3866 2640 3934 sententiam,
2680 3878 2878 3940 quam
2910 3863 3052 3940 ipse
3098 3879 3319 3941 supra,
3360 3869 3435 3925 ut

1879 3979 2395 4057 probabiliorem
2439 3980 2742 4056 sequitur
2796 3980 2939 4039 disc.
2991 3980 3049 4038 3.
3104 3985 3321 4054 quaest.
3373 3982 3428 4042 l.

1878 4112 2122 4173 nempe
2151 4092 2429 4155 formam
2461 4094 2768 4172 Baptismi
2813 4096 3145 4173 pertinere
3199 4096 3282 4157 ad
3336 4113 3432 4157 es·

1877 4212 2158 4274 sentiam
2192 4212 2352 4290 ejus,
2396 4228 2515 4289 per
2562 4212 2835 4274 modum
2884 4210 3299 4275 fundamenti
3344 4215 3425 4276 si-

1877 4325 2313 4404 gnificationis
2359 4326 2876 4398 sacramentaliS,
2931 4333 2997 4391 et
3034 4344 3166 4388 non
3211 4328 3426 4388 solum

1877 4459 1950 4503 se
2014 4443 2292 4518 habere,
2352 4447 2425 4503 ut
2489 4443 3037 4504 circumstantiam
3125 4453 3429 4522 respectu

1877 4557 2253 4629 ablutioniS,
2315 4565 2388 4618 ut
2435 4575 2507 4620 se
2565 4559 2768 4620 habet
2824 4559 3096 4620 intentio
3157 4560 3429 4624 ministri

1877 4682 2188 4752 respectu
2227 4675 2594 4753 utriusque,
2647 4682 2712 4737 et
2767 4676 2885 4737 alia
2949 4678 3426 4739 concurrentia.

1879 4791 2009 4851 lmo
2070 4795 2268 4855 etiam
2327 4791 2504 4853 idem
2561 4808 2808 4864 assero,
2882 4793 3167 4855 tenendo
3230 4795 3426 4855 etiam

1875 4912 2268 4974 sententiam
2311 4910 2617 4989 Magistri,
2667 4927 2864 4988 quam
2902 4917 2974 4971 ut
3020 4912 3421 4989 probabilem

1878 5024 2202 5103 defendit,
2266 5042 2410 5105 quae
2473 5032 2664 5089 totam
2724 5026 3274 5106 significationem
3326 5045 3427 5088 sa-

1878 5143 2353 5206 cramentalem
2398 5145 2628 5206 statuit
2659 5145 2721 5203 in
2753 5145 2891 5221 ipsa
2925 5144 3284 5219 ablutione,
3336 5146 3418 5206 ad

1874 5275 2068 5338 quam
2101 5275 2174 5320 se
2207 5260 2487 5321 haberet
2515 5262 2606 5321 sic
2638 5258 2869 5332 forma,
2909 5264 2985 5320 ut
3030 5261 3313 5325 conditio
3357 5269 3423 5323 et

1875 5373 2380 5435 circumstantia.

1956 5487 2413 5563 confirmatur,
2473 5490 2718 5551 ablutio
2778 5490 3268 5551 sacramentalis
3339 5492 3421 5552 ab
3476 5533 3767 5586 conflrma-

1871 5609 2153 5680 utroque
2209 5602 2382 5667 facta
2428 5620 2559 5666 non
2634 5603 2787 5665 facit
2860 5621 3064 5667 unum
3130 5605 3193 5666 in
3271 5623 3417 5669 esse
3565 5596 3651 5646 ²10·
