4255 6375
1550 394 1728 457 Dts‘r
1783 395 1828 456 1.
1866 394 2227 469 QUAES·1·10
2261 395 2363 458 Vl.

366 566 658 642 respectu
717 555 925 643 ipsius
968 555 1248 643 justitiae
1298 555 1400 622 vel
1447 554 1710 642 gratiae;
1749 574 1907 640 ergo

365 693 569 761 neque
620 673 1240 761 inseparabilitatem
1322 673 1462 760 ejus
1545 694 1580 739 a
1667 673 1902 760 gratia,

360 788 513 876 quin
560 790 835 855 seorsim
903 789 1044 856 sine
1104 788 1240 875 ipsa
1290 789 1520 875 possit,
1566 790 1907 877 supposito

359 907 550 974 etiam
594 921 881 994 peccato,
930 909 1082 995 poni
1145 909 1210 974 in
1278 930 1434 989 esse,
1499 908 1579 974 de
1622 909 1906 996 potentia

359 1022 675 1090 absoluta.
736 1024 860 1090 Sed
894 1026 1214 1091 rectitudo
1269 1025 1607 1104 naturaliS,
1663 1024 1900 1113 inquit,

357 1140 408 1206 si
462 1160 594 1205 non
661 1141 1112 1226 praecessisset
1178 1163 1371 1209 suum
1421 1141 1794 1229 oppositum
1840 1141 1901 1207 in

355 1257 673 1345 subjectO,
719 1270 935 1343 posset
994 1278 1028 1323 a
1067 1258 1277 1343 gratia
1318 1258 1609 1344 separari
1654 1279 1769 1343 per
1815 1269 1900 1336 te,

355 1371 415 1437 id
456 1385 583 1454 est,
619 1374 730 1460 qui
783 1363 1080 1462 sequeris
1121 1374 1515 1440 sententiam
1562 1372 1900 1458 Magistri;

355 1508 513 1574 ergo
589 1489 783 1554 etiam
862 1502 1007 1575 post
1078 1500 1443 1576 peccatum.
1520 1492 1672 1553 Haec
1741 1487 1905 1553 ratio

354 1603 508 1669 facit
562 1603 756 1669 etiam
855 1602 932 1669 ad
1019 1602 1504 1669 conclusionem
1576 1602 1903 1689 principa-

354 1714 507 1781 lem.

146 1841 215 1891 25.
440 1829 737 1897 Secunda
773 1830 939 1897 ratio
998 1841 1119 1909 est,
1167 1830 1317 1917 quia
1361 1834 1530 1896 Deus
1571 1829 1740 1895 sicut
1797 1851 1906 1917 po-

282 2010 293 2021 .
354 1951 475 2017 tuit
514 1969 736 2015 creare
785 1948 1115 2016 hominem
1175 1949 1531 2016 secundum
1581 1947 1905 2037 justitiam

355 2058 741 2146 originalem
810 2059 953 2124 sine
1019 2058 1252 2146 gratia,
1306 2072 1516 2144 potest
1574 2058 1764 2124 etiam
1827 2057 1906 2122 de

357 2175 645 2264 potentia
714 2174 1010 2241 absoluta
1070 2175 1370 2241 eumdem
1433 2185 1799 2240 restaurare
1838 2173 1902 2238 in

349 2292 607 2379 justitia
640 2291 969 2379 originali,
1015 2292 1166 2379 quia
1208 2312 1334 2357 non
1368 2290 1585 2358 delicit
1620 2291 1904 2377 potentia

136 2455 248 2506 Nihil
317 2429 434 2502 ‚ex
480 2418 667 2495 parte
705 2409 841 2486 Dei,
881 2429 1091 2495 neque
1132 2406 1529 2494 possibilitas
1579 2428 1656 2473 ex
1725 2418 1905 2493 parte

111 2520 278 2646 ‘'2⁸53“
364 2525 620 2603 sormae,
658 2545 869 2612 neque
934 2524 1256 2612 capacitas
1290 2524 1353 2589 in
1397 2535 1625 2589 natura
1657 2521 1905 2588 tollitur

86 2647 302 2695 restaurari
358 2663 471 2727 per
504 2652 840 2728 peccatum
908 2640 985 2706 ad
1034 2639 1325 2706 eamdem
1376 2639 1677 2717 formam,
1713 2639 1902 2725 cujus

99 2715 277 2831 iffi.
352 2758 535 2846 prius
578 2756 697 2822 fuit
735 2776 935 2842 capax
985 2769 1133 2821 ante
1166 2767 1523 2843 peccatum,
1561 2755 1713 2842 quia
1756 2774 1900 2841 pec·

351 2887 570 2942 catum
613 2894 741 2939 non
784 2873 936 2939 facit
982 2884 1280 2939 naturam
1314 2892 1460 2937 esse
1526 2871 1746 2950 aliam,
1788 2891 1898 2938 nc·

349 3015 478 3080 que
511 2991 787 3079 proinde
819 2990 986 3057 tollit
1015 2991 1159 3078 ejus
1182 2988 1633 3076 capacitatem.
1680 2991 1902 3076 Agens

347 3123 571 3179 autem
605 3111 901 3178 divinum
963 3119 1176 3197 potest
1222 3106 1601 3194 imprimere
1651 3118 1902 3173 naturae

345 3252 613 3298 omnem
681 3230 954 3296 formam
987 3227 1375 3307 absolutam,
1430 3226 1620 3312 cujus
1658 3237 1756 3291 est
1799 3247 1901 3293 ca-

344 3370 468 3435 pax
521 3349 667 3416 sine
690 3345 869 3412 omni
902 3366 979 3411 eo
1033 3344 1202 3433 quod
1237 3365 1365 3410 non
1399 3354 1498 3410 est
1543 3342 1621 3410 de
1652 3343 1902 3410 ratione

344 3466 578 3532 sormae
607 3464 972 3551 impressae.
1011 3460 1293 3528 maxime
1343 3459 1398 3527 si
1447 3461 1532 3526 sit
1577 3461 1903 3546 posterius

346 3587 514 3673 ipsa,
542 3585 690 3652 talis
731 3597 830 3650 est
859 3582 1067 3671 gratia
1099 3596 1394 3670 respectu
1445 3582 1723 3669 justitiae
1772 3582 1898 3648 ori-

346 3703 613 3791 ginalis,
669 3721 902 3787 nempe
961 3700 1024 3765 in
1101 3698 1422 3764 sententia
1482 3700 1774 3786 Magistri
1837 3712 1904 3767 et

351 3817 683 3899 Richardi,
765 3817 872 3905 qui
932 3817 1226 3884 sentiunt
1288 3816 1619 3883 hominem
1702 3818 1904 3885 fuisse

350 3945 642 4000 creatum
677 3951 803 3998 non
849 3932 911 3997 in
949 3932 1182 4020 gratia,
1226 3932 1335 3999 sed
1372 3932 1435 3998 in
1488 3932 1623 3998 sola
1648 3933 1902 4019 justitia

352 4045 685 4136 originali,
733 4047 1034 4134 quamvis
1067 4058 1285 4133 postea
1337 4048 1394 4115 ei
1454 4048 1647 4114 fuerit
1676 4048 1904 4115 collata

357 4165 569 4251 gratia
609 4186 722 4252 per
762 4164 965 4251 ipsos,

96 4308 308 4377 manua,
448 4282 728 4371 Subjicit
811 4281 1183 4349 instantiam
1263 4293 1486 4349 contra
1561 4285 1899 4372 majorem,

125 4376 284 4492 ξῷηἶῗ
360 4418 554 4484 quam
588 4418 739 4463 mox
772 4397 992 4476 solvit,
1031 4398 1093 4463 in
1137 4398 1352 4465 littera
1392 4410 1491 4464 est
1536 4399 1747 4487 plana,
1795 4420 1905 4464 ex-

361 4514 609 4600 plicans
640 4534 841 4601 quare
875 4514 1097 4601 nequit.
1140 4513 1305 4595 fieri,
1372 4515 1529 4602 quin
1613 4513 1903 4601 praeteri·

360 4644 497 4696 tum
560 4630 645 4696 sit
682 4629 1112 4717 praeteritum,
1194 4629 1506 4715 optimam
1582 4631 1901 4697 rationem

361 4768 393 4813 a
416 4747 616 4834 priori
644 4746 1023 4835 subjiciens.
1054 4748 1239 4824 Item,
1268 4745 1420 4832 quid
1446 4748 1531 4811 sit
1561 4746 1905 4833 virginitas

358 4877 421 4929 et
463 4885 589 4952 qua
640 4862 888 4929 ratione
931 4862 1135 4948 possit
1167 4862 1517 4928 restaurari
1569 4884 1603 4927 a
1636 4866 1791 4942 Dec,
1843 4874 1906 4928 et

361 4980 413 5044 si
458 4990 936 5045 restauraretur
977 4997 1104 5041 non
1147 4976 1365 5042 deberi
1400 4976 1523 5063 ipsi
1548 4976 1900 5056 aureolam,

360 5116 509 5181 quae
541 5107 634 5161 est
689 5094 1002 5181 gaudium
1055 5092 1135 5158 de
1195 5093 1565 5159 innocentia
1631 5114 1754 5158 non
1813 5104 1905 5160 te-

363 5223 627 5289 merata,
671 5223 781 5275 aut
824 5208 1059 5275 violata
1103 5221 1167 5274 et
1211 5208 1475 5274 amissa.
1532 5211 1717 5288 Item,
1780 5229 1906 5296 qua

360 5327 608 5403 ratione
647 5326 854 5414 possit
884 5324 1196 5412 gaudium
1238 5344 1385 5391 esse
1424 5323 1503 5391 de
1558 5324 1906 5411 negatione

96 5468 101 5477 ·
358 5444 734 5511 excludente
784 5442 1375 5530 imperfectionem,
1459 5464 1574 5508 seu
1625 5441 1905 5508 affirma·

94 5480 117 5645 l
342 5562 604 5659 ,tionem
660 5559 956 5659 odibilis,

3461 395 3576 459 ⁸213

2020 553 2028 566 ’
2109 555 2330 641 Aliqui
2372 555 2575 622 citant
2623 560 2985 637 Doctorem,
3031 555 3217 644 quasi
3263 556 3457 624 suerit
3503 558 3569 624 in
3719 585 3804 638 27.

2020 671 2248 737 eadem
2327 673 2651 741 sententia
2731 695 2881 739 cum
2953 674 3293 761 MagistrO,
3342 695 3569 762 quam·
3633 648 3891 775 ἷῗὲξξξξζῗ

2020 788 2242 875 plures
2281 788 2389 855 alii
2424 800 2670 868 tenent,
2718 802 2946 878 estque
2995 790 3376 876 probabilia,
3425 791 3559 857 sun·
3598 779 3907 901 cyggitzfsshs.

2019 904 2396 972 damentum
2451 909 2646 975 babet
2685 908 2750 973 in
2783 909 3107 994 Cypriano
3138 909 3420 995 epistola
3454 912 3561 975 74.

2020 1021 2130 1088 ubi
2175 1021 2484 1109 intelligit
2516 1023 2672 1090 illud
2705 1025 3015 1090 Genesis:
3061 1037 3121 1090 ec
3162 1026 3454 1112 spiravit
3494 1026 3568 1091 in

2017 1140 2279 1222 faciem
2319 1143 2461 1227 ejus
2487 1142 2901 1227 spiraculum
2933 1143 3104 1221 vicae,
3144 1152 3268 1208 etc.
3305 1142 3384 1208 de
3413 1162 3566 1227 gra—

2019 1255 2103 1320 tia
2175 1256 2650 1339 sanctificante,
2729 1278 3030 1325 asserens
3098 1258 3279 1345 prius
3362 1258 3567 1326 fuisse

2017 1384 2307 1438 creatum
2347 1373 2629 1459 primum
2671 1373 3032 1455 hominem,
3080 1391 3273 1462 quam
3317 1374 3566 1461 accipe-

2019 1501 2113 1555 ret
2145 1488 2448 1575 spiritum
2491 1489 2679 1566 vitae3
2717 1502 2781 1554 et
2822 1489 2886 1554 in
2929 1489 3299 1576 Augustino
3334 1494 3440 1557 13.
3485 1491 3565 1556 de

2023 1605 2226 1670 Civic.
2285 1626 2428 1691 cap.
2502 1608 2609 1671 24.
2693 1603 3070 1692 intelligens
3128 1604 3316 1691 prius
3364 1605 3569 1671 fuisse

2017 1731 2304 1787 creatum
2341 1720 2622 1807 primum
2655 1720 3014 1797 hominem,
3071 1734 3131 1788 et
3193 1741 3307 1809 per
3361 1723 3568 1808 spira-

2018 1836 2237 1902 culum
2276 1836 2429 1902 vitae
2488 1835 2762 1923 intelligi
2815 1837 3100 1903 animam
3156 1837 3562 1922 rationalem,

2020 1953 2191 2041 quod
2222 1952 2566 2019 confirmat
2596 1953 2819 2019 verbis
2852 1954 3031 2019 Pauli
3069 1959 3127 2034 1,
3158 1953 3234 2019 ad
3270 1954 3563 2022 Corinth.

2021 2073 2127 2136 15.
2157 2067 2392 2134 Factus
2423 2081 2514 2134 esc
2542 2070 2803 2155 primus
2832 2071 3023 2135 homo
3067 2070 3282 2136 Adam
3307 2071 3381 2135 in
3414 2072 3569 2135 ani-

2018 2206 2195 2249 mam
2237 2163 2581 2264 virentem,
2630 2185 3025 2248 novissimus
3066 2184 3280 2250 Adam
3327 2186 3398 2249 in
3437 2187 3571 2271 spi-

2017 2302 2220 2366 ritum
2289 2301 2760 2383 vivificantem,
2823 2300 2938 2365 sed
2972 2321 3106 2366 non
3152 2303 3346 2387 prins
3394 2302 3570 2388 quod

2015 2418 2323 2504 spiritale
2360 2429 2473 2496 est,
2512 2439 2705 2504 qitam
2750 2417 2925 2503 quod
2963 2419 3278 2496 animale,
3326 2429 3451 2484 etc.
3505 2433 3570 2485 et

2018 2534 2130 2600 lib.
2171 2535 2230 2599 Ξ.
2281 2533 2363 2599 dc
2405 2533 2642 2599 Genesi
2683 2531 2761 2599 ad
2814 2533 3092 2600 litteram
3154 2545 3378 2601 contra
3432 2539 3559 2602 Ma-

2017 2650 2332 2734 nichaeOS‚
2369 2671 2519 2736 cap.
2563 2654 2633 2716 8.
2689 2671 2972 2738 sequens
3022 2649 3312 2717 eamdem
3348 2652 3558 2719 inter·

2016 2768 2441 2854 pretationem
2480 2791 2493 2832 :
2533 2768 2838 2834 Nondum
2875 2780 3113 2849 tamen,
3158 2769 3390 2857 inquit,
3425 2773 3563 2857 spi-

2012 2887 2329 2953 ritualem
2379 2886 2709 2951 hominem
2785 2886 3088 2952 debemus
3151 2888 3553 2974 inlellv’yerc‚

2015 3007 2130 3092 qui
2148 3006 2366 3088 sactus
2396 3015 2488 3068 est
2517 3005 2592 3070 in
2612 3005 2905 3070 animam
2932 3007 3281 3085 viventem„
3310 3005 3427 3071 sed
3448 3005 3539 3071 ad
3550 3043 3564 3051 ·

2016 3123 2143 3189 huc
2177 3123 2574 3203 animalem,·
2606 3133 2761 3187 tunc
2790 3123 2968 3189 enz'm
2988 3123 3372 3209 spiritualis
3407 3125 3566 3209 effe-

2012 3252 2154 3306 ctus
2184 3252 2297 3321 cst,
2336 3242 2576 3306 cumin
2605 3239 2960 3320 Paradiso,
2991 3241 3111 3305 Ιιοο
3136 3251 3250 3319 est,
3282 3242 3356 3306 in
3377 3239 3567 3305 beata

2009 3360 2148 3424 vila
2190 3360 2603 3436 constitutus,
2641 3358 3054 3444 principium
3096 3359 3300 3424 eciam
3325 3359 3562 3444 perfe-

2011 3477 2252 3541 ctionis
2282 3475 2554 3559 accepit,
2621 3484 2692 3540 ul
2737 3474 2926 3539 verbo
2969 3475 3093 3539 Dei
3145 3496 3563 3541 consumma-

2009 3602 2219 3669 retur,
2266 3604 2390 3657 etc.
2429 3592 2506 3655 Et
2548 3589 2661 3657 cib.
2717 3594 2819 3655 11.
2865 3590 2948 3656 de
3003 3592 3188 3655 civit.
3249 3612 3394 3676 cap.
3454 3595 3560 3656 13.

2010 3707 2168 3774 dicit
2223 3708 2475 3794 justum
2532 3706 2849 3774 viatorem
2905 3718 3049 3792 post
3105 3705 3360 3794 lapsum
3417 3728 3568 3774 esse

2012 3822 2369 3891 beatiorem
2412 3822 2681 3901 Adam0,
2732 3832 3049 3909 quantum
3099 3823 3175 3888 ad
3228 3844 3411 3910 spem
3462 3823 3566 3890 vi-

2014 3949 2099 4003 tae
2140 3949 2429 4014 aeternae,
2477 3936 2648 4024 quod
2694 3957 2820 4003 non
2854 3949 3029 4003 esset
3071 3958 3325 4018 verum,
3370 3938 3425 4004 si
3484 3944 3565 4004 A-

2015 4053 2161 4120 dam
2203 4052 2539 4118 habuisset
2598 4050 2767 4118 dona
2833 4053 3420 4138 supernaturaliter
3478 4054 3563 4119 si·

2017 4168 2317 4234 mulcum
2344 4167 2597 4252 justitia
2629 4166 2955 4254 originali.

2103 4281 2374 4349 Videtur
2422 4283 2616 4349 etiam
2659 4295 2814 4350 tunc
2861 4296 3302 4369 congruenter
3359 4283 3564 4350 fuisse

2016 4398 2499 4467 distinctionem
2536 4398 2703 4464 inter
2741 4420 2937 4483 opera
2963 4410 3235 4476 naturae,
3272 4412 3334 4466 et
3368 4420 3561 4485 opera
3593 4373 3885 4500 eonggffden-

2016 4514 2285 4603 gratiae;
2323 4525 2385 4578 et
2415 4513 2585 4579 sicut
2618 4511 2697 4578 de
2749 4512 2914 4577 facto
2964 4512 3225 4579 adultus
3277 4536 3403 4580 non
3458 4515 3564 4601 ju·
3702 4498 3791 4548 ⁸¹⁸·

2016 4627 2338 4697 stificatur
2395 4627 2537 4694 sine
2631 4627 2890 4713 propria
2955 4627 3401 4714 dispositione,
3480 4630 3566 4695 ita

2017 4745 2243 4823 Adam,
2298 4742 2409 4831 qui
2467 4753 2723 4809 creatus
2773 4755 2872 4809 est
2919 4764 3066 4809 cum
3121 4745 3308 4830 plena
3365 4746 3564 4812 liber-

2018 4872 2173 4943 tate,
2218 4872 2280 4927 et
2313 4860 2578 4927 relictus
2615 4862 2678 4926 in
2728 4881 2920 4927 manu
2972 4861 3230 4929 consilii
3282 4862 3407 4943 sui,
3471 4864 3564 4928 vi-

3639 1566 3879 1632 Augusti-

3708 1645 3802 1679 nus
3813 1669 3826 1683 .

1970 5027 1977 5035 .
2017 4977 2207 5043 detur
2254 4976 2397 5043 sine
2442 4976 2697 5063 propria
2740 4976 3170 5063 dispositione
3223 4999 3350 5043 non
3392 5000 3566 5046 rece-

2018 5092 2193 5179 pisse
2233 5093 2538 5179 gratiam,
2589 5103 2655 5158 ut
2687 5096 2920 5157 Doctor
2952 5090 3015 5156 in
3058 5091 3257 5157 simili
3298 5093 3456 5159 dicit
3487 5094 3563 5159 de
3657 5148 3713 5198 In
3752 5164 3851 5214 quo

2017 5208 2415 5295 Angelorum
2481 5229 2684 5287 mora,
2760 5220 2827 5273 ut
2890 5209 2951 5274 in
3008 5208 3217 5294 primo
3295 5210 3557 5278 instanti
3592 5210 3916 5339 ⁸¹²th¹1lgce¹ff⁸ti

2016 5324 2262 5391 fuerint
2303 5324 2500 5390 creati
2553 5324 2615 5389 in
2667 5325 3110 5404 naturalibus;
3158 5325 3221 5390 in
3274 5327 3560 5393 secundo
3845 5313 3855 5325 ⁵

2017 5439 2244 5507 collata
2289 5440 2480 5506 fuerit
2517 5439 2768 5527 gratia3
2808 5439 2872 5504 in
2915 5441 3103 5506 tertio
3137 5462 3291 5508 vero
3324 5441 3389 5507 hi
3426 5464 3559 5508 me-

2017 5556 2291 5639 ruerint,
2350 5556 2436 5623 illi
2489 5555 2786 5625 demeriti
2820 5556 2986 5639 sint;
3053 5556 3116 5625 in
3175 5570 3406 5649 quarto
3461 5559 3560 5629 fu-
