4255 6375
758 378 873 440 394

437 538 728 652 ξέἓῑξίεζῖὲῗε
765 539 987 602 deleat
1043 540 1393 620 Baptisma‚
1444 546 1518 602 ut
1560 540 1736 601 varie
1781 539 2143 620 gloriantur
2184 538 2305 600 hae-

1941 377 2086 438 Lm.
2137 376 2237 438 tv,
2270 376 2866 441 SENTENTIARUM

2421 539 2705 601 deterius
2728 540 2908 614 fieret
2956 544 3229 603 mutatio
3270 544 3544 614 naturae,
3594 540 3808 603 solum
3845 561 3937 619 ye-

461 670 666 739 peccata
758 656 966 729 retici,
1024 657 1279 718 omissis
1337 656 1479 718 aliis
1549 656 1761 727 locis:
1813 659 1997 733 patet
2047 657 2153 717 vel
2225 671 2308 716 ex
2421 674 2541 717 nus
2587 658 2947 719 humanum
3001 661 3156 735 fecit
3204 661 3583 733 oleastrum,
3634 667 3706 721 ut
3759 679 3939 739 quem·

463 733 655 778 tutura.
939 775 951 785 ,
1268 771 1279 782 ,
1521 772 1532 782 ,
1957 768 1995 787 ,‚
2203 773 2214 784 ,

753 773 881 833 hoo
935 787 1077 848 ipso
1140 775 1378 847 capite,
1424 772 1534 833 ubi
1599 770 2028 848 reprehendit
2073 770 2297 832 Corin-

757 891 946 964 thios,
1022 889 1248 952 dicens
1284 908 1297 948 ε
1329 894 1478 952 lam
1537 890 1797 966 quidem
1840 893 2096 951 omuino
2141 889 2303 950 delt-

753 1012 923 1067 etum
967 1012 1054 1067 est
1113 1009 1178 1066 in
1243 1005 1444 1080 vobis,
1506 1007 1680 1082 quod
1722 1007 1982 1081 J‘udioia
2058 1004 2305 1065 habetis

749 1125 917 1184 inter
957 1140 1102 1193 vos;
1128 1128 1193 1183 et
1235 1119 1398 1182 infra
1450 1125 1705 1193 monet,
1753 1125 1827 1181 ut
1869 1118 2125 1199 fugiant
2168 1119 2304 1182 for-

747 1238 1167 1310 nicationem,
1227 1237 1331 1299 cui
1389 1237 1743 1316 plurimum
1813 1233 2057 1298 addicti
2118 1243 2304 1298 erant

747 1353 1080 1430 Corinthii,
1128 1359 1198 1414 ut
1258 1358 1598 1429 exponunt
1639 1351 1886 1426 PatreS,
1933 1357 1999 1412 et
2053 1352 2300 1431 colligi-

750 1475 854 1530 tur
917 1485 1000 1530 ex
1057 1468 1353 1545 epistolis
1425 1467 1624 1529 Pauli.
1687 1467 1869 1540 Item,
1931 1466 2014 1528 ad
2060 1470 2294 1529 Roma·

749 1601 874 1647 nos
900 1586 960 1646 8.
995 1585 1172 1646 Nihil
1214 1600 1368 1659 erqo
1397 1601 1567 1645 nuuc
1606 1585 2033 1657 damnationis
2063 1590 2150 1645 est
2191 1586 2294 1658 iis,

751 1703 1034 1775 quisunt
1079 1702 1144 1761 iu
1191 1700 1441 1762 Christo
1488 1702 1665 1772 Iesu,
1720 1709 1786 1760 et
1830 1697 2053 1761 subdit
2097 1717 2299 1762 exce-

749 1817 1066 1892 ptionem,
1132 1819 1249 1892 qui
1290 1833 1414 1877 non
1460 1818 1809 1877 secundum
1855 1833 2118 1877 carnem
2163 1834 2300 1877 am·

749 1933 995 2003 butant,
1032 1938 1155 1993 etc.
1201 1931 1385 1995 Unde
1431 1929 1541 2008 qui
1599 1930 1967 1992 secundum
2028 1947 2293 1993 carnem

747 2047 1086 2108 ambulant
1165 2046 1318 2106 licet
1372 2043 1553 2123 prius
1612 2043 1854 2107 fuerint
1921 2046 1985 2107 in
2044 2045 2295 2108 Christo

743 2169 901 2228 lesu
963 2182 1082 2242 per
1144 2164 1544 2242 Baptismum
1601 2168 2002 2244 regenerati,
2049 2167 2296 2228 habent

749 2282 1265 2344 damnationem.
1330 2283 1514 2354 ltem,
1576 2282 1659 2343 ad
1711 2283 2013 2345 Hebraeos
2052 2284 2114 2345 6.
2174 2288 2298 2344 Im-

743 2399 1047 2475 possibile
1075 2406 1164 2462 est
1195 2415 1303 2460 eos
1331 2402 1450 2476 qui
1487 2399 1684 2459 semel
1726 2400 2090 2462 illuminati
2126 2409 2292 2475 suut,

749 2520 880 2576 etc.
927 2514 1042 2577 ubi
1113 2515 1287 2576 clare
1344 2515 1671 2593 colligitur
1739 2514 2099 2577 inefficacia
2173 2519 2291 2578 Ba·

747 2637 965 2713 ptismi
998 2635 1081 2697 ad
1130 2635 1419 2698 tollenda
1463 2643 1732 2713 peccata
1767 2640 2114 2700 commissa
2147 2644 2297 2715 post

748 2752 1192 2827 Baptisnium3
1230 2750 1409 2829 quod
1461 2758 1642 2815 recte
1692 2751 1982 2814 definivit
2026 2754 2297 2815 Triden-

751 2871 956 2928 tinum
1012 2886 1158 2930 sess.
1204 2870 1266 2932 7.
1329 2871 1409 2930 de
1467 2870 1815 2944 Baptismo‚
1863 2883 2006 2931 can.
2086 2869 2179 2932 10.
2240 2874 2297 2930 et

744 2998 890 3046 sess
945 2985 1040 3047 14.
1073 3002 1214 3046 can.
1257 2987 1311 3046 l.
1346 2989 1402 3044 et
1444 2987 1506 3047 2.

522 3120 578 3170 6,
826 3102 1271 3164 Fundamenta
1333 3103 1820 3177 haereticorum,
1879 3105 1985 3166 vel
2049 3123 2297 3184 suppo-

397 3180 720 3294 Fundamen-
745 3225 913 3282 nunt
938 3221 1148 3282 solam
1177 3218 1377 3281 fidem
1422 3237 1570 3282 esse
1608 3221 1946 3299 justitiam,
1983 3223 2066 3285 ad
2100 3242 2293 3303 quam

425 3306 686 3418 ὴῗῗξξω
750 3339 1155 3399 concurrunt
1196 3338 1642 3410 Sacramenta,
1689 3343 1762 3399 ut
1790 3339 1977 3420 signa
2010 3345 2294 3404 excitan-

749 3456 855 3527 tia,
905 3454 1008 3516 vel
1065 3455 1667 3531 concupiscentiam
1714 3449 1862 3518 esse
1923 3466 2291 3535 peccatum,

748 3587 891 3649 quae
931 3573 1158 3631 manet
1201 3572 1263 3630 tn
1309 3573 1576 3644 renatis,
1611 3588 1890 3651 quorum
1937 3579 2294 3654 utrumque

745 3684 981 3748 falsum
1027 3690 1150 3760 est,
1201 3687 1255 3748 si
1298 3688 1703 3766 intelligatur
1744 3697 2092 3766 peccatum
2146 3710 2293 3770 pro-

745 3803 926 3880 prie;
990 3805 1043 3864 si
1086 3803 1329 3876 {autem
1400 3804 1552 3876 late,
1590 3787 1918 3884 quatenus
1976 3810 2287 3886 concupi-

430 3964 690 4030 Concupi—
744 3919 995 3980 scentia
1052 3936 1133 3980 ex
1192 3925 1466 3996 peccato
1513 3927 1637 3994 est,
1698 3927 1766 3984 et
1823 3925 1886 3983 in
1943 3930 2290 4001 peccatum

458 4030 645 4077 »centia
741 4036 1034 4108 inclinat,
1089 4041 1163 4099 ut
1212 4038 1481 4115 exponit
1533 4039 1987 4103 Tridentinum
2028 4061 2175 4105 sess.
2227 4045 2283 4106 5.

421 4093 671 4204 qfflgffro
744 4166 972 4212 verum
1009 4158 1135 4224 est,
1168 4151 1292 4213 sed
1321 4155 1636 4216 monendi
1684 4162 1907 4217 essent
1952 4157 2044 4219 sic
2094 4159 2286 4220 intel-

419 4225 702 4279 peccatum.
741 4264 1037 4344 ligend0,
1069 4271 1142 4327 ut
1181 4268 1672 4329 contentionem
1721 4269 2090 4348 deponant3
2141 4290 2288 4334 sen-

739 4396 879 4442 sum
930 4386 1150 4444 tamen
1201 4397 1552 4444 erroneum
1598 4387 2035 4461 praetendunt,
2086 4405 2287 4466 quem

739 4512 870 4558 non
927 4496 1175 4559 faciunt
1217 4514 1320 4570 ea,
1393 4516 1539 4577 quae
1593 4500 1677 4561 de
1753 4506 2285 4580 concupiscentia

738 4610 999 4674 disserit
1048 4613 1313 4685 PauluS,
1374 4615 1482 4676 vel
1518 4613 1601 4676 de
1643 4616 1798 4696 lege
1843 4620 2282 4683 membrorum

735 4729 826 4788 ad
862 4731 1182 4790 Romanos
1211 4745 1354 4805 cap.
1387 4731 1449 4792 6.
1498 4737 1552 4792 et
1600 4731 1659 4791 7.
1707 4737 1779 4793 ut
1827 4735 1983 4796 alias
2027 4736 2093 4796 in
2142 4754 2286 4798 ma-

740 4845 895 4910 teria
950 4842 1033 4906 de
1083 4848 1371 4922 peccatis
1413 4845 1624 4909 fusius
1681 4848 2040 4912 disseritur.

518 4999 570 5049 7.
818 4962 1107 5041 Objicies
1163 4966 1606 5043 Augustinum
1662 4966 1775 5027 lib.
1816 4967 1869 5030 l.
1917 4969 1992 5028 de
2048 4972 2286 5045 nuptiis

419 5059 669 5122 0bj⁶⁰¹¹ffi
734 5082 792 5137 et
845 5081 1384 5153 coucupiscentia,
1446 5097 1590 5156 eap.
1665 5082 1764 5142 32.
1824 5081 1939 5142 ubi
2009 5099 2283 5145 servans

732 5193 997 5254 oleastri
1029 5197 1096 5255 et
1124 5195 1284 5257 oleae
1312 5196 1572 5258 insertae
1592 5196 2086 5259 similitudinem
2113 5217 2127 5272 ;
2168 5216 2287 5276 per

728 5311 1010 5387 primum
1053 5312 1428 5392 intelligens
1475 5320 1845 5391 peccatum,
1887 5332 2006 5392 per
2048 5334 2284 5379 secun-

729 5426 889 5489 dum
925 5427 1246 5507 justitiam
1277 5437 1342 5493 et
1369 5433 1648 5510 gratiam
1684 5449 1698 5491 ε
1738 5433 1900 5503 Quia
1928 5440 2064 5494 tam
2105 5452 2285 5513 maq-

727 5556 887 5605 uum
920 5552 1259 5619 peecatum
1299 5548 1453 5623 suit,
1499 5549 1734 5629 inquit,
1768 5550 1884 5610 ubi
1937 5565 2180 5626 mayna
2223 5554 2291 5615 iu

2420 774 2775 833 admodum
2831 791 2997 835 nuuc
3040 774 3100 834 in
3156 776 3315 850 ipsis
3362 778 3663 837 videmus
3717 776 3942 836 arbori-

2418 891 2558 962 bus,
2600 892 2659 951 si
2704 893 2864 968 quid
2898 895 3046 954 inde
3086 895 3155 954 in
3196 895 3413 953 oleam
3468 897 3703 970 qratia
3754 898 3941 957 divina

2417 1010 2758 1081 convertit,·
2826 1010 2922 1068 ibi
2990 1012 3211 1070 vitium
3273 1012 3513 1085 primae
3598 1014 3938 1080 nativitatis,

2415 1124 2590 1196 quod
2631 1129 2771 1184 erat
2832 1125 3151 1200 orz'yz‘nale
3205 1132 3545 1200 peccatum
3593 1128 3677 1186 de
3719 1128 3945 1187 carnali

2414 1238 2917 1312 concupiscentia
2958 1240 3332 1300 traductum
3400 1245 3456 1300 et
3507 1246 3815 1313 tractum,
3864 1260 3943 1304 re·

2414 1348 2733 1419 mittatur,
2788 1352 3047 1423 teqatur
3102 1355 3159 1409 et
3207 1367 3334 1411 non
3384 1353 3786 1426 imputetur;
3827 1355 3943 1413 inde

2412 1470 2628 1526 tamen
2689 1461 2968 1527 oleaster
3030 1475 3356 1542 nascatur,
3404 1471 3540 1531 nisi
3601 1476 3665 1530 et
3723 1473 3850 1548 ipse
3893 1476 3943 1531 in

2413 1582 2625 1642 oleam
2682 1584 2908 1644 eadem
2964 1588 3190 1661 qratia
3245 1595 3663 1661 renascatur,
3730 1596 3845 1650 etc.
3894 1598 3945 1651 et

2412 1712 2555 1772 cap.
2590 1698 2688 1759 33.
2741 1701 2937 1758 Beata
2965 1702 3183 1775 itaque
3225 1704 3390 1773 olea,
3438 1703 3639 1778 eujus
3697 1705 3946 1764 remissa

2409 1822 2554 1876 sunt
2610 1818 3000 1891 im‘quitateS,
3052 1823 3108 1878 et
3166 1822 3353 1897 eujus
3410 1827 3579 1881 tecta
3637 1831 3785 1882 suut
3818 1839 3937 1897 pec·

2412 1935 2592 2001 cala,·
2646 1931 2859 2002 beata,
2918 1933 3027 1993 cui
3072 1948 3194 1992 non
3240 1936 3587 2009 imputavit
3669 1939 3945 1996 Dominus

2403 2052 2763 2120 peccatum,
2837 2049 2947 2108 sed
3012 2046 3183 2110 illud
3223 2054 3572 2111 remissum
3618 2057 3681 2112 et
3744 2059 3943 2112 tectum

2412 2169 2518 2232 est.
2573 2167 2629 2222 et
2685 2179 2811 2223 non
2854 2169 3215 2239 imputatur
3254 2169 3454 2228 donec
3487 2168 3612 2242 liat
3673 2171 3744 2228 iu
3796 2174 3946 2228 aeter·

2409 2293 2559 2338 uam
2607 2278 3158 2341 immortalitatem
3180 2283 3382 2358 plena
3432 2289 3740 2360 mutante,
3787 2286 3945 2345 habet

2408 2400 2557 2489 vim·
2590 2403 2947 2473 quamdam
2989 2403 3335 2473 occultam,
3390 2408 3563 2467 unde
3621 2411 3946 2470 seminetur

2409 2527 2679 2574 amarus
2709 2514 3005 2587 oleaster,
3038 2518 3169 2577 nisi
3191 2517 3327 2578 illic
3355 2519 3586 2580 eadem
3632 2524 3756 2582 Det
3797 2528 3946 2598 ayn·

2410 2629 2671 2691 cultura
2732 2635 3127 2705 remittatur,
3183 2640 3465 2709 teyatur,
3513 2653 3645 2697 uon
3692 2637 3941 2713 impute-

2408 2752 2545 2818 tur,
2589 2751 2716 2807 etc.

2490 2859 2740 2934 Quibus
2770 2861 2988 2922 verbis
3040 2862 3233 2924 docet
3281 2871 3638 2943 peccatum
3701 2868 3945 2947 quidem

2410 2976 2730 3055 originale
2776 2978 2867 3038 ita
2907 2979 3178 3054 remitti,
3212 2987 3283 3042 ut
3316 2986 3605 3061 tegatur,
3664 3000 3798 3048 non
3836 2988 3940 3047 lm·

2409 3100 2717 3174 putetur;
2773 3114 2924 3176 ergo
2957 3098 3221 3177 ssmanet.
3267 3100 3525 3163 Deinde
3574 3103 3797 3177 docet,
3837 3120 3943 3181 qua

2408 3216 2663 3277 ratione
2737 3215 2801 3277 id
2863 3215 2994 3289 fiat,
3072 3216 3298 3279 dicens
3377 3228 3941 3299 regenerationem

2410 3350 2554 3412 qum
2622 3349 2795 3394 nunc
2860 3333 2929 3396 fit
3002 3351 3121 3412 per
3186 3337 3543 3412 lavacrum,
3616 3357 3833 3420 usque
3887 3345 3939 3403 in

2407 3449 2606 3511 finem
2678 3459 2909 3514 cuncta
2957 3454 3128 3514 mala
3188 3455 3473 3516 hominis
3546 3474 3836 3536 purgare
3887 3464 3939 3518 et

2406 3583 2638 3628 sanare
2667 3591 2680 3635 ς
2710 3572 2775 3626 et
2804 3566 2967 3628 infra
3006 3585 3019 3626 :
3051 3571 3161 3630 Sic
3199 3571 3467 3646 inquam
3513 3575 3935 3650 accipiendum

2405 3689 2490 3743 est
2521 3684 2781 3761 (supple
2815 3684 2994 3763 quod
3041 3685 3191 3749 dicit
3230 3690 3587 3764 Apostolus
3632 3690 3720 3752 ad
3754 3692 3931 3767 Ephe-

2404 3801 2527 3859 sios
2566 3799 2627 3860 6.
2692 3796 2775 3860 de
2836 3800 3264 3864 mundatione
3325 3806 3635 3868 Ecclesiae
3699 3824 3815 3885 per
3860 3808 3935 3866 la·

2401 3925 2667 3975 vacrum
2713 3914 2920 3995 aquae)
2966 3923 3030 3979 ut
3085 3919 3301 3979 eodem
3362 3920 3631 3982 lavacro
3692 3940 3931 3999 reyme-

2402 4034 2698 4103 rate'om's,
2758 4041 2815 4092 et
2856 4034 3049 4094 verbo
3122 4035 3675 4111 sanctificationis,
3734 4040 3929 4099 omnia

2394 4164 2668 4223 prorsus
2747 4148 2929 4208 mala
3005 4134 3339 4209 hominum
3412 4161 4069 4227 reqeneratorum1321ts

2399 4265 2809 4335 mundentur,
2887 4271 3077 4341 atque
3147 4272 3456 4327 sanentur
3532 4288 3657 4329 riou
3734 4271 3926 4331 solum
3966 4229 4091 4338 fga,

2393 4387 2680 4459 peecata⁴
2712 4398 2852 4457 quae
2910 4386 3130 4443 omnia
3173 4401 3340 4444 nune
3392 4389 3812 4462 remittuntur
3865 4390 3920 4445 tn
3988 4363 4080 4463 ²¹,ss

2398 4499 2750 4572 Bapte'sm0‚
2817 4499 2928 4558 sed
2980 4500 3172 4558 etlam
3247 4516 3386 4575 quae
3442 4503 3775 4576 posterius
3826 4438 4062 4560 ltu-{fe‘iffl

2397 4629 2595 4672 mana
2655 4614 3045 4689 iynorantt’a,
3105 4614 3205 4675 vel
3248 4614 3626 4688 infirmitate
3683 4623 3917 4680 contra·

2397 4731 2659 4802 huntur,
2692 4746 2819 4789 uon
2867 4736 2934 4790 ut
2970 4732 3297 4806 Baptisma
3336 4735 3583 4808 quoties
3638 4741 3922 4808 peccatur

2395 4847 2576 4905 toties
2619 4850 2969 4920 repetatur,
3001 4849 3114 4907 sed
3139 4849 3293 4923 quia
3338 4849 3477 4921 ipso
3527 4853 3706 4925 quod
3751 4847 3919 4912 semet

2399 4965 2616 5034 datur,
2658 4962 2728 5038 fit
2761 4968 2825 5022 ut
2856 4979 2981 5022 non
3009 4963 3219 5024 solum
3248 4968 3464 5036 antea,
3494 4983 3726 5026 verum
3753 4968 3918 5026 etiam

2393 5086 2609 5155 postea
2664 5082 3097 5155 quorumlibet
3160 5087 3579 5158 peccatorum
3635 5087 3814 5144 venia
3856 5081 3917 5155 fi·

2397 5196 2647 5258 delibus
2694 5198 3092 5271 impetretur.
3145 5201 3310 5269 Quid
3363 5201 3532 5258 enim
3595 5203 3914 5275 prodesset.

2400 5314 2493 5376 vel
2534 5319 2677 5374 ante
2719 5316 3122 5388 Baptismum
3159 5317 3558 5392 poenitentia,
3635 5319 3759 5379 m'si
3808 5318 3911 5374 Ba·

2396 5432 2667 5508 ptz'smus
2692 5437 3085 5507 sequeretur,
3132 5433 3231 5492 vel
3254 5438 3499 5508 postea,
3556 5436 3686 5496 m'si
3718 5445 3910 5509 praece·

2400 5560 2629 5620 deret?
2686 5563 2814 5620 etc.
2860 5560 3031 5640 Ergo
3091 5557 3457 5639 Baptismus
3529 5561 3729 5623 etiam
3793 5554 3912 5618 facit
