4255 6375
1457 377 1898 447 msTlNc'rto
1957 383 2058 445 tv,

243 541 707 635 baptizatur,
768 541 1039 617 omnia
1088 543 1643 617 condonentur
1681 546 1763 616 et

243 659 405 750 post
499 658 1013 752 Baptismum
1107 679 1295 733 mox
1381 659 1757 741 redeant;

240 772 357 846 sed
411 791 573 845 non
621 772 771 847 hoc
825 773 1260 846 asserendo
1309 772 1527 854 dicit,
1597 771 1760 844 imo

237 891 422 963 hanc
518 890 984 984 opinionem
1070 894 1151 964 et
1247 890 1762 984 praemissam

239 1007 703 1081 sententiam
764 1006 1275 1082 conferendo.
1349 1006 1488 1082 Ait
1545 1006 1761 1080 enim

237 1127 396 1200 sic:
444 1154 473 1189 α
529 1124 675 1198 His
736 1125 872 1217 qui
931 1125 1123 1199 ficto
1192 1125 1433 1198 corde
1506 1122 1763 1217 bapti·

232 1246 531 1324 zantur,
620 1245 760 1315 aut
858 1244 1194 1334 peccata
1296 1241 1761 1316 nullatenus

231 1360 762 1441 dimittuntur,
858 1358 1044 1451 quia
1136 1362 1434 1448 Spiritus
1500 1371 1765 1427 sanctus

230 1480 591 1566 disciplina?
637 1478 911 1564 effuqiet
955 1479 1205 1561 fictum,
1271 1479 1414 1549 aut
1459 1475 1541 1547 in
1583 1475 1760 1569 ipso

233 1590 611 1685 temporis
664 1593 963 1683 puncto
1037 1611 1179 1683 per
1242 1590 1408 1663 vim
1479 1593 1765 1665 Sacra-

235 1710 471 1783 menti
552 1708 912 1789 dimissa,
985 1708 1283 1782 iterum
1345 1729 1489 1802 per
1558 1710 1765 1785 ficti-

235 1845 456 1898 onem
515 1825 1067 1919 replicantur;
1112 1830 1202 1900 ut
1259 1825 1507 1900 etiam
1572 1827 1762 1899 illud

162 2004 187 2052 5
230 1961 504 2015 verum
585 1942 690 2014 sit
738 1966 753 2011 ε
804 1947 1128 2032 Quotquot
1186 1947 1262 2012 in
1323 1946 1590 2013 Christo
1647 1947 1764 2012 ba-

162 2044 463 2179 glpzizaei
516 2063 693 2139 estis,
759 2063 910 2132 etc.
964 2061 1042 2131 et
1117 2058 1309 2130 illud
1374 2085 1389 2129 :
1465 2063 1763 2149 Spiritus

178 2168 481 2244 'sanctus
545 2177 927 2264 disciplina»
989 2179 1263 2264 effuqiet
1327 2180 1596 2265 lictum,·
1672 2179 1761 2249 ut

227 2291 491 2364 induat
582 2310 768 2363 eum
859 2289 1279 2365 Christum
1367 2291 1759 2365 sanctitas

221 2407 641 2500 Baptismi,
722 2412 970 2480 exuat
1064 2427 1248 2478 eum
1339 2407 1760 2481 Christum

222 2524 613 2617 pernicies
646 2523 1029 2597 fictionis.
1084 2525 1291 2596 Nam
1340 2523 1603 2597 redire
1654 2524 1757 2597 di-

222 2641 462 2714 missa
534 2645 892 2735 peccata,
959 2640 1090 2712 ubi
1133 2641 1506 2713 fraterna
1578 2640 1760 2713 cha-

227 2759 423 2831 ritas
511 2778 670 2830 non
747 2761 897 2839 est,
980 2761 1263 2850 aperte
1362 2757 1759 2831 Dominus

217 2876 437 2948 docet
493 2875 573 2946 in
607 2875 747 2947 illo
792 2894 1060 2957 servo,
1099 2893 1146 2945 a
1189 2895 1342 2966 quo
1385 2874 1756 2946 dominus

217 2990 632 3064 dimissum
676 2989 1031 3064 debitum
1077 2990 1333 3082 petiit,
1382 2990 1570 3083 quia
1623 2990 1757 3063 ille

217 3126 603 3180 conservo
650 3105 1063 3179 dimittere
1111 3106 1400 3180 noluit.
1436 3107 1564 3181 Sic
1596 3128 1759 3179 non

221 3224 657 3318 impeditur
723 3222 1122 3316 Baptismi
1191 3223 1489 3315 gratia,
1571 3246 1759 3318 quo-

219 3341 478 3413 minus
519 3339 788 3411 omnia
833 3343 1166 3431 peccata
1206 3339 1752 3424 dimittantur,

213 3457 453 3530 etiam
519 3456 586 3528 si
641 3457 1098 3529 fraternum
1150 3457 1414 3529 odium
1458 3457 1539 3528 in
1581 3458 1757 3551 ejus

215 3575 334 3647 cui
374 3573 906 3647 dimittuntur
939 3572 1212 3644 animo
1250 3579 1754 3665 perseverat.

214 3692 577 3765 Solvitur
642 3689 856 3763 enim
925 3690 1357 3763 hesternus
1420 3690 1613 3775 dieS‚
1677 3694 1756 3764 et

213 3808 583 3901 quidquid
647 3810 1064 3899 superest;
1112 3806 1466 3881 solvitur
1504 3809 1755 3881 etiam

211 3924 381 4017 ipsa
423 3925 632 3996 hora
683 3925 1342 4016 momentumque
1375 3928 1562 3999 ante
1604 3926 1754 3998 Ba-

217 4042 599 4135 ptismum
632 4046 712 4115 et
755 4041 833 4113 in
873 4041 1320 4133 BaptismO.
1356 4044 1753 4136 Deinceps

213 4164 483 4233 autem
524 4157 909 4232 continuo
965 4178 1151 4231 reus
1203 4179 1380 4232 esse
1439 4158 1749 4252 incipit,

212 4295 364 4347 non
413 4275 682 4348 solum
741 4275 1436 4367 consequentium,
1501 4277 1632 4348 sed
1674 4281 1754 4350 et

216 4392 829 4484 praeteritorum
913 4391 1252 4474 dierum,
1325 4391 1748 4475 horarum,

217 4510 840 4591 momentorum,
909 4507 1424 4581 redeuntibus
1498 4507 1753 4580 omni-

212 4625 376 4708 bus,
425 4646 602 4718 quae
649 4625 987 4698 dimissa
1035 4629 1222 4699 sunt
1276 4655 1333 4694 ι».
1387 4627 1556 4698 Hoc
1618 4645 1749 4697 au-

214 4743 395 4825 tem,
462 4746 551 4816 ut
601 4741 1149 4836 praediximus,
1214 4762 1375 4814 non
1428 4742 1573 4814 sub
1630 4761 1755 4814 as-

217 4859 570 4932 sertione
617 4858 864 4940 dixit;
903 4859 1107 4950 quod
1144 4858 1602 4932 ostenditur
1652 4877 1752 4930 ex

216 4993 301 5045 eo
352 4973 560 5067 quod
619 4973 734 5047 ait
784 4979 856 5043 in
916 4976 1141 5042 eodem
1184 4977 1353 5044 libro
1413 4973 1553 5047 Sic.
1596 5005 1623 5036 α
1671 4972 1753 5048 Si

219 5091 301 5161 ad
367 5091 883 5183 Baptismum
949 5090 1188 5164 fictus
1248 5091 1580 5173 accedit,
1642 5089 1754 5164 di-

162 5201 194 5298 {j
226 5206 466 5278 missa
545 5211 731 5280 sunt
789 5206 861 5280 ei
931 5210 1288 5299 peccata,
1368 5211 1512 5281 aut
1594 5227 1753 5279 non

163 5324 400 5422 {sunt
466 5323 844 5407 dimissa;
917 5324 1222 5415 eligant
1278 5325 1484 5416 quod
1535 5325 1756 5396 volu-

163 5497 203 5546 le
223 5440 427 5514 erint
473 5469 533 5510 n.
579 5443 782 5513 Ecce
832 5447 1115 5533 aperte
1174 5441 1469 5521 cernis,
1517 5441 1583 5513 si
1633 5444 1756 5513 ta-

225 5574 393 5627 men
432 5557 808 5640 attendiS‚
881 5557 956 5629 id
1020 5556 1320 5631 dixisse
1378 5557 1758 5650 Augusti·

3305 379 3419 443 377

1872 562 2066 614 num
2099 562 2264 615 non
2313 543 2776 627 asserend0,
2823 541 2955 615 sed
2990 541 3419 634 quaerendo
3477 565 3747 618 amum

1874 662 1956 731 et
2005 658 2363 749 aliorum
2444 660 2907 753 opinionem
2979 656 3422 731 referendo,
3452 631 3766 745 nssssffissffi

1879 774 2092 845 Idem
2153 774 2366 847 enim
2418 774 2534 848 ait
2589 800 2602 843 :
2653 804 2682 838 «
2727 777 2945 848 Tunc
2984 774 3262 847 valere
3312 771 3425 844 in-

1876 891 2077 983 cipit
2118 892 2213 964 ad
2271 890 2618 965 salutem
2680 891 3176 984 Baptismus,
3239 908 3424 962 cum

1876 1008 2021 1082 illa
2094 1010 2315 1088 fictio
2386 1008 2664 1082 veraci
2730 1004 3244 1081 confessione
3310 1024 3430 1077 re-

1875 1126 2245 1207 cesserit,
2336 1145 2538 1218 quae,
2636 1125 2875 1198 corde
2954 1125 3035 1197 in
3114 1121 3432 1196 malitia

1876 1243 2481 1335 perseverante,
2546 1241 3072 1332 peccatorum
3135 1235 3425 1309 abluti-

1879 1378 2111 1431 onem
2146 1377 2306 1429 non
2350 1357 2661 1429 sinebat
2711 1354 2890 1428 fieri
2928 1384 2985 1424 ».
3030 1355 3214 1427 Non
3243 1352 3431 1427 ficte

1874 1475 2282 1551 accedenti
2319 1480 2653 1568 peccata
2682 1473 3235 1547 dimittuntur.

1882 1660 2221 1737 Quomodo
2286 1658 2714 1746 intelliqatur
2776 1655 2953 1722 illud
3012 1682 3033 1722 .·
3098 1656 3426 1742 Quotquot

1962 1779 2039 1843 in
2109 1778 2376 1843 Christo
2443 1776 2770 1863 baptizati
2831 1775 3009 1853 estis,
3084 1774 3427 1839 Christum

1963 1895 2308 1961 induistis.

1966 2064 2383 2148 Quaeritur
2448 2081 2672 2153 erg0,
2764 2058 3162 2153 quomodo
3231 2056 3426 2130 illud

1875 2182 2333 2275 accipiatur
2379 2205 2392 2248 :
2462 2184 2786 2267 Quotquot
2833 2181 2907 2246 in
2980 2180 3245 2246 Christo
3305 2177 3421 2243 ba-
3469 2149 3759 2285 Difficgfiltas

1866 2305 2114 2392 ptizati
2144 2304 2320 2381 estis,
2362 2301 2702 2366 Christum
2732 2297 3051 2364 induistis
3072 2296 3105 2362 ἴ)
3137 2294 3420 2367 Potest
3450 2275 3769 2390 Βξῗὲῗζῗῆ,

1869 2416 2048 2498 dici,
2092 2415 2300 2508 quod
2342 2413 2476 2508 qui
2521 2412 2600 2486 in
2643 2411 2998 2495 Christo,
3045 2411 3119 2484 id
3151 2412 3301 2493 est,
3338 2409 3417 2482 in
3449 2402 3767 2530 Εέξὲξῑίξῗ·

1871 2532 2179 2609 Christi
2213 2529 2819 2609 conformitate,
2868 2527 3415 2621 baptizantur,
3477 2531 3745 2646 decolgfrgt-

1871 2655 1957 2723 ut
2021 2648 2333 2722 scilicet
2385 2646 2851 2718 moriantur
2909 2649 3225 2713 vetustati
3273 2668 3421 2733 pec·
3470 2658 3745 2712 nonam.

1869 2772 2024 2849 cati,
2097 2765 2309 2838 sicut
2379 2763 2755 2837 Christus
2814 2760 3208 2835 vetustati
3277 2781 3425 2853 poe·
3530 2735 3557 2769 ⁰
3609 2720 3689 2772 Ἀ

1870 2905 2018 2966 nae,
2072 2883 2412 2956 induunt
2472 2879 2915 2962 Christum,
2984 2898 3219 2971 quem
3281 2898 3427 2971 per

1870 3000 2228 3092 gratiam
2282 2996 2870 3070 inhabitantem
2913 2991 3230 3066 habent.
3287 2994 3427 3064 Po-

1871 3097 2048 3193 test*
2090 3121 2173 3191 et
2233 3115 2481 3189 aliter
2521 3113 2728 3186 solvi
2773 3138 2789 3182 ε
2835 3111 3167 3185 Duobus
3209 3109 3424 3182 enim

1872 3232 2127 3307 modis
2171 3232 2503 3305 induere
2545 3229 2966 3305 Christum
3023 3226 3415 3301 dicimur:

1865 3351 1993 3423 vel
2053 3348 2614 3442 assumptione
2684 3344 3221 3424 Sacramenti,
3291 3342 3421 3415 vel

1868 3467 1987 3540 rei
2077 3465 2625 3558 perceptione.
2725 3462 2947 3535 Unde
3037 3459 3416 3552 Augusti-

1865 3605 2016 3656 nus
2061 3611 2075 3654 :
2127 3612 2157 3646 α
2198 3582 2543 3654 Induunt
2582 3579 2950 3652 homines
2994 3576 3412 3652 Christum

1866 3699 2296 3792 aliquando
2374 3718 2625 3789 nsque
2710 3695 2804 3767 ad
2903 3692 3412 3768 sacramenti

1869 3813 2505 3908 perceptionem,
2559 3810 2988 3904 aliquando
3026 3830 3275 3902 usque
3317 3809 3414 3881 ad

1866 3932 2057 4006 vitae
2092 3929 2870 4010 sanctificationem;
2920 3932 3164 4020 atque
3218 3925 3412 3999 illud

1869 4052 2230 4145 primum
2261 4048 2494 4120 bonis
2525 4052 2605 4121 et
2641 4044 2878 4119 malis
2932 4048 3204 4137 potest
3235 4065 3414 4116 esse

1867 4186 2319 4247 commune,
2398 4164 2546 4237 hoc
2636 4168 2909 4236 autem
2985 4159 3414 4255 proprium

1866 4284 2268 4356 bonorum
2317 4284 2441 4354 est
2482 4284 2563 4354 et
2606 4278 2931 4372 piorum
2997 4307 3055 4349 ι.
3122 4281 3415 4353 Omnes

1866 4419 2091 4491 ergo,
2132 4398 2269 4490 qui
2310 4397 2391 4469 in
2444 4394 2753 4471 Christi
2794 4394 3119 4467 nomine
3158 4393 3417 4486 bapti-

1864 4521 2182 4598 zantur,
2247 4512 2666 4589 Christum
2727 4512 3064 4585 induunt
3128 4509 3256 4583 vel
3301 4531 3416 4583 se-

1865 4633 2210 4708 cundum
2363 4628 2876 4704 sacramenti
3021 4628 3417 4722 percepti-

1869 4766 2125 4828 onem,
2189 4745 2316 4818 vel
2384 4744 2817 4818 secundum
2876 4742 3069 4818 vitae
3129 4744 3417 4818 sancti-

1866 4862 2356 4935 ficationem.

3444 3672 3669 3726 Dubium
3704 3675 3759 3728 4.

1864 5037 1962 5101 De
2019 5035 2162 5101 illis
2205 5037 2320 5121 qui
2360 5035 2734 5121 suscipiunt
2780 5056 2922 5102 rem
2975 5046 3038 5101 et
3096 5056 3227 5102 non
3286 5036 3411 5100 Sa-

1952 5161 2363 5218 cramentum
2430 5173 2545 5218 seu
2612 5152 2787 5240 quod
2857 5152 3084 5240 passio
3146 5152 3411 5238 supplet

1953 5272 2163 5336 vicem
2202 5269 2516 5357 baptismi
2552 5279 2613 5335 ct
2660 5269 2827 5352 fides
2884 5279 2944 5334 et
2982 5270 3320 5336 contritio·

1956 5443 2158 5514 Sunt
2195 5443 2275 5513 et
2306 5438 2475 5520 alii,
2530 5441 2616 5511 ut
2661 5458 2911 5530 supra
2959 5439 3407 5531 posuimus,
3569 5490 3635 5539 D·

1870 5556 2003 5650 qui
2073 5554 2526 5649 suscipiunt
2592 5578 2733 5625 rem
2797 5559 2879 5631 et
2943 5574 3107 5628 non
3170 5559 3413 5627 Sacra·
