4255 6375
829 382 949 443 480

819 545 901 614 et
977 560 1124 632 per
1199 561 1700 634 consequens
1774 542 2001 615 novit
2081 562 2360 614 omnes

821 657 1154 742 eleotOS,
1208 664 1288 731 et
1347 659 1442 732 ad
1494 681 1727 751 quem
1786 659 2126 751 gradum
2191 658 2361 749 glo-

823 774 966 847 riae
1007 774 1338 848 fuerunt
1369 776 1631 849 electi.
1668 776 1940 849 Potuit
1974 795 2176 866 ergo
2213 794 2360 867 pro

819 890 1393 983 praedestinato
1515 892 1610 964 ad
1701 891 2102 985 majorem
2191 891 2365 983 glo-

820 1006 1054 1091 riam,
1131 1007 1445 1100 plenius
1526 1007 1821 1080 offerre
1901 1007 2362 1100 passionem

819 1144 1075 1205 suam,
1122 1131 1201 1198 et
1237 1125 1646 1218 praecipue
1678 1146 1860 1198 cum
1902 1147 1984 1198 se
2029 1124 2365 1197 offerret

823 1261 970 1335 pro
1031 1259 1327 1332 genere
1374 1230 1729 1315 humano
1776 1242 1870 1314 ad
1915 1240 2088 1325 hoc,
2147 1246 2236 1316 ut
2275 1242 2365 1314 de

821 1357 939 1431 eis
1010 1356 1495 1450 impleretur
1534 1358 1802 1432 divina
1845 1358 2366 1451 praedestina-

821 1475 967 1549 tio.

555 1611 732 1687 Papsjo
920 1597 1277 1670 Secundo
1359 1597 1616 1678 modo,
1697 1595 1970 1689 passio
2057 1592 2367 1668 Christi

499 1678 774 1800 εῗῖἷξέἓῗὲῗ,
832 1711 1260 1786 efficacius·
1330 1717 1827 1806 cooperatur
1899 1731 2046 1804 pro
2107 1710 2364 1794 nobis,

526 1817 767 1931 ρὲζξᾷ,
835 1829 968 1921 qui
1055 1851 1333 1903 sumus
1425 1827 1502 1900 in
1598 1829 1771 1921 lege
1851 1827 2364 1919 Evangelica,

833 1966 1070 2040 quam
1144 1968 1291 2040 pro
1339 1946 1721 2020 Patribus
1765 1946 1844 2018 in
1911 1945 2089 2036 lege
2149 1945 2367 2036 Moy·

833 2063 926 2142 si,
981 2062 1170 2155 quia
1222 2062 1692 2155 obsequium
1749 2061 2211 2155 praestitum
2273 2061 2367 2134 ad

831 2179 1093 2271 majus
1144 2179 1439 2252 bonum
1511 2178 2144 2261 retribuendum,
2209 2198 2369 2251 ma·

830 2295 954 2387 gis
1021 2296 1500 2388 acceptatur
1582 2313 1823 2386 quam
1891 2293 2365 2367 beneficium

833 2411 1295 2504 praevisum.
1363 2413 1460 2484 Et
1535 2410 1676 2483 illo
1727 2410 2072 2482 secundo
2134 2410 2368 2482 modo

828 2535 953 2607 est
1014 2529 1522 2623 inaequalitas
1591 2529 1669 2601 in
1741 2528 2369 2621 suscipientibus

832 2648 1188 2741 gratiam
1283 2668 1425 2741 per
1504 2645 2229 2721 Cir‹·.umcisionem
2288 2649 2368 2718 et

830 2765 1362 2858 Baptismum,
1463 2766 1803 2855 propter
1887 2761 2367 2855 inaequalem

829 2880 1460 2976 applicationem
1547 2899 1815 2952 causae
1915 2879 2368 2951 meritoriae

828 3000 921 3072 ad
989 2999 1222 3080 istos,
1273 3000 1354 3070 et
1412 2995 1625 3067 forte
1675 2995 1923 3069 etiam
1978 2995 2055 3068 in
2114 2995 2368 3088 bapti·

825 3114 1031 3189 zatis
1067 3119 1256 3189 ante
1309 3113 1800 3208 passionem,
1847 3117 1927 3187 ct
1966 3116 2147 3206 post
2194 3131 2368 3206 pas·

829 3234 1166 3305 sionem.
1244 3230 1325 3305 Si
1387 3234 1660 3304 autem
1743 3229 2007 3322 primo
2106 3230 2365 3311 mod0,

831 3348 1143 3422 scilicet
1227 3351 1567 3441 propter
1634 3345 2069 3438 specialem
2161 3346 2370 3418 obla·

833 3467 1137 3542 tionem
1206 3462 1296 3538 'in
1380 3464 1803 3538 voluntate
1879 3463 2215 3547 Christi,
2261 3464 2369 3538 sit

832 3582 1344 3676 inaequalitas
1428 3581 1720 3673 gratiae
1806 3580 1884 3654 in
1969 3581 2373 3673 aliquibus

827 3721 1037 3772 nunc
1121 3698 1585 3793 baptizatis,
1678 3697 2004 3770 dubium
2082 3700 2206 3770 est
2277 3699 2369 3771 de

831 3816 1080 3896 facto,
1121 3815 1251 3888 sed
1298 3813 1802 3908 possibilitas
1853 3816 1975 3885 est
2014 3817 2368 3886 ostensa.

616 3967 671 4019 5,
920 3935 1034 4008 De
1088 3932 1334 4006 tertio
1384 3932 1560 4006 dico
1605 3931 1727 4021 (d),
1793 3932 1997 4024 quod
2059 3931 2183 4004 vol
2246 3931 2373 4004 ba-

483 4030 1117 4153 ,„}‡3¹‚²„dptizati
1189 4052 1375 4122 sunt
1471 4046 1998 4141 parv11u,vel
2089 4047 2368 4122 adulti.

529 4155 766 4268 ξξδξῗξζι
833 4166 1400 4261 Comparando
1455 4164 1886 4257 parvulum
1946 4166 2038 4237 ad
2085 4186 2372 4259 parvu-

547 4280 736 4395 123232}
831 4284 1025 4368 lum,
1070 4305 1254 4359 cum
1297 4283 1612 4356 nullum
1675 4281 2019 4355 habeant
2061 4287 2371 4357 motum

831 4403 1287 4498 proprium,
1340 4401 1649 4474 nullam
1685 4400 1982 4475 habent
2028 4401 2372 4494 inaequa-

519 4405 680 4462 citati,
710 4408 763 4455 ot

484 4469 799 4643 ιὲἓῗζξέἰξίε
830 4523 1151 4598 litatem
1212 4521 1306 4593 ad
1348 4518 1736 4612 gratiam,
1781 4540 1880 4592 ex
1942 4524 2177 4612 parte
2248 4519 2373 4593 sui

513 4656 778 4716 Quomodo
836 4636 1398 4731 recipiendam.
1465 4636 1746 4709 Potest
1787 4639 2060 4708 tamen
2109 4633 2192 4706 in
2247 4656 2375 4728 pa-

481 4722 801 4847 bafflffiss‘a
834 4756 1200 4830 rentibus
1243 4755 1483 4827 unius
1567 4775 1745 4827 esse
1791 4752 2060 4846 major
2103 4758 2373 4828 motus

482 4842 798 4959 Ὓέἕῖἔῖω
827 4894 1068 4967 quam
1156 4871 1499 4945 alterius
1562 4890 1710 4963 pro
1781 4891 1926 4942 suo
1998 4869 2366 4963 parvu10,

829 4989 955 5061 vel
1002 4990 1081 5061 in
1132 4987 1536 5081 aliquibus
1586 4984 1772 5059 aliis
1836 4984 2373 5059 ministranti-

827 5106 973 5179 bus
1069 5105 1196 5177 vel
1266 5101 1840 5176 assistentibus
1921 5103 2367 5195 Baptismo,

826 5226 1173 5317 propter
1233 5240 1579 5316 quorum
1618 5220 1914 5293 merita
1974 5221 2189 5293 Deus
2233 5219 2368 5292 uni

825 5339 1168 5431 parvulo
1215 5340 1481 5432 potest
1525 5336 1900 5409 conferre
1972 5337 2370 5430 majorem

826 5457 1187 5548 gratiam
1233 5476 1471 5550 quam
1515 5454 1799 5537 alteri,
1848 5456 1979 5527 scd
2015 5454 2167 5528 hoc
2209 5476 2370 5527 non

824 5577 1139 5651 virtute
1197 5573 1625 5668 Baptismi,
1691 5573 1823 5646 sed
1903 5571 2202 5647 meriti.
2270 5575 2372 5647 Et

2056 383 2202 444 ΜΒ.
2238 382 2337 445 1V.
2387 381 2984 448 SENTEN'HARUM

4062 106 4078 370 l

2476 540 2627 615 hoc
2708 543 2942 615 modo
3030 543 3247 618 forte
3335 546 3711 636 parentes
3782 542 3942 614 beati

2476 657 2791 731 Nicolai
2863 660 3375 735 orationibus
3469 660 3640 733 suis
3711 678 3946 732 merue-

2479 779 2668 848 runt
2728 777 2877 850 sibi
2931 777 3332 872 majorem
3395 776 3768 870 gratiam,
3818 798 3949 868 quae
4078 781 4079 856 l

2475 896 2656 965 erat
2729 894 2808 966 in
2850 915 2945 967 eo
2989 896 3241 970 etiam
3304 893 3653 989 parvulo
3718 894 3949 986 princi·

2480 1013 2701 1105 pium
2764 1017 2932 1087 tam
3014 1013 3421 1086 mirabilis
3502 1011 3835 1092 effectus,
3891 1017 3950 1084 ut

2475 1130 2781 1202 duobus
2820 1130 3094 1203 diebus
3137 1132 3214 1203 in
3249 1128 3741 1202 hebdomada
3776 1127 3955 1198 unica

2478 1249 2796 1322 tantum
2867 1246 3310 1321 lactatione
3372 1249 3791 1319 contentus
3840 1264 3953 1314 ma-

2479 1369 2733 1437 neret.
2784 1365 2879 1437 Et
2922 1364 3183 1456 quoad
3234 1363 3386 1437 hoc
3432 1362 3699 1453 magis
3738 1365 3955 1453 optan·

2479 1482 2663 1555 dum
2732 1484 2856 1554 est
2928 1502 3267 1574 puerum
3340 1480 3744 1573 baptizari
3798 1478 3953 1549 bono

2481 1597 2917 1671 Sacerdote
2975 1616 3217 1690 quam
3250 1617 3296 1668 a
3339 1596 3591 1678 malo,
3636 1594 3806 1687 quia
3831 1614 3957 1666 ora·

2482 1713 2744 1788 tiones
2797 1713 3257 1787 Sacerdotis
3306 1712 3530 1792 boni,
3589 1732 3777 1804 quas
3816 1710 3957 1781 mul·

2482 1835 2610 1905 tas
2652 1828 2849 1905 facit
2897 1835 3085 1904 ante
3125 1836 3205 1906 et
3248 1834 3427 1924 post
3484 1829 3955 1922 Baptismum,
4083 1803 4085 1946 ι

2484 1946 2744 2038 magis
2802 1947 3373 2026 exaudiuntur,
3429 1951 3517 2019 et
3560 1944 3818 2016 valent
3853 1942 3955 2023 illi,

2482 2086 2630 2159 pro
2701 2087 2857 2159 quo
2944 2066 3170 2144 fiunt,
3270 2085 3518 2157 quam
3615 2062 3958 2136 orationes

2481 2183 2997 2374 m{llihautem
3055 2275 3446 2390 baptizati
3525 2297 3690 2370 sint
3743 2261 4088 2710 adulti}

2482 2439 2664 2491 cum
2752 2417 2868 2491 illi
2967 2437 3112 2510 per
3196 2420 3511 2489 motum
3606 2410 3960 2508 proprium

2487 2534 2798 2626 possint
2838 2554 3016 2606 esse
3067 2531 3590 2624 inaequaliter
3629 2525 3960 2622 dispositi,
4012 2523 4017 2526 ’

2482 2654 2559 2722 et
2625 2650 2702 2721 in
2774 2652 3304 2724 Sacramento
3365 2645 3790 2722 confertur
3831 2663 3963 2736 gra·
4037 2643 4075 2754 ὲ

2482 2766 2602 2840 tia
2666 2767 3097 2840 secundum
3178 2764 3794 2860 proportionem
3856 2759 3963 2833 dis·

2483 2883 2915 2976 positionis
2957 2883 3040 2955 in
3088 2882 3614 2976 suscipiente,
3661 2877 3963 2971 sequitur

2484 3001 2905 3093 inaequalis
2945 2999 3305 3074 effectus.

2571 3118 2791 3203 Quod
2875 3116 2943 3190 si
3056 3135 3488 3209 compares
3593 3111 3959 3208 parvulum

2483 3237 2783 3316 adulto,
2863 3232 3359 3325 regulariter
3402 3232 3791 3326 parvulus
3839 3226 3962 3300 nul·

2480 3354 2649 3426 lum
2689 3352 3074 3426 meritum
3109 3351 3389 3434 habet;
3424 3350 3748 3424 adultus
3779 3364 3964 3440 quan·

2487 3476 3007 3561 tumcumque
3057 3472 3380 3542 tenuem
3422 3468 3718 3541 habeat
3755 3465 3968 3537 volun·

2486 3591 2765 3667 tatem,
2800 3586 2985 3658 dum
3022 3589 3294 3658 tamen
3335 3583 3796 3658 consentiat
3822 3577 3967 3652 reci·

2488 3724 2678 3797 pere
2787 3705 3434 3781 Sacramentum,
3541 3721 3685 3773 nec
3782 3696 3970 3791 ponat

2491 3820 2801 3893 obicem
2870 3818 3250 3911 aliquem,
3334 3817 3663 3891 videtur
3735 3813 3971 3886 habere

2491 3935 2874 4008 meritum
2945 3933 3398 4028 proprium,
3452 3937 3538 4007 et
3602 3953 3745 4026 pro
3795 3931 3966 4004 tanto

2492 4050 2745 4144 magis
2811 4050 3256 4144 dispositus
3314 4053 3466 4132 est,
3536 4068 3776 4143 quam
3841 4061 3968 4139 par·

2485 4170 2761 4251 vulus3
2816 4187 3042 4259 ergo,
3088 4170 3240 4241 etc.

2576 4287 2721 4361 Sed
2760 4290 2962 4369 esto,
3000 4284 3206 4378 quod
3246 4284 3573 4358 adultus
3620 4287 3785 4357 toto
3823 4284 3961 4354 tem·
4006 4308 4069 4363 ς·

2489 4424 2685 4497 pore
2754 4400 3153 4496 Baptismi
3232 4405 3508 4494 peccet
3564 4397 3960 4473 venialiter,

2483 4520 2806 4594 videtur
2896 4537 3095 4610 ergo
3199 4537 3379 4590 esse
3501 4512 4002 4615 indispositusm

2489 4635 3116 4730 quodammodo;
3244 4635 3640 4728 parvulus
3752 4633 4021 4741 autemc.

2486 4754 2797 4827 nullam
2930 4750 3641 4845 indispositionem
3729 4746 3953 4820 habetz
4004 4766 4057 4859 {a

2486 4889 2685 4962 ergo
2748 4868 2827 4941 in
2892 4868 3033 4957 illo
3085 4888 3276 4942 casu
3323 4867 3714 4960 parvulus
3770 4859 4034 4986 majasse

2488 5006 2660 5060 rem
2772 4986 3130 5077 gratiam
3221 4984 3586 5077 recipiet.
3674 4985 3951 5071 Respon·
4037 4991 4054 5059 ἶ

2481 5105 2653 5186 deo,
2703 5107 3124 5197 peccatum
3189 5100 3506 5174 veniale
3560 5121 3720 5173 non
3751 5089 3949 5193 prohi·
4001 5077 4059 5183 ἦ

2484 5221 2615 5295 bet
2693 5220 3052 5312 gratiam
3136 5216 3466 5298 infundi,
3546 5238 3692 5292 nec
3764 5212 3946 5287 etiam
3992 5230 4091 5313 fi

2484 5341 2755 5410 actum
2832 5333 3349 5408 meritorium
3410 5334 3658 5406 simul
3703 5306 4092 5403 habere‚³‘³‘¹

2485 5459 2757 5528 tamen
2836 5451 3023 5545 quia
3085 5450 3358 5524 anima
3419 5449 3772 5543 pluribus
3811 5436 3947 5515 acti·
4080 5434 4091 5621 ἦ

2483 5573 2627 5644 bus
2686 5590 2846 5642 non
2889 5572 3160 5662 potest
3193 5567 3434 5641 simul
3469 5587 3695 5661 aeque
3725 5558 3946 5658 persec-
