4255 6375
1324 354 1525 416 ntsr.
1558 357 1659 417 vt.
1706 352 2073 430 QUAEs‘rlo
2120 353 2278 415 vni.

3308 347 3429 408 589

166 513 663 606 amplianda,
707 513 838 584 sed
873 510 1465 602 restringenda,
1493 508 1730 600 juxta
1844 530 2001 596 ergo
2078 510 2428 577 dicendum
2488 522 2588 576 est
2656 511 2784 587 hic,
2856 523 2918 576 et
2988 509 3053 574 in
3113 507 3404 595 qualibet

174 631 900 724 illam-maximam
938 629 1180 721 jur-is.

267 751 685 829 Quantum
774 746 868 818 ad
955 745 1337 820 ultimum
1443 743 1736 835 princi-

175 863 366 956 pale
435 864 526 934 de
596 861 1076 935 charactere
1163 879 1436 952 quaero
1544 857 1732 931 tria.

176 979 525 1052 Primo:
574 984 854 1053 utrum
934 978 1014 1050 in
1093 976 1518 1069 Baptismo
1591 973 1739 1045 im-

176 1098 605 1189 primatur
717 1095 1155 1168 character
1198 1100 1233 1163 ‘2
1350 1091 1735 1170 Secundo,

178 1213 373 1306 quid
431 1215 562 1294 sit,
610 1218 890 1286 utrum
960 1212 1065 1285 sit
1138 1211 1412 1303 aliqua
1468 1208 1739 1309 forma

175 1330 620 1405 absoluta‘.>
688 1329 989 1410 Tertio,
1054 1327 1131 1399 in
1204 1348 1360 1419 quo
1439 1324 1571 1408 sit,
1638 1343 1739 1395 an

176 1446 288 1519 sit
344 1447 429 1518 in
478 1469 611 1515 esse
656 1444 972 1527 animae,
1018 1444 1143 1517 vel
1210 1443 1292 1515 in
1344 1442 1733 1535 potentia,

174 1565 254 1633 et
303 1561 393 1635 in
435 1582 590 1654 qua
635 1561 1061 1654 potentia?

630 1786 786 1850 COM
797 1782 1288 1887 MENrARuJS.

268 2017 360 2106 (a)
413 2020 618 2083 Juoeta
677 2019 798 2083 hoc
843 2016 1107 2105 ξᾳιιωνο,
1182 2037 1327 2103 quae
1385 1998 1491 2081 sit*
1539 2036 1739 2101 pcena

180 2135 602 2213 iterantium,
641 2146 764 2199 etc.
803 2138 953 2199 Haec
978 2132 1257 2220 quaestio
1288 2154 1370 2197 ex
1402 2131 1744 2198 occasione

183 2272 405 2336 poenae
437 2250 1006 2337 rebaptizantium,
1045 2247 1370 2338 quagfiunt
1402 2249 1555 2315 hinc
1596 2248 1747 2313 inde

181 2367 613 2457 irregulareS,
668 2382 797 2435 tam
843 2369 1176 2454 baptizans
1220 2388 1415 2454 quam
1458 2366 1747 2452 baptiza-

179 2498 309 2563 tuS‚
400 2489 453 2552 si
502 2485 787 2551 scienter
834 2484 897 2552 id
943 2485 1208 2567 faciant,
1283 2496 1503 2551 movet
1553 2482 1742 2548 aliam

178 2602 622 2689 quaestionem
694 2602 853 2668 satis
907 2602 1247 2688 prolixam,
1298 2619 1533 2686 nempe
1585 2596 1741 2684 quid

182 2719 296 2784 siat
366 2719 632 2807 quando
699 2718 1074 2806 ignorantia
1144 2718 1210 2782 in
1250 2717 1442 2803 culpa
1482 2715 1624 2783 sit?
1684 2728 1747 2781 et

185 2856 335 2921 quae
387 2835 756 2921 ignorantia
796 2846 1126 2901 excuseta
1171 2845 1431 2921 peccato
1483 2846 1545 2899 et
1603 2851 1744 2918 poe-

190 2951 321 3018 na‘?
364 2953 663 3038 Applicat
710 2964 923 3019 autem
962 2955 1195 3017 Doctor
1230 2951 1405 3017 illam
1450 2949 1745 3036 regulam

190 3088 634 3148 communem,
672 3090 866 3156 quam
900 3068 1340 3134 communiter
1380 3080 1749 3155 sequuntur

196 3184 573 3252 Canonistae
637 3197 701 3251 et
765 3184 1161 3270 Jurisperiti,
1244 3203 1477 3270 nempe
1515 3237 1529 3264 ,
1566 3184 1751 3269 iquo-

195 3303 498 3368 ranliam
536 3302 729 3387 facti,
766 3322 903 3366 non
933 3301 1139 3376 Juris,
1178 3322 1520 3366 excusare.
1568 3299 1752 3366 Unde

196 3418 248 3483 si
286 3418 625 3486 dubitetur
663 3439 811 3483 cum
872 3417 1318 3497 fundamentO,
1356 3438 1437 3483 an
1472 3435 1750 3503 persona

198 3534 283 3599 sit
324 3535 671 3621 baptizata,
738 3532 842 3599 vel
895 3532 1283 3621 simpliciter
1358 3531 1751 3619 supponitur

204 3670 333 3715 non
377 3651 722 3737 baptizata,
785 3661 855 3715 ut
909 3649 963 3717 si
1017 3650 1253 3728 insanS,
1310 3648 1422 3734 qui
1463 3647 1753 3713 defertur

115 3784 178 3831 na
201 3767 276 3832 ad
311 3768 695 3848 Ecclesiam,
734 3767 927 3834 fuerit
955 3766 1114 3833 alias
1154 3765 1329 3832 domi
1365 3765 1744 3851 baptizatus,

123 3948 130 3957 ,
202 3895 265 3949 et
295 3885 425 3950 hoc
462 3885 567 3950 vel
608 3905 686 3949 ex
740 3884 1008 3964 malitia,
1064 3882 1165 3949 vel
1201 3904 1282 3947 ex
1318 3880 1745 3968 negligentia,

181 4021 330 4076 ‚non
367 4001 691 4068 indicetur
722 4001 1035 4078 Parocho;
1074 4000 1178 4065 hic
1221 3999 1413 4065 habet
1445 3998 1752 4084 ignoran-

202 4115 355 4182 tiam
408 4116 582 4196 facti,
630 4118 783 4204 quia
837 4137 965 4181 non
1021 4126 1279 4182 tenetur
1329 4113 1522 4194 scire,
1588 4112 1746 4201 quid

199 4230 371 4299 domi
408 4234 648 4299 factum
683 4234 769 4300 sit
797 4233 967 4299 circa
1001 4233 1341 4312 infantem,
1380 4231 1492 4298 sed
1534 4230 1752 4316 potius

200 4368 567 4436 supponere
598 4350 937 4417 scientiam
965 4349 1131 4437 legis
1163 4363 1226 4416 et
1257 4347 1751 4415 consuetudinis

206 4460 267 4526 in
321 4464 726 4549 parentibus,
799 4485 1160 4551 earumque
1228 4463 1745 4541 observantiam,

202 4598 273 4645 ac
329 4582 604 4670 proinde
654 4582 968 4648 infantem
1029 4581 1107 4648 ad
1162 4603 1233 4648 se
1291 4580 1577 4647 delatum
1623 4601 1750 4647 non

204 4715 342 4762 esse
388 4698 807 4784 baptizatum.
864 4698 930 4762 Si
965 4696 1205 4763 dubius
1243 4696 1441 4763 etiam
1493 4709 1592 4762 est
1633 4699 1751 4761 Ba-

205 4811 507 4896 ptismus,
554 4812 640 4878 ita
707 4823 775 4879 ut
814 4811 1085 4878 dubium
1150 4812 1236 4879 sit
1283 4812 1551 4878 omnino
1601 4812 1753 4878 fun-

210 4924 453 5008 datum,
490 4933 646 4995 tunc
689 4927 1022 5014 baptizans
1054 4949 1201 4994 cum
1239 4929 1445 4994 forma
1485 4927 1753 5014 capituli

209 5041 300 5108 De
336 5044 589 5131 quibus,
661 5043 990 5130 baptizare
1031 5055 1263 5130 potest,
1307 5065 1540 5130 nempe
1571 5044 1752 5130 adje-

214 5169 309 5225 cta
338 5160 733 5241 conditione,
782 5164 844 5227 si
892 5182 1023 5227 non
1073 5183 1138 5227 cs
1187 5161 1584 5247 baptizatus,
1624 5172 1747 5226 etc.

214 5287 279 5341 ut
308 5278 673 5363 praescribit
703 5277 1071 5344 Alexander
1102 5280 1209 5343 111.
1255 5277 1431 5342 dicto
1462 5277 1757 5363 capitulo

214 5389 289 5455 de
326 5396 687 5481 Raptis-mc,
745 5405 804 5460 et
844 5398 985 5481 ejus
1036 5395 1296 5478 effectu,
1346 5392 1518 5480 quod
1560 5413 1756 5479 supra

217 5526 292 5574 ex
321 5510 522 5577 variis
555 5509 928 5578 Canonibus
977 5509 1424 5597 probavimus.
1481 5508 1759 5575 Perinde

1845 629 2160 706 Censura,
2225 647 2374 713 quae
2415 639 2678 712 propter
2740 634 3073 712 peccatum
3128 622 3402 687 incurri·

1849 761 1976 820 tur,
2046 742 2307 828 quando
2392 743 2540 830 quis
2608 752 2959 808 excusatur
3029 760 3060 806 a
3114 749 3401 826 peccato,

1849 856 2043 922 etiam
2094 858 2395 925 excusari
2436 879 2470 924 a
2521 880 2626 944 poe
2753 878 2834 923 ex
2881 867 3140 943 peccato
3190 855 3408 921 incur-

1850 991 1943 1036 sa.
2022 973 2170 1038 Haec
2222 985 2440 1039 autem
2494 871 2940 1070 irregffilaritas
3006 984 3243 1040 statuta
3305 981 3406 1037 est

1850 1102 1950 1154 est
1989 1101 2255 1176 propter
2313 1078 2670 1177 peccatum
2698 1090 2984 1173 iterandi
3028 1092 3404 1156 Sacramen-

1851 1218 2017 1271 tum.

1940 1322 2121 1388 Circa
2177 1322 2610 1409 ignorantiam
2668 1324 2867 1403 Juris,
2932 1323 3119 1389 docet
3176 1326 3406 1387 Doctor

1855 1458 1982 1503 non
2023 1440 2321 1505 excusari
2357 1461 2392 1505 a
2439 1440 2629 1526 culpa
2669 1452 2776 1506 aut
2812 1460 3030 1526 poena,
3070 1439 3221 1526 quia
3277 1459 3406 1504 non

1851 1569 2073 1621 censet
2102 1555 2241 1621 dari
2285 1556 2723 1642 ignorantiam
2774 1556 2840 1621 in
2883 1556 3006 1622 hoc
3036 1574 3219 1635 casu,
3257 1575 3406 1642 qua:

1853 1671 1939 1736 sit
1980 1670 2333 1757 probabilis
2382 1685 2446 1738 et
2483 1671 2775 1752 fundata,
2834 1672 2986 1758 quia
3037 1691 3272 1758 nempe
3312 1671 3407 1736 in-

1855 1798 1953 1853 ter
1997 1788 2365 1853 rudimenta
2420 1788 2734 1854 doctrina}
2811 1788 3201 1854 Christianae
3263 1807 3404 1873 per-

1857 1903 2037 1969 vium
2080 1914 2202 1983 est',
2257 1924 2385 1969 non
2447 1925 2660 1991 posse.
2702 1904 2924 1970 iterari
2972 1904 3401 1990 Baptismum.

1854 2022 1931 2085 Et
1971 2020 2290 2107 quidquid
2333 2020 2418 2087 sit
2450 2020 2531 2087 de
2564 2021 2931 2107 ignorantia
2975 2020 3246 2087 canonis
3289 2024 3410 2087 Ec·-

1852 2135 2228 2216 clesiastici,
2297 2136 2526 2202 saltem
2595 2137 3014 2223 cognoscitur
3063 2140 3176 2225 jus
3233 2137 3406 2204 divi-

1858 2270 2041 2332 num,
2123 2251 2228 2317 vel
2288 2265 2387 2318 est
2468 2252 2758 2319 debitum
2833 2253 3271 2341 cognoscendi
3343 2253 3407 2318 in

1857 2367 2148 2454 quolibet
2210 2368 2582 2434 Christiano
2650 2370 2892 2449 adultO,
2975 2372 3083 2458 qui
3156 2384 3410 2437 tenetur

1857 2482 1935 2547 ad
1984 2481 2345 2548 doctrinam
2417 2484 2496 2550 de
2563 2485 2931 2571 Baptismo;
2996 2497 3058 2551 et
3098 2486 3408 2574 quoniam

1858 2597 2201 2683 supposita
2242 2598 2515 2665 scientia
2540 2601 2735 2686 hujus
2758 2601 2957 2686 juris,
2993 2601 3101 2667 dat
3139 2623 3407 2689 operam

1860 2717 1952 2781 rei
1999 2716 2266 2796 illicitae,
2307 2718 2500 2783 etiam
2542 2718 2785 2805 ligatur
2827 2740 3016 2805 poena
3071 2720 3406 2799 canonica,

1858 2853 2008 2919 quae
2051 2833 2697 2919 transgredientibus
2731 2835 2841 2921 jus
2877 2835 3175 2901 divinum
3211 2837 3414 2923 impo-

1864 2947 2065 3030 nitur,
2101 2948 2273 3034 quod
2321 2962 2421 3014 est
2470 2950 2864 3037 principium
2898 2950 3173 3038 vulgare
3209 2954 3412 3017 Cano-

1864 3064 2217 3131 nis-tarum.
2266 3068 2336 3130 ln
2370 3067 2487 3131 bac
2529 3087 2598 3132 re
2628 3067 2832 3134 variae
2854 3079 3007 3133 sunt
3037 3067 3406 3146 sententiae,

1861 3180 2100 3270 quibus
2143 3202 2271 3248 non
2313 3181 2647 3263 immoror,
2689 3183 3074 3250 remittendo
3106 3184 3409 3252 lectorem

1863 3299 1940 3364 ad
2003 3299 2351 3378 scholium,
2415 3300 2588 3386 quod
2657 3301 3002 3387 praedictas
3051 3302 3409 3369 sententias

1863 3416 2150 3481 breviter
2178 3429 2241 3482 et
2278 3416 2449 3482 clare
2478 3417 2998 3503 comprehendit.
3046 3417 3113 3483 ld
3158 3429 3408 3484 certum

1863 3531 2180 3619 quidquid
2215 3534 2299 3598 sit
2362 3533 2425 3597 in
2485 3533 2622 3598 foro
2695 3534 2971 3613 intern0,
3020 3533 3084 3598 in
3135 3547 3407 3600 externo

1867 3665 1991 3712 non
2033 3645 2286 3711 admitti
2314 3645 2748 3733 ignorantiam
2780 3647 2978 3725 Juris,
3012 3647 3135 3712 nisi
3171 3648 3404 3734 probe-

1864 3779 1990 3842 tur,
2027 3763 2180 3849 quia
2220 3763 2650 3849 praesumptio
2697 3763 2895 3848 hujus
2939 3764 3084 3842 fori,
3123 3775 3251 3830 stat
3297 3766 3412 3851 pr'o

1865 3879 2008 3964 lege
2074 3878 2334 3964 publica
2397 3878 2631 3964 magis,
2709 3898 2902 3965 quam
2976 3900 3093 3965 pro
3153 3880 3413 3966 privata

1863 3995 2293 4082 dispositione
2331 3997 2528 4082 bujus
2575 4008 2687 4061 aut
2719 3995 2916 4061 illius.
2956 3999 3108 4061 Haec
3137 3995 3415 4082 quaestio

1864 4111 2158 4192 forsitan,
2196 4111 2250 4178 si
2294 4124 2604 4177 tractatus
2651 4123 2714 4178 et
2764 4124 3022 4198 tempus
3057 4111 3411 4198 permittat,

1863 4227 2031 4292 infra
2061 4226 2424 4293 disseretur
2455 4227 2523 4292 in
2559 4228 2699 4294 suis
2729 4227 3095 4314 principiis,
3133 4248 3282 4314 quae
3312 4227 3420 4293 hic

1864 4343 2226 4410 incidenter
2268 4344 2565 4423 veniunt,
2635 4357 2838 4411 totum
2884 4345 3217 4432 negotium
3259 4365 3418 4410 con-

1862 4460 2033 4526 sistit
2099 4461 2163 4526 in
2224 4482 2322 4541 ec,
2374 4472 2441 4527 ut
2500 4462 2808 4547 probetur
2846 4460 2988 4530 dari
3047 4463 3415 4549 ignorantia

1863 4576 2216 4663 probabilis
2254 4576 2450 4657 Juris,
2515 4597 2663 4663 quae
2731 4588 3002 4643 excuset
3046 4597 3080 4642 a
3120 4589 3409 4664 peccato,

1862 4704 1922 4758 et
1956 4705 2431 4779 consequenter
2482 4713 2516 4758 a
2558 4714 2773 4780 poena,
2810 4714 2959 4781 quae
2997 4693 3107 4759 vix
3159 4691 3223 4758 in
3268 4713 3414 4779 pro-

1867 4809 2077 4896 posito
2148 4810 2357 4897 quoad
2439 4810 2864 4896 principalem
2952 4830 3174 4876 casum
3247 4808 3412 4895 fingi

1868 4938 2101 5010 potest.
2168 4925 2433 4991 Interim
2467 4925 2814 4992 videantur
2853 4938 3154 4992 auctores
3204 4925 3410 5006 citati,

1865 5055 1928 5109 et
1966 5043 2343 5110 Summistae
2385 5043 2585 5109 verbo
2634 5044 3049 5131 lynci-antia,
3099 5044 3232 5125 lex,
3280 5064 3414 5129 poe-

1864 5180 1976 5238 m,
2024 5174 2147 5224 etc.
2195 5158 2484 5234 Quaestio
2516 5158 2709 5225 etiam
2744 5158 2955 5225 fusius
3003 5170 3320 5225 tractatur
3351 5157 3417 5224 in

1872 5275 2146 5341 materia
2184 5273 2264 5341 de
2319 5273 2572 5341 actibus
2643 5275 2950 5341 humanis
3009 5286 3072 5341 et
3103 5274 3414 5362 peccatis.

1868 5389 2050 5466 Quod
2101 5403 2318 5456 autem
2378 5392 2613 5458 asserit
2677 5396 2908 5457 Doctor
2971 5390 3417 5477 irregularita-
3471 5417 3474 5422 ·

1865 5519 1995 5574 tem
2035 5508 2359 5574 occultam
2429 5509 2812 5597 dispensari
2864 5508 3031 5576 forte
3074 5530 3269 5596 posse
3330 5508 3410 5576 ab
