4255 6375
671 390 751 462 46
1860 395 2003 457 me.
2039 394 2140 456 iv.
2173 357 2771 458 sanmurmaum

666 561 886 640 cedo,
979 560 1168 652 quia
1247 558 1560 632 scilicet
1659 555 2220 649 praesupponit

668 675 1055 769 seipsum,
1123 675 1332 749 sicut
1374 694 1619 767 agere
1663 671 2223 766 praesupponit

664 813 867 876 esse,
928 798 1009 867 et
1077 793 1340 886 ipsum
1401 796 1526 866 est
1574 790 1905 865 effectus
1975 788 2222 882 primi

667 909 1012 1003 agentis.
1068 909 1181 982 Ad
1234 909 1459 981 illam
1504 907 2220 989 introductionem,

671 1048 848 1120 quae
890 1026 1211 1100 videtur
1254 1025 1605 1118 probare
1658 1025 2058 1097 minorem
2110 1045 2225 1095 se·

670 1147 1014 1220 cundum
1097 1145 1454 1237 primum
1523 1143 2052 1225 intellectum,
2116 1141 2224 1213 di-

670 1283 790 1344 co,
854 1261 1058 1354 quod
1118 1281 1256 1332 ars
1309 1260 1377 1332 si
1421 1264 1690 1353 pot-est
1741 1259 1822 1331 in
1865 1258 2221 1349 aliquam

671 1378 1051 1459 formam,
1108 1397 1269 1448 non
1329 1380 1602 1449 tamen
1668 1376 1825 1447 nisi
1890 1375 1963 1446 in
2020 1374 2224 1446 acei-

671 1496 1072 1568 dentalem
1108 1499 1462 1575 tantum;
1519 1492 2039 1565 accidentalis
2091 1513 2226 1564 au-

677 1614 839 1684 tem
908 1611 1372 1684 necessario
1424 1609 1775 1703 requirit
1855 1610 2225 1682 substan-

377 1778 611 1847 mquimt
676 1729 874 1803 tiam
944 1749 1091 1821 pro
1162 1728 1561 1818 sub‚Jecto;
1628 1747 1791 1798 non
1852 1724 2224 1818 sequitur

324 1847 630 1963 &³232ss
670 1861 866 1933 ergo
921 1842 1125 1933 quod
1176 1841 1505 1923 artifex,
1551 1839 1769 1932 (quia
1802 1845 1927 1913 est
1973 1859 2221 1931 agens

629 1942 1342 2047 subordinatum)
1408 1956 1800 2050 requirat,
1851 1957 1978 2029 vel
2022 1976 2222 2050 prae·

670 2076 1080 2164 supponat
1164 2070 1555 2144 effectum
1670 2076 2015 2152 naturae,
2132 2076 2221 2146 ut

669 2208 1001 2281 passum
1082 2208 1342 2269 suum,
1427 2187 1559 2259 sed
1627 2185 1816 2278 quia
1885 2187 2057 2278 agit
2124 2188 2221 2260 ad

666 2304 914 2376 talem
960 2303 1424 2385 terminum,
1475 2302 1608 2395 qui
1655 2302 2000 2393 requirit
2044 2302 2222 2375 sub-

668 2418 1084 2500 stantiam,
1174 2418 1253 2490 in
1350 2439 1587 2511 quam
1677 2418 2219 2492 substantiam

670 2535 1262 2628 producendam
1369 2554 1528 2607 non
1651 2537 1919 2629 potest
2036 2555 2207 2607 ars.

669 2652 889 2733 Quod
951 2655 1218 2723 autem
1290 2648 1441 2723 hoc
1519 2670 1681 2724 non
1753 2651 1858 2725 sit
1935 2673 2034 2724 ex
2094 2671 2218 2723 or-

665 2767 844 2840 dine
920 2766 1362 2858 agentium,
1461 2771 1681 2859 patet
1763 2768 2213 2851 manifeste,

668 2883 854 2979 quia
921 2889 1220 2959 natura
1270 2883 1351 2956 in
1419 2885 1740 2958 actione
1804 2906 1950 2957 sua
2018 2906 2217 2979 prae-

614 3002 1050 3095 ·supponit
1168 3000 1551 3075 effectum
1657 3007 2010 3086 naturae,
2130 3006 2216 3077 ut

667 3140 1022 3214 passum,
1088 3118 1297 3194 sicut
1349 3119 1429 3192 in
1484 3119 1975 3194 alteratione
2018 3140 2219 3214 prae·

665 3237 1049 3332 supponit
1130 3237 1722 3319 substantiam;
1804 3242 1929 3312 est
2013 3258 2214 3331 ergo

660 3374 909 3429 causa
952 3353 1405 3427 communis
1471 3375 1570 3425 ex
1616 3337 1849 3446 parte
1893 3359 2211 3429 naturae

660 3477 739 3547 et
807 3472 1016 3545 artis
1105 3472 1183 3544 in
1262 3472 1959 3564 praesupponendo
2038 3474 2216 3546 sub-

663 3589 1082 3670 stantiam,
1158 3589 1469 3681 quando
1563 3587 1874 3662 scilicet
1962 3595 2215 3681 agunt

661 3707 755 3779 ad
798 3706 1190 3788 accidens,
1257 3706 1462 3798 quod
1504 3725 1664 3777 non
1710 3708 1979 3799 potest
2032 3727 2214 3799 pro·

658 3824 837 3896 duci
900 3823 1057 3895 nisi
1120 3823 1197 3895 in
1259 3823 1743 3897 substantia.
1813 3823 1894 3897 Si
1938 3829 2210 3897 autem

660 3941 934 4033 aliqua
989 3939 1448 4013 substantia
1527 3959 1933 4033 corporea
1995 3943 2210 4013 esset

661 4058 1121 4132 immediate
1171 4057 1564 4150 producta
1604 4077 1650 4128 a
1692 4060 1859 4131 Deo
1911 4058 2211 4150 absque

660 4174 981 4249 actione
1048 4177 1392 4257 naturae,
1445 4173 1974 4246 nihilominus
2028 4194 2211 4267 pos-

662 4296 783 4366 set
827 4311 963 4364 ars
1008 4291 1229 4364 circa
1289 4290 1501 4365 istud
1564 4311 1892 4383 passum
1936 4309 2205 4382 agere,

662 4409 728 4482 si
772 4413 987 4483 esset
1038 4428 1298 4500 capax
1340 4406 1673 4481 termini
1717 4406 1950 4490 artis,
2006 4428 2098 4481 ac
2143 4407 2210 4479 si

659 4525 999 4600 effectus
1087 4529 1405 4599 naturae
1494 4523 2051 4617 praecessisset
2127 4523 2210 4596 in

659 4664 779 4716 eo.
846 4641 1247 4717 Similiter
1291 4643 1511 4734 patet
1573 4640 1774 4732 quod
1837 4638 2051 4713 ratio
2111 4660 2210 4711 ex

661 4761 822 4834 isto
894 4759 1174 4833 ordine
1238 4755 1655 4848 agentium
1723 4777 1886 4829 non
1961 4755 2206 4840 valet,

656 4875 1221 4968 distinguendo
1264 4874 1542 4966 plures
1609 4872 1933 4946 ordines
1976 4892 2211 4965 agen-

660 4993 918 5075 tium;
984 5010 1171 5063 nam
1245 4989 1326 5062 in
1423 4988 1698 5060 ordine
1792 4989 2209 5081 agentium

659 5108 1157 5184 naturaliter
1226 5109 1497 5200 potest
1556 5105 1904 5178 inveniri
1958 5125 2208 5197 agens

666 5227 1119 5308 materiale,
1204 5223 1412 5317 quod
1477 5226 1602 5297 est
1680 5222 2047 5307 inferius,
2129 5228 2209 5298 et

663 5363 912 5437 agens
988 5339 1564 5423 immateriale,
1639 5340 1844 5432 quod
1893 5344 2017 5414 est
2086 5362 2212 5413 su·

663 5460 982 5557 perius;
1026 5479 1187 5532 non
1247 5463 1519 5533 tamen
1561 5454 1956 5548 sequitur,
2003 5457 2207 5549 quod

666 5597 917 5673 agens
969 5575 1397 5651 materiale
1457 5575 2039 5668 praesupponat
2102 5574 2210 5646 ef-

391 1658 563 1717 Quare

398 1718 585 1771 artifex

2335 554 2635 627 fectum
2696 553 3012 645 agentis
3073 550 3652 626 immaterialis
3712 570 3890 623 cre-

2337 672 2493 753 ati;
2575 693 2719 745 nec
2809 671 3205 763 sequitur,
3309 668 3376 743 si
3458 669 3889 744 materiale

2339 794 2922 882 praesupponat
2979 788 3364 862 effectum
3411 787 3554 860 Dei
3601 787 3890 860 imme-

2335 907 2575 991 diate,
2637 908 2716 981 in
2788 909 2990 1001 quod
3056 912 3274 1000 agat,
3355 926 3553 999 ergo
3637 925 3886 997 agens

2336 1025 2906 1110 immateriale,
2983 1026 3189 1118 quod
3263 1029 3388 1099 est
3476 1023 3884 1117 superius,

2338 1140 2540 1213 nihil
2599 1141 3183 1235 praesupponit.

2427 1260 2737 1338 Quarta
2780 1256 2996 1331 ratio
3058 1254 3161 1346 (h)
3222 1276 3381 1328 non
3448 1254 3880 1337 concludit,
3913 1320 3992 1369 Ad
4035 1259 4168 1370 ’ξι
4203 1322 4244 1370 ὁ.

2338 1374 2526 1467 quia
2595 1373 2736 1445 illa
2820 1371 3409 1465 potentialitas,
3484 1391 3664 1464 quae
3757 1374 3880 1444 est
3913 1382 4238 1455 Suriefflyt

2336 1485 2792 1560 communis
2858 1490 3292 1570 creaturae,
3355 1484 3522 1557 sive
3588 1482 3884 1557 intelli·
3958 1452 4234 1577 Ροῖἷὲι

2338 1608 2582 1696 gatur
2635 1602 3053 1692 objectiva,
3108 1605 3477 1694 respectu
3529 1625 3667 1670 ess-e
3715 1621 3884 1673 cre·
3938 1576 4244 1682 'affin'

2337 1727 2621 1803 amirae,
2704 1719 2874 1793 sive
2945 1722 3459 1813 intelligatur
3509 1718 3885 1812 subjecti·
3943 1705 4230 1747 mmm

2333 1859 2459 1920 va,
2541 1839 2634 1911 ad
2714 1838 3260 1931 recipiendum
3330 1836 3540 1911 sicut
3612 1839 3889 1930 poten-

2334 1954 2553 2037 tiale,
2656 1954 2780 2026 vel
2876 1955 2969 2026 ad
3039 1952 3591 2026 inhaerendum
3680 1954 3895 2028 sicut

2335 2069 2605 2144 forma
2662 2070 2788 2145 vel
2858 2074 3114 2154 actus,
3208 2090 3371 2143 non
3441 2069 3744 2144 sufficit
3798 2071 3898 2142 ad

2336 2188 2865 2271 inferendum,
2944 2188 3150 2281 quod
3226 2188 3443 2262 actio
3535 2187 3714 2281 ejus
3785 2185 3896 2262 sit

2334 2324 2515 2377 cum
2601 2308 2826 2377 motu
2924 2302 3055 2375 vel
3142 2301 3650 2383 mutatione;
3762 2303 3901 2374 sed

2335 2422 2538 2513 quod
2598 2421 2814 2495 actio
2886 2419 3175 2506 illa,2si
3242 2424 3365 2494 est
3409 2421 3894 2502 immanenS,

2333 2539 2571 2615 habet
2633 2540 3321 2635 potentialitatem
3402 2539 3628 2612 illam
3693 2558 3897 2632 prae·

2334 2656 2631 2731 dictam
2701 2657 2826 2729 vel
2925 2663 3382 2749 utramque.
3466 2656 3547 2730 Si
3633 2656 3891 2729 etiam

2331 2776 2452 2846 est
2522 2774 2962 2856 transiens,
3025 2795 3120 2846 eo
3201 2774 3434 2846 modo
3531 2794 3687 2866 quo
3759 2775 3887 2846 est

2334 2890 2413 2963 in
2471 2890 2638 2973 illo,
2704 2891 2786 2965 in
2846 2912 3001 2985 quo
3045 2890 3371 2973 transit,
3439 2894 3528 2964 ut
3585 2889 3665 2962 in
3726 2893 3891 2964 ter-

2333 3007 2577 3090 mino,
2638 3006 2874 3081 habet
2936 3006 3626 3102 potentialitatem
3694 3006 3894 3081 alte·

2332 3144 2510 3197 ram
2587 3125 2712 3198 vel
2770 3129 3262 3219 utramque;
3345 3144 3490 3198 nec
3544 3127 3894 3217 propter

2328 3241 2478 3316 hoc
2532 3247 2657 3317 est
2718 3247 2948 3317 actus
3026 3243 3305 3324 fluens,
3388 3241 3516 3315 vel
3576 3241 3889 3334 raptim

2328 3359 2766 3442 transiens,
2830 3360 3043 3435 sicut
3113 3364 3382 3434 motus
3442 3359 3572 3432 vel
3626 3364 3897 3433 muta-

2331 3475 2474 3550 tio.

2786 3730 2828 3792 C
2841 3730 3013 3793 OMM
3027 3728 3432 3793 ENTARIUS.
4252 3807 4255 3858 Ι

2401 3963 2493 4046 (gl
2530 3966 2746 4027 Tertia
2795 3966 2963 4026 ratio
3003 3964 3394 4041 principalis
3437 3983 3562 4026 non
3616 3967 3872 4029 conclu·
4021 3973 4115 4046 μ.
4186 4037 4197 4045 ,
4252 4011 4255 4058 ι

2322 4085 2432 4154 dit,
2486 4087 2613 4145 etc.
2659 4078 2953 4160 AEgidius
2999 4079 3217 4157 quedl.
3277 4082 3340 4142 5.
3399 4098 3460 4158 q.
3526 4082 3580 4144 1.
3631 4087 3698 4144 et
3754 4036 4222 4149 Ρε-Ἑιῗὲἒιῗω

2324 4201 2458 4259 trus
2505 4196 2587 4258 de
2642 4197 3015 4258 Tar-antasia
3064 4198 3130 4259 in
3171 4199 3234 4258 2.
3295 4199 3358 4260 d.
3403 4198 3458 4258 l.
3508 4203 3730 4274 quaest.
3802 4200 3865 4260 3.
3909 4162 4255 4274 sfffissffll

2321 4314 2605 4391 probant
2664 4313 3154 4375 conclusionem
3190 4329 3271 4374 ex
3304 4329 3382 4374 eo
3433 4312 3611 4391 quod
3657 4329 3868 4392 agens
3956 4288 4188 4399 „ffiffl

2318 4426 2592 4490 inferius
2633 4430 3104 4505 praesupponat
3133 4428 3198 4489 in
3243 4427 3504 4504 agendo
3558 4429 3868 4492 effectum
3910 4418 4222 4524 nfflssffid

2321 4542 2698 4622 superioriS,
2754 4548 2828 4605 ut
2867 4560 2967 4604 ars
3014 4542 3328 4605 effectum
3373 4547 3651 4617 naturae,
3699 4548 3870 4610 circa
3970 4537 4168 4588 Deum.

2323 4679 2518 4742 quem
2590 4663 2748 4741 agit,
2811 4666 3040 4722 natura
3112 4677 3268 4723 vero
3329 4660 3573 4741 aliquid
3630 4669 3868 4739 poten-

2321 4778 2498 4850 tiale,
2542 4776 2789 4838 scilicet
2836 4779 3201 4851 materiam,
3246 4791 3396 4854 quae
3447 4781 3545 4838 est
3592 4775 3873 4840 effectus

2319 4893 2509 4970 primi
2579 4893 2836 4971 agentis
2908 4895 2975 4952 et
3029 4890 3328 4962 increati,
3409 4897 3476 4952 et
3543 4890 3609 4953 id
3665 4893 3873 4972 exigit

2323 5005 2483 5070 ordo
2529 5007 2912 5084 agentium:
2963 5023 3123 5086 ergo
3181 5023 3390 5086 agens
3453 5012 3746 5070 creatum
3803 5010 3870 5073 in

2320 5124 2583 5204 agendo
2641 5123 2956 5202 supponit
3015 5119 3326 5185 effectum
3381 5123 3521 5197 Dei,
3583 5128 3651 5186 et
3706 5143 3876 5188 con-

2318 5242 2681 5320 sequenter
2736 5238 3078 5300 materiam
3149 5238 3458 5318 aliquam,
3522 5257 3603 5302 ex
3674 5242 3875 5322 cujus

2321 5357 2611 5434 potentia
2644 5352 2864 5416 educit
2912 5351 3207 5427 formam,
3258 5370 3417 5435 ergo
3447 5356 3678 5433 nequit
3723 5371 3872 5418 cre-

2321 5487 2458 5547 are,
2506 5476 2639 5534 etc.
3043 5449 3046 5452 ’

2400 5587 2576 5648 Hanc
2630 5584 2842 5665 rejicit
2896 5587 3141 5647 Doctor
3197 5590 3425 5663 primo,
3473 5586 3623 5664 quia
3667 5586 3723 5648 si
3767 5587 3876 5651 in-
