4255 6375
419 2051 673 2176 Rejfissitur

427 2175 649 2226 oeeham
660 2213 672 2227 .

391 3410 708 3474 objectiones

417 3474 589 3525 Oecha
596 3475 682 3525 mi.

720 332 801 395 64

743 494 1029 575 tellecta,
1074 491 1388 559 nutritiva
1430 510 1560 557 non
1599 490 1919 578 dependet
1950 512 2065 577 per
2104 511 2176 557 se
2206 489 2287 555 ab

743 609 915 690 illis;
979 608 1045 675 in
1085 608 1233 675 aliis
1297 628 1427 674 non
1489 618 1590 675 est
1646 607 1946 673 invenire
2002 603 2285 672 extensi-

741 748 932 793 onem
984 727 1218 792 harum
1298 723 1735 811 potentiarum
1811 724 1891 791 ad
1959 724 2286 790 actionem

743 840 1266 910 substantialem.

829 958 1031 1026 Aliter
1060 962 1354 1045 vasquez
1385 957 1731 1045 impugnat
1786 956 2284 1043 responsionem

741 1075 1054 1154 Durandi,
1093 1073 1245 1162 quia
1294 1095 1527 1161 nempe
1585 1073 1652 1138 in
1701 1073 1953 1160 Angelo
2004 1093 2134 1139 non
2176 1073 2285 1137 da-

742 1202 849 1257 tur
887 1190 1172 1277 potentia
1215 1190 1557 1259 executiva
1607 1189 1911 1256 distincta
1968 1210 2002 1255 a
2043 1188 2283 1257 volun-

742 1318 913 1386 tate;
977 1305 1093 1371 sed
1134 1307 1239 1373 bic
1281 1328 1405 1374 non
1449 1320 1546 1373 est
1576 1306 1757 1372 locus
1820 1306 2122 1393 proprius
2165 1306 2270 1372 hu-

737 1422 848 1509 jus
889 1422 1296 1509 quaestionis,
1361 1422 1504 1488 ideo
1548 1421 1810 1487 remitto
1864 1441 2007 1487 eam
2065 1421 2130 1485 in
2173 1443 2285 1487 su-

745 1561 855 1607 um
933 1539 1167 1606 locum.
1250 1538 1594 1605 Durandus
1670 1537 1862 1603 etiam
1944 1537 2287 1623 impugnat

745 1656 1090 1734 minorem,
1136 1676 1329 1741 quam
1380 1653 1657 1721 assumit
1697 1658 1953 1733 Doctor,
2020 1652 2134 1719 sed
2185 1654 2290 1718 in-

742 1775 858 1858 fra
914 1772 1251 1840 tractando
1302 1771 1383 1838 de
1450 1771 1725 1837 veritate
1790 1770 2284 1857 propositioniS‚

744 1889 800 1954 ei
846 1886 1413 1974 respondebimus,

833 2005 1099 2072 Interim
1140 2005 1445 2083 Occbam,
1493 2014 1561 2069 ut
1619 2003 1807 2082 solet,
1863 2013 2087 2068 contra
2146 2022 2290 2088 pro-

743 2120 1042 2188 bationes
1090 2118 1235 2186 illas
1297 2120 1589 2186 Doctoris
1632 2119 1695 2184 in
1753 2120 2058 2185 discursu
2101 2137 2290 2202 supe-

747 2235 900 2302 riori
962 2236 1364 2321 praemissas,
1410 2235 1639 2300 format
1693 2254 1846 2300 suas
1886 2252 2290 2321 consequen-

744 2349 1097 2432 tiunculas,
1186 2349 1483 2416 alludens
1567 2370 1683 2415 seu
1758 2347 1991 2415 leniter
2069 2346 2289 2434 potius

746 2466 1025 2532 illudens
1110 2466 1186 2532 ad
1254 2466 1610 2532 hominem.
1657 2469 1768 2531 Hae
1834 2476 1989 2531 sunt
2044 2463 2291 2530 verita-

746 2593 867 2664 tes,
916 2602 1079 2670 quas
1121 2584 1505 2668 impugnat:
1551 2582 1947 2669 principium
2016 2580 2293 2647 formale

744 2698 1005 2766 creandi
1050 2698 1485 2765 substantiam
1522 2698 1746 2786 nequit
1783 2719 1928 2764 esse
1957 2697 2283 2776 accidenS,

740 2829 881 2883 tum
941 2813 1094 2902 quia
1144 2814 1622 2901 imperfectiuS,
1679 2825 1816 2881 tum
1876 2814 2029 2902 quia
2068 2813 2293 2880 termi-

741 2951 867 2998 nus
905 2930 1200 2997 formalis
1269 2929 1622 3018 productus
1656 2930 1882 3018 nequit
1920 2951 2066 2998 esse
2104 2931 2292 2997 abso-

740 3046 938 3115 lutior
968 3068 1004 3114 a
1056 3048 1351 3130 materia,
1377 3069 1525 3115 cum
1569 3048 1656 3115 sit
1708 3047 2102 3137 principium
2140 3070 2293 3135 pro-

739 3162 1018 3233 ducendi
1089 3164 1405 3245 formale;
1477 3165 1656 3247 item,
1703 3165 1875 3253 quod
1905 3165 2229 3233 absolutio
2258 3187 2295 3234 a

743 3279 1013 3347 materia
1069 3280 1290 3368 arguit
1348 3280 1838 3368 perfectionem.

832 3397 962 3460 Hoc
1004 3396 1343 3481 impugnat
1383 3395 1689 3476 Occham,
1736 3394 1889 3483 quia
1919 3414 2113 3462 eausa
2151 3416 2293 3482 par·

739 3510 945 3593 tialiS,
1009 3512 1371 3579 secundum
1413 3512 1705 3595 Scotum,
1760 3523 1973 3597 potest
2004 3532 2152 3579 esse
2185 3511 2297 3577 im-

738 3627 1091 3715 perfectior
1138 3628 1410 3707 effectu,
1458 3640 1528 3695 ut
1571 3627 1800 3693 albedo
1840 3637 1987 3693 actu
2058 3626 2298 3693 intelli-

736 3744 934 3831 gendi
975 3766 1168 3831 quem
1200 3755 1449 3824 causat,
1487 3758 1550 3811 et
1591 3745 1656 3810 in
1686 3745 2108 3830 generatione
2143 3765 2296 3811 ver-

739 3861 865 3927 mis
908 3861 1134 3928 multae
1192 3882 1414 3929 causae
1471 3872 1895 3941 concurrunt,
1950 3881 2099 3949 quae
2161 3881 2290 3926 non

734 3988 891 4043 sunt
931 3977 1278 4057 animatae;
1324 3977 1599 4044 effectus
1639 3989 1857 4044 autem
1898 3990 1997 4043 est
2039 3977 2295 4043 anima-

736 4103 871 4161 tuS.
935 4095 1122 4172 Item,
1167 4095 1513 4181 qualitates
1577 4093 1810 4180 primae
1850 4103 2004 4159 sunt
2053 4093 2295 4181 princi-

739 4210 924 4295 pium
966 4208 1365 4294 producendi
1431 4208 1892 4276 substantiam.
1939 4210 2126 4289 Item,
2165 4231 2294 4276 coe-

738 4323 901 4405 lum,
940 4324 1300 4391 secundum
1335 4327 1628 4404 Scotum,
1667 4336 1766 4392 est
1806 4325 2015 4411 magis
2049 4325 2295 4392 abstra-

737 4454 914 4510 ctum
965 4465 1002 4512 a
1045 4444 1337 4525 materia,
1388 4465 1582 4532 quam
1619 4442 1838 4511 anima
1870 4443 2288 4523 intellectiva,

738 4571 801 4626 et
857 4571 1075 4627 tamen
1112 4581 1242 4627 non
1299 4570 1401 4628 est
1459 4560 1813 4647 perfectius
1861 4557 2101 4638 anima,
2143 4558 2294 4646 quia

743 4696 871 4742 non
910 4676 1141 4744 vivum
1199 4697 1329 4743 non
1388 4689 1489 4744 est
1529 4676 1882 4765 perfectius
1955 4674 2135 4754 viv0,
2193 4694 2294 4740 se-

742 4789 1030 4857 cundum
1071 4794 1359 4859 Scotum.
1396 4795 1582 4872 Item,
1639 4791 2150 4859 intellectionem
2199 4790 2293 4855 in·

743 4906 1044 4974 tuitivam
1115 4908 1349 4996 Angeli
1409 4919 1621 4995 potest
1685 4929 1956 4975 causare
2025 4907 2294 4973 materia

741 5035 854 5092 aut
911 5024 1146 5105 forma,
1190 5037 1323 5091 tam
1365 5022 1826 5092 substantialis
1875 5043 2069 5111 quam
2127 5023 2293 5089 acci-

744 5139 1025 5207 dentalis
1060 5163 1076 5220 ;
1122 5141 1235 5209 sed
1276 5141 1386 5207 illa
1423 5152 1523 5207 est
1560 5139 1921 5206 absolutior
1949 5158 1985 5204 a
2027 5136 2294 5205 materia

742 5275 936 5341 quam
995 5257 1160 5337 haec,
1224 5277 1383 5344 ergo
1444 5255 1767 5322 terminus
1831 5253 2122 5320 formalis
2181 5274 2295 5340 po-

740 5380 869 5436 test
926 5390 1073 5437 esse
1128 5371 1488 5439 absolutior
1552 5392 1588 5438 a
1637 5368 1932 5449 materia,
1998 5389 2146 5434 cum
2207 5368 2293 5436 sit

742 5485 1135 5573 principium
1191 5488 1464 5557 formale
1512 5484 1914 5575 producendi
1956 5484 2201 5570 ipsum.

1968 328 2111 391 [ΑΒ.
2163 327 2261 390 lv.
2308 324 2906 391 SENTENTIARUM

4072 503 4135 553 67.

2491 489 2942 576 Respondetur
2990 487 3069 555 ad
3111 485 3393 576 primum
3435 485 3516 553 de
3553 504 3754 552 causa
3798 504 3943 571 par·
3970 564 4177 618 sulm&

2402 605 2535 672 tiali
2586 606 2948 693 aequivoca,
3003 605 3057 672 si
3107 604 3192 672 sit
3237 603 3597 691 superioris
3665 600 3941 681 ordiniS,

2401 744 2545 789 esse
2596 722 3049 807 perfectiorem
3088 721 3344 801 effectu,
3398 734 3469 786 ut
3508 720 3949 800 beneDoctor

2401 842 2475 906 in
2523 844 2586 907 4.
2642 841 2799 905 disc.
2854 842 2963 907 49.
3010 851 3236 925 quoesl.
3291 843 3361 904 4.
3415 840 3488 902 in
3556 846 3785 923 quoest.
3848 833 3951 898 la-

2400 958 2624 1038 terali,
2703 960 3135 1044 responsione
3198 954 3288 1021 acl
3356 960 3427 1021 3.
3505 953 3821 1031 medium,
3885 962 3948 1015 et

2397 1086 2624 1160 qacoest.
2680 1079 2740 1139 1.
2785 1095 2957 1160 resp.
3006 1079 3076 1139 5.
3131 1072 3309 1139 Idem
3343 1070 3578 1138 asserit
3627 1068 3708 1135 de
3744 1087 3944 1135 causa

2400 1189 2655 1276 partiali
2716 1190 2934 1256 minus
2995 1188 3365 1276 principali,
3440 1197 3505 1252 et
3582 1185 3747 1251 ratio
3815 1198 3939 1263 est,

2394 1308 2547 1395 quia
2576 1329 2725 1374 cum
2757 1308 3027 1374 effectus
3065 1327 3147 1372 ex
3195 1304 3459 1392 speciali
3502 1304 3777 1371 entitate
3807 1302 3945 1367 exi·

2399 1436 2512 1513 gat
2560 1424 2882 1490 inssuxum
2931 1443 3146 1490 causae
3194 1420 3552 1508 superioris
3591 1418 3847 1486 ordinis
3881 1432 3947 1483 et

2401 1539 2803 1625 principalis,
2843 1538 3200 1605 secundum
3235 1537 3359 1602 hoc
3390 1546 3602 1623 potest
3630 1534 3948 1600 excedere
4165 1626 4176 1635 ³

2399 1676 2659 1722 causam
2704 1654 2923 1721 minus
2973 1652 3395 1741 principalem
3444 1661 3508 1718 et
3561 1648 3948 1717 secundari-
4029 1610 4177 1721 ἓξὲξ.

2401 1793 2532 1839 am.
2579 1776 2819 1851 Potest,
2892 1770 3035 1837 dico
3093 1768 3431 1847 excedere,
3500 1766 3652 1853 quia
3733 1787 3946 1852 neque
4000 1749 4174 1860 93⁶}ssss

2404 1889 2526 1954 hoc
2593 1887 3052 1955 universaliter
3117 1898 3217 1953 est
3289 1905 3547 1964 verum,
3617 1883 3948 1970 objectum

2402 2005 2577 2072 enim
2619 2016 2718 2069 cst
2755 2024 2952 2070 eausa
2994 2002 3214 2068 minus
3254 1999 3634 2087 principalis
3688 1998 3947 2064 intelle-

2399 2122 2658 2201 ctioniS,
2709 2135 2925 2188 tamen
2966 2140 3095 2186 non
3145 2138 3405 2205 semper
3445 2115 3807 2182 intellectio
3837 2135 3949 2180 ex-

2403 2239 2574 2306 cedit
2610 2239 2963 2327 objectum,
3007 2236 3193 2305 verbi
3223 2235 3456 2323 gratia,
3486 2234 3950 2311 substantiam,

2402 2354 2707 2441 quamvis
2773 2353 3130 2421 intellectio
3209 2349 3542 2440 qualitatis
3593 2350 3955 2416 materialis

2405 2469 2658 2536 excedit
2692 2469 2904 2556 ipsum
2969 2469 3032 2536 in
3077 2467 3509 2557 perfectione.
3563 2466 3954 2553 Oppositum

2406 2586 2604 2673 hujus
2673 2597 2773 2653 est
2830 2584 2895 2651 in
2963 2605 3159 2651 causa
3245 2583 3589 2670 aequivoca
3666 2580 3952 2667 partiali,

2405 2702 2462 2767 si
2501 2701 2585 2767 sit
2634 2701 2996 2789 superioris
3062 2699 3312 2767 ordinis
3370 2711 3482 2765 aut
3541 2695 3951 2784 principaliS,

2402 2818 2552 2906 quia
2601 2818 2709 2884 ille
2757 2838 3069 2885 excessus
3126 2818 3190 2884 in
3230 2816 3465 2883 effectu
3525 2814 3756 2902 nequit
3806 2834 3955 2880 esse

2404 2935 2484 2999 ab
2525 2933 2689 3021 ipsa,
2738 2953 2887 2999 cum
2945 2933 3033 3001 sit
3083 2933 3422 3020 aequivoca
3479 2941 3542 2997 et
3574 2930 3951 3011 dissimiliS,

2403 3060 2467 3115 et
2516 3049 2684 3116 infra
2751 3070 2938 3116 suam
3003 3049 3345 3115 entitatem
3391 3046 3682 3113 influens
3745 3046 3813 3112 in
3848 3067 3956 3113 su·

2410 3186 2517 3233 um
2558 3167 2863 3233 effectum
2936 3165 3428 3254 perfectionem,
3491 3162 3665 3252 quod
3718 3176 3821 3232 est
3878 3164 3956 3230 de

2407 3278 2657 3346 ratione
2714 3301 2932 3347 causae
3006 3280 3390 3367 aequivocae,
3476 3300 3688 3366 neque
3738 3289 3956 3366 potest

2406 3415 2551 3461 esse
2607 3395 2778 3462 idem
2844 3417 3158 3463 excessus
3218 3415 3254 3460 a
3292 3416 3486 3463 causa
3544 3394 3804 3482 partiali
3858 3415 3954 3461 se—

2405 3511 2737 3593 cundaria,
2795 3513 2946 3601 quia
3014 3534 3142 3581 non
3181 3514 3470 3581 continet
3528 3511 3595 3577 in
3638 3532 3711 3578 se
3753 3511 3952 3578 talem

2409 3648 2780 3697 excessum.

2503 3747 2814 3812 Transeat
2868 3768 3028 3834 ergo
3083 3746 3500 3827 antecedens,
3546 3758 3610 3812 et
3671 3757 3954 3831 negatur
3993 3781 4075 3855 Q
4126 3798 4177 3848 w

2406 3861 2896 3949 consequentia,
2943 3863 3095 3950 quia
3152 3883 3347 3929 causa
3387 3883 3615 3928 creans
3672 3860 3751 3926 ad
3798 3860 3952 3928 effe-
3996 3867 4043 3918 in
4084 3877 4176 3914 omn

2404 3993 2581 4046 ctum
2641 3991 3079 4066 comparatur,
3126 3990 3195 4045 ut
3233 3979 3475 4059 totaliS,
3521 3998 3651 4044 non
3693 3987 3766 4043 ut
3807 3997 3955 4063 par·

2405 4095 2602 4163 tialiS.
2658 4096 2753 4161 Ad
2810 4095 3168 4162 secundum
3212 4106 3276 4162 et
3333 4094 3955 4182 tertium'jpseDo-

2405 4223 2545 4277 ctor
2584 4212 2716 4292 hie,
2761 4223 2822 4277 et
2861 4212 3052 4295 infra
3093 4211 3248 4276 dist.
3289 4214 3395 4275 13.
3442 4222 3639 4295 negat
3686 4219 3957 4275 antece-

2405 4326 2566 4392 dens
2625 4327 3108 4404 universaliter,
3180 4326 3331 4413 quia
3404 4324 3764 4392 accidentia
3831 4346 3957 4390 non

2406 4443 2773 4529 producunt
2829 4443 3291 4522 substantiam,
3341 4462 3551 4530 neque
3603 4442 3856 4508 vermis
3894 4454 3959 4508 ut

2405 4561 2754 4644 animatus,
2803 4559 2865 4626 id
2907 4573 3030 4637 est,
3074 4558 3432 4627 secundum
3497 4558 3814 4639 animam,
3863 4572 3956 4625 est

2405 4677 2485 4742 ab
2516 4674 2731 4764 aliqua
2791 4676 3174 4760 inanimata,
3228 4696 3376 4764 quae
3404 4675 3686 4762 attingat
3729 4675 3954 4761 proxi-

2409 4813 2511 4857 me
2568 4790 3064 4877 productionem
3144 4792 3409 4870 animae,
3475 4790 3589 4856 sed
3641 4811 3676 4855 a
3740 4790 3953 4877 prima

2405 4906 2541 4973 sola
2570 4930 2585 4985 ;
2618 4907 2699 4972 de
2738 4908 2859 4973 hac
2889 4906 3256 4995 quaestione
3296 4908 3435 4973 loco
3464 4910 3666 4973 citato
3699 4907 3944 4994 agitur.

2491 5022 2586 5088 Ad
2628 5035 2931 5109 quartum
2964 5023 3201 5088 falsum
3241 5022 3543 5110 imponit,
3579 5022 3733 5109 quia
3772 5024 3846 5088 in
3882 5026 3943 5088 2.
4074 5041 4131 5093 ω.

2404 5141 2562 5206 dist.
2627 5145 2737 5208 ⁴14.
2817 5152 3042 5227 quoest.
3125 5145 3187 5205 1.
3273 5140 3645 5227 oppositum
3733 5139 3945 5216 docet,

2405 5277 2639 5344 nempe
2685 5256 2924 5323 coelum
2975 5255 3277 5344 componi
3325 5278 3408 5322 ex
3469 5253 3737 5322 materia
3777 5258 3950 5345 ejus·

2401 5369 2550 5437 dem
2616 5370 2888 5438 rationis
2973 5392 3122 5438 cum
3201 5370 3567 5449 sublunari,
3643 5370 3950 5458 quamvis

2402 5487 2784 5556 Aristoteles
2813 5499 2877 5556 et
2903 5491 3226 5555 Averroes
3256 5486 3629 5574 oppositum
3661 5484 3950 5553 dixerint

4047 1215 4167 1264 Causa

4015 1279 4176 1339 parfia-li

3974 1342 4176 1403 quandtqt

4029 1402 4174 1450 ext-edu

3998 1463 4176 1512 effectum

4055 2033 4166 2081 Ratio

4007 2111 4177 2144 excessa
