4255 6375
659 368 779 431 224

327 556 623 608 sacramen·
674 551 841 614 rum,
888 535 999 623 qui
1034 537 1337 608 videntur
1368 560 1607 627 negare
1642 542 2226 612 circumcisionem

392 625 583 733 ...ἑξῆς
676 669 821 715 esse
872 654 1235 722 remedium
1272 661 1515 744 peccati
1546 661 1924 749 originalis,
1968 665 2226 748 Suppo-

325 744 645 869 Ῑοζῗξωίξζξξι
679 765 776 830 nit
815 765 879 831 in
924 769 1153 854 primis
1194 774 1494 861 quaedam
1555 776 1763 844 fuisse
1807 780 2227 846 Sacramenta

381 869 590 997 ¹133?
677 879 742 945 in
765 885 971 952 veteri
1015 886 1159 974 lege
1193 890 1550 979 improprie
1588 893 1782 974 dicta,
1825 907 1895 962 ut
1928 896 2223 984 purgati-

325 994 610 1058 operantis.
673 1015 855 1077 ones,
911 1012 973 1068 et
1017 1003 1413 1091 baptismata
1443 1009 1523 1075 ab
1569 1010 2004 1079 immunditiis
2038 1013 2222 1100 lega-

673 1112 871 1195 libus,
916 1118 1279 1189 oblationes
1311 1135 1374 1190 et
1415 1126 1733 1193 sacrificia
1769 1150 1786 1208 ;
1847 1128 2081 1196 asserit
2109 1151 2222 1197 au-

672 1241 802 1296 tem
846 1232 953 1299 illa
1021 1257 1149 1302 non
1198 1241 1557 1308 contulisse
1604 1244 1879 1328 gratiam
1913 1245 2110 1312 ullam
2142 1267 2224 1312 ex

671 1366 870 1433 opere
916 1364 1204 1437 operato,
1268 1356 1621 1423 contulisse
1696 1371 1910 1425 autem
1944 1360 2221 1447 gratiam

673 1481 789 1547 per
847 1463 1111 1532 modum
1164 1469 1378 1535 meriti
1442 1491 1523 1538 ex
1589 1494 1787 1559 opere
1842 1476 2216 1562 operantis;

676 1588 852 1645 tenet
882 1601 1038 1669 ergo
1069 1597 1292 1652 contra
1316 1599 1643 1656 extremas
1679 1592 2041 1658 sententias
2069 1615 2219 1660 cum

674 1699 1031 1765 communi.

766 1817 952 1902 Ilugo
1000 1817 1079 1882 de
1145 1820 1379 1887 Sancto
1418 1822 1678 1890 Victore
1711 1825 1827 1891 lib.
1870 1830 1929 1891 1.
1983 1826 2065 1892 dc
2095 1829 2218 1893 Sa-

675 1944 994 1997 cramenc.
1068 1945 1248 2020 part.
1314 1940 1377 2003 9.
1449 1960 1593 2024 cap.
1642 1944 1696 2005 l.
1741 1951 1803 2004 et
1854 1957 2036 2028 parc.
2108 1947 2213 2010 11.

672 2068 817 2134 cap.
902 2053 965 2115 5.
1025 2061 1205 2136 part.
1266 2055 1370 2118 12.
1436 2076 1642 2141 cap...
1705 2068 1766 2121 ec
1823 2058 1897 2123 in
1961 2079 2219 2123 summa

665 2173 846 2246 parc.
893 2170 956 2232 4.
1002 2188 1149 2252 cap.
1203 2170 1260 2231 1.
1298 2168 1533 2234 asserit
1572 2171 1788 2237 onmia
1852 2171 1957 2239 illa
1987 2187 2218 2241 contu-

673 2279 828 2345 lisse
892 2282 1172 2368 gratiam
1215 2304 1293 2349 ex
1327 2306 1523 2371 opere
1563 2300 1848 2373 operat0,
1894 2269 2065 2375 quod
2107 2289 2217 2356 ad-

675 2394 871 2461 mittit
905 2398 1097 2462 etiam
1124 2400 1188 2464 S.
1230 2404 1687 2470 Bonaventura
1718 2404 1875 2472 disc.
1918 2411 1975 2473 1.
2040 2428 2100 2492 q.
2149 2411 2211 2475 5.

672 2511 973 2597 quamvis
1016 2513 1190 2581 illam
1246 2516 1602 2585 efficaciam
1672 2520 1976 2587 refundat
2031 2520 2096 2586 in
2141 2519 2215 2586 fi-

674 2626 846 2708 dem,
898 2639 961 2694 et
1021 2651 1148 2696 non
1195 2631 1259 2698 in
1314 2632 1453 2721 ipsa
1503 2638 1922 2704 Sacramenta
1965 2638 2217 2705 ratione

675 2764 806 2810 sui.

760 2863 1103 2929 Durandus
1126 2863 1475 2955 distinguit
1507 2867 1677 2934 inter
1697 2888 1770 2935 ea
1802 2889 1951 2956 quae
1972 2868 2219 2938 fiebant

669 2977 733 3044 in
802 2981 1239 3067 expiationem
1306 2982 1606 3071 legalem,
1689 2998 1748 3052 et
1818 3007 1893 3053 ea
1938 3008 2217 3074 quorum

668 3117 827 3162 usus
878 3118 1005 3163 non
1049 3097 1170 3165 suit
1208 3100 1351 3167 sine
1379 3102 1631 3189 gratia;
1680 3102 1788 3169 illa
1825 3124 1953 3170 non
1994 3105 2217 3172 confe-

666 3213 895 3279 rebant
923 3214 1225 3300 gratiam,
1262 3216 1405 3283 haec
1434 3231 1652 3285 autem
1697 3220 1815 3301 sic,
1882 3231 1951 3288 ut
1990 3243 2215 3289 conse·

667 3328 873 3396 cratio
912 3331 1367 3401 Sacerdotum.
1405 3334 1775 3402 Paludanus
1815 3337 2008 3403 etiam
2042 3338 2107 3403 in
2142 3361 2218 3405 eo

666 3458 835 3513 statu
877 3447 1161 3515 admittit
1191 3451 1676 3518 matrimonium
1745 3452 1950 3522 fuisse
1987 3456 2218 3523 Sacra-

667 3573 1004 3644 mentum;
1076 3577 1296 3633 noster
1375 3567 1631 3635 Rubion
1694 3569 1756 3635 id
1805 3569 2091 3638 admittit
2138 3571 2218 3639 de

669 3679 1085 3747 Paenitentia.

354 1813 617 1866 Sententia

357 1880 609 1944 HugoniS.

323 2478 389 2529 D.
433 2479 633 2529 Bonam

323 2867 624 2922 Durandus.

349 3467 582 3519 Paludan
593 3506 607 3522 .

344 3806 610 3933 {fg-212¹?
756 3805 970 3872 Altera
1011 3821 1225 3874 autem
1282 3811 1603 3877 sententia
1660 3810 2022 3900 imponitur
2080 3817 2215 3880 Ma-

373 3931 592 4042 Figunt
665 3923 898 4009 gistr0,
953 3944 1188 4012 nempe
1254 3946 1334 3991 ex
1416 3948 1615 4014 opere
1661 3930 1994 4017 operantis
2048 3930 2213 3996 nihil

320 3994 636 4131 Ρῖἷῖῃὲῃᾷη-
665 4037 1025 4106 contulisse
1084 4044 1497 4109 Sacramenta
1548 4044 1804 4131 legalia.
1868 4048 2108 4113 Contra
2142 4046 2214 4113 il-

316 4123 638 4294 ἶὲἳὲξιῷῗζ
666 4154 794 4220 lam
826 4155 1111 4221 militant
1149 4156 1600 4226 Florentinum
1642 4173 1706 4227 et
1757 4160 2214 4228 Tridentinum

366 4248 605 4360 ssfiffissn·
661 4271 798 4358 jam
848 4272 1082 4353 citata;
1145 4284 1440 4341 statuunt
1497 4277 1673 4344 enim
1723 4278 1830 4344 illa
1892 4298 2023 4344 non
2061 4300 2215 4346 con-

665 4385 898 4454 tulisse
971 4388 1274 4475 gratiam,
1338 4390 1450 4457 sed
1507 4391 1928 4478 significasse
1996 4395 2215 4461 confe-

665 4499 932 4568 rendam
1010 4523 1125 4588 per
1223 4504 1576 4578 Christum.
1665 4509 2073 4596 Augustinus
2141 4512 2217 4578 in

663 4617 914 4688 Psalm.
968 4624 1077 4687 73.
1142 4624 1332 4707 epist.
1394 4628 1496 4692 19.
1559 4625 1651 4691 ad
1702 4627 2206 4712 Hieronymum,

665 4745 729 4799 et
785 4734 932 4801 aliis
994 4735 1155 4804 locis
1239 4738 1478 4824 citatis,
1569 4740 1990 4809 adducuntur
2073 4742 2216 4810 loca

663 4850 870 4932 Pauli,
926 4862 995 4919 ut
1032 4852 1111 4919 ad
1154 4853 1358 4920 Galat.
1427 4858 1492 4923 4.
1543 4856 1883 4933 Quomodo
1942 4879 2212 4926 conver-

667 4968 898 5033 timini
952 4970 1195 5035 ilerum
1235 4970 1327 5036 ad
1401 4972 1679 5054 infirma
1737 4984 1798 5038 et
1835 4994 2039 5059 eqena
2079 4975 2213 5039 ele-

667 5094 909 5163 menta,
947 5096 1071 5150 etc.
1135 5085 1281 5166 Sed,
1323 5087 1498 5153 hunc
1555 5086 1767 5155 locum
1810 5088 1875 5154 in
1916 5089 2213 5156 eamdem

312 5190 612 5318 Effgfiffiffi
663 5198 1006 5283 epistolam
1049 5200 1359 5288 intelligit
1423 5203 1835 5289 Augustinus
1882 5204 1965 5271 de
2019 5204 2213 5274 idolis

311 5314 633 5429 'ffeuidgtiffu
663 5315 991 5400 gentium,
1055 5339 1207 5406 quae
1273 5318 1469 5384 etiam
1560 5320 1769 5388 Judaei
1825 5321 2208 5404 adorabant,

587 5416 600 5430 ’
665 5432 836 5499 sicut
874 5443 939 5498 et
995 5433 1232 5513 Solem,
1273 5438 1516 5502 Lunam
1559 5448 1622 5502 et
1661 5437 1922 5518 stellas;
1969 5439 2074 5504 cui
2115 5440 2213 5505 in·

665 5548 1111 5634 terpretationi
1187 5548 1365 5618 favet
1446 5551 1819 5639 praemissa
1880 5552 2206 5636 clausula,

1838 381 1980 448 1213.
2031 379 2130 444 iv.
2194 361 2791 452 saNTsmiAnuu

2334 545 2485 633 quia
2517 547 2806 635 loquitur
2834 547 2914 614 ad
2954 548 3264 629 GentileS,
3299 549 3381 616 de
3410 550 3647 636 quibus
3676 549 3856 618 dicit:

2343 666 2456 729 sed
2505 676 2659 731 tunc
2698 664 2965 750 quidem
3025 667 3411 754 iynorantes
3488 668 3717 746 Deum,
3770 669 3869 734 his

2339 781 2455 867 qui
2493 793 2743 848 natura
2798 802 2934 848 non
2969 794 3126 848 sunt
3165 783 3305 864 Dii,
3349 805 3458 850 ser
3474 783 3780 862 vicbatis;
3812 799 3874 851 et

2339 896 2602 964 subdit:
2691 897 3028 973 Quomodo
3111 901 3582 966 convertimini
3638 903 3868 967 iterum

2334 1013 2425 1079 ad
2501 1017 2781 1100 infirma
2839 1029 2899 1084 et
2964 1039 3172 1105 eyena
3225 1020 3574 1100 elementa,
3646 1019 3873 1105 quibus

2334 1128 2553 1194 denuo
2589 1131 2844 1196 servire
2882 1131 3086 1197 vultis
3109 1156 3129 1215 ;
3172 1143 3235 1197 et
3274 1131 3496 1198 subdit
3529 1156 3546 1200 ε
3599 1132 3741 1198 dies
3766 1132 3872 1199 ob-

2332 1246 2635 1324 servatis,
2699 1256 2760 1310 et
2815 1266 3085 1326 menses,
3151 1258 3211 1312 ec
3254 1258 3574 1335 tempora,
3640 1260 3701 1314 ec
3753 1271 3870 1314 an-

2331 1382 2473 1442 nos,
2550 1372 2674 1428 etc.

2420 1476 2858 1545 Tertullianus
2890 1479 3002 1545 lib.
3048 1484 3112 1546 5.
3149 1491 3383 1545 contra
3441 1479 3864 1576 Marcionem,
3891 1548 3930 1598 '1'
3931 1485 4122 1598 <suffitae

2330 1614 2477 1681 cap.
2514 1597 2576 1661 4.
2618 1594 2925 1684 intelligit
2974 1599 3393 1663 Sacramenta
3432 1608 3679 1663 vetera.
3715 1596 3871 1663 Huic
3930 1609 4110 1672 1nteu1g÷2

2331 1711 2506 1776 favet
2543 1711 2715 1796 quod
2776 1712 3015 1779 Paulus
3073 1711 3269 1779 etiam
3327 1713 3394 1778 in
3444 1711 3638 1779 initio
3700 1671 4114 1782 ἰΙΙίιιεὸἮῗζΜ

2329 1824 2561 1913 capitis
2608 1828 3104 1914 comprehendit
3141 1848 3212 1894 se
3270 1829 3468 1896 etiam
3517 1828 3723 1896 fuisse
3751 1829 3872 1896 sub
3947 1802 4086 1922 ’ἕξ

2329 1942 2697 2022 elementiS,
2747 1943 3123 2031 intelligens
3163 1944 3419 2032 legem:
3481 1946 3585 2012 Ita
3624 1957 3684 2010 ee
3730 1967 3867 2022 nos,

2330 2079 2475 2123 cum
2515 2081 2794 2125 essemus
2826 2062 3126 2147 parvuli,
3161 2061 3279 2127 sub
3326 2063 3665 2128 elementis
3696 2082 3877 2126 muti-

2328 2177 2403 2243 di
2459 2198 2722 2244 eramus
2778 2181 3160 2258 servientes,
3208 2191 3277 2245 ac
3315 2180 3429 2246 ubi
3482 2181 3665 2246 venie
3726 2181 3871 2266 ple-

2328 2292 2564 2358 nitudo
2605 2294 2939 2380 temporis,
2985 2304 3047 2359 et
3085 2296 3268 2359 misit
3309 2296 3484 2359 Deus
3520 2294 3743 2376 filium
3767 2315 3878 2359 su-

2327 2429 2439 2472 um
2494 2409 2750 2492 sactum
2789 2431 2872 2474 ex
2921 2411 3221 2488 muliere,
3268 2412 3521 2492 factum
3560 2411 3679 2475 sub
3709 2411 3874 2497 leqe,

2326 2536 2397 2590 ul
2461 2548 2567 2593 eos
2622 2528 2738 2612 qui
2803 2528 2919 2594 sub
2981 2528 3120 2614 leye
3201 2538 3415 2606 erant,
3478 2526 3872 2594 redimeret.

2327 2643 2570 2711 Deinde
2609 2646 2849 2714 Paulus
2885 2667 2968 2712 ex
3007 2645 3308 2712 instituto
3349 2647 3622 2713 retrahit
3680 2645 3875 2712 Gala-

2328 2773 2430 2830 tas
2490 2782 2526 2828 a
2593 2761 2952 2840 Iudaismo,
3025 2783 3219 2849 quem
3291 2762 3415 2830 sub
3485 2762 3608 2829 hac
3674 2773 3881 2829 meta·

2332 2879 2534 2968 phora
2595 2879 2855 2948 videtur
2911 2879 3308 2967 intelligere.

2416 2997 2539 3064 Sed
2615 2997 3077 3084 HieronymuS,
3147 2997 3521 3077 Anselmus,
3582 2996 3877 3083 Chryso-
3922 2987 4116 3101 cm·

2328 3125 2605 3195 stomus‚
2650 3113 3200 3200 Theophylactus,
3240 3117 3312 3179 D.
3351 3112 3633 3179 Thomas
3668 3112 3880 3178 inter·
3902 3101 4125 3225 Thecff‘*

2328 3242 2669 3316 pretantur
2698 3231 2912 3297 locum
2942 3228 3023 3297 de
3051 3228 3372 3316 legalibus
3395 3229 3531 3316 jam
3567 3229 3878 3309 mortuis,
3909 3240 3971 3289 D.
4005 3237 4125 3286 Thon.

2327 3345 2498 3413 sicut
2526 3344 2604 3410 ad
2647 3345 2953 3412 Hebraeos
2986 3349 3048 3411 7.
3096 3345 3495 3431 Reprobacio
3534 3357 3761 3410 autem
3807 3347 3885 3428 fit

2322 3462 2578 3546 prioris
2652 3460 2960 3527 mandati
3036 3472 3315 3548 propter
3407 3461 3884 3544 infirmitatem

2319 3577 2481 3660 ejus,
2566 3587 2626 3640 ec
2717 3575 3190 3641 inutilitatem.
3278 3573 3393 3640 uic
3466 3574 3653 3640 locus
3722 3575 3882 3642 facit

2326 3691 2526 3756 etiam
2595 3690 2673 3757 ad
2715 3690 3160 3778 propositum,
3215 3691 3387 3756 sicut
3452 3702 3518 3755 et
3561 3688 3723 3756 illud
3793 3689 3873 3757 ad

2322 3808 2631 3875 Hebraeos
2663 3810 2728 3874 9.
2772 3808 3010 3874 Habuit
3050 3807 3320 3895 quidem
3352 3819 3412 3872 e!
3448 3809 3646 3893 prius
3678 3806 3864 3895 (sup

2327 3924 2431 4010 ple
2535 3924 3069 4011 Testamentum)
3129 3924 3653 4010 justificationes
3737 3923 3880 3988 cul·

2327 4052 2516 4121 turae,
2578 4051 2637 4105 et
2674 4051 2976 4106 sanctum
3000 4039 3346 4120 saeculare,
3403 4052 3526 4106 etc.
3587 4040 3652 4105 si
3696 4041 3877 4105 enim

2321 4158 2595 4243 sanquis
2678 4158 3021 4223 hircorum
3090 4165 3150 4219 el
3201 4168 3568 4235 taurorum,
3642 4166 3703 4219 ee
3788 4155 3879 4220 ci·

2325 4274 2430 4338 nis
2479 4274 2704 4339 vz'luloe
2749 4293 3076 4359 aspersus,
3144 4273 3531 4357 inquinatos
3571 4270 3879 4353 sanctifi·

2326 4390 2514 4457 caba!
2562 4390 2651 4457 ad
2697 4388 3233 4456 emundationem
3299 4389 3549 4468 carnis,
3595 4399 3722 4455 etc.
3771 4387 3877 4454 cui

2327 4505 2598 4593 opponit
2671 4503 3249 4571 sanctificationem
3311 4502 3552 4569 animae
3637 4501 3876 4569 factam

2327 4644 2442 4708 per
2481 4621 2874 4708 sanguinem
2933 4620 3206 4687 Christi.
3653 4626 3658 4629 “

2411 4743 2645 4805 Contra
2695 4737 2857 4805 alias
2933 4737 3279 4824 opiniones
3328 4735 3499 4803 circa
3553 4735 3663 4803 illa
3732 4755 3877 4822 par-

2325 4854 2620 4923 ticularia
2687 4857 3108 4922 Sacramenta
3176 4853 3368 4940 legis,
3423 4863 3675 4941 pugnat
3732 4851 3876 4918 Tri·

2323 4970 2666 5039 dentinum
2739 4992 2895 5037 sess.
2969 4975 3033 5037 7.
3108 4990 3258 5037 can.
3317 4975 3386 5035 1.
3465 4968 3576 5035 ubi
3644 4967 3875 5035 definit

2325 5088 2542 5154 omnia
2646 5087 2812 5173 legis
2900 5106 3090 5152 novae
3167 5089 3582 5152 Sacramenta
3663 5084 3870 5151 fuisse

2324 5203 2621 5271 instituta
2652 5224 2689 5270 a
2719 5202 2999 5281 Christ0,
3043 5215 3268 5268 contra
3295 5200 3476 5268 aliud
3526 5201 3589 5266 id
3645 5198 3873 5267 definit

2324 5325 2441 5387 24.
2507 5342 2653 5407 cap.
2711 5331 2771 5385 et
2826 5340 2976 5386 can.
3049 5322 3109 5384 1.
3189 5330 3414 5384 contra
3493 5317 3860 5382 Rubionem

2320 5457 2474 5502 sess.
2530 5438 2636 5503 14.
2672 5456 2819 5521 cap.
2870 5436 2935 5500 2.
2989 5444 3217 5499 contra
3269 5429 3675 5512 Durandum,
3713 5431 3869 5497 licet

2326 5573 2457 5619 non
2495 5553 2584 5619 ita
2630 5571 2964 5640 expresse,
3004 5570 3160 5618 sess.
3204 5552 3321 5625 22.
3372 5570 3521 5636 cap.
3559 5554 3622 5615 1.
3701 5549 3871 5628 Quo-
