4255 6375
794 406 908 468 248

811 567 1103 644 efficax
1172 570 1266 642 ad
1324 570 1563 643 finem
1660 569 1976 662 gratiae,
2050 568 2362 642 scilicet

810 687 907 759 ad
958 686 1558 768 beatitudinem,
1614 687 1772 759 nisi
1852 685 2081 778 prius
2149 686 2358 757 obse·

809 803 1084 894 quium
1119 802 1311 875 illud
1343 808 1559 876 esset
1592 803 1985 884 solutum;
2027 802 2361 874 minima

812 921 1110 1002 autem,
1190 920 1258 992 si
1344 919 1872 993 conferretur
1968 940 2178 993 nunc
2283 919 2363 990 in

812 1037 1120 1111 virtute
1178 1035 1419 1131 hujus
1466 1037 1827 1130 obsequii
1879 1037 2050 1129 jam
2085 1036 2358 1119 soluti,

815 1155 1335 1229 conferretur
1401 1159 1674 1228 tamen
1725 1158 1812 1227 ut
1864 1154 2365 1228 sufficienter

818 1270 1251 1364 disponens
1305 1273 1399 1345 ad
1431 1271 2037 1346 beatitudinem.
2081 1274 2360 1343 Exem-

818 1380 1039 1471 plum
1093 1380 1174 1450 in
1230 1379 1488 1461 nobis,
1538 1381 1803 1473 majus
1842 1380 2139 1451 bonum
2174 1400 2361 1451 con-

814 1496 1160 1570 ferimus
1205 1500 1545 1590 propter
1623 1496 2087 1589 obsequium
2145 1494 2362 1568 exhi-

817 1612 1074 1686 bitum
1113 1633 1348 1706 quam
1410 1618 1852 1706 speratum.

470 1728 702 1858 Αᾱέξὲ.
736 1790 783 1842 1·
906 1729 1019 1802 Ad
1084 1729 1438 1822 primum
1511 1735 2087 1820 argumentum
2156 1730 2360 1812 dico,

818 1845 1024 1938 quod
1082 1846 1236 1919 etsi
1305 1846 1578 1939 passio
1653 1846 1964 1921 Christi
2023 1867 2185 1918 non
2256 1845 2365 1920 sit

816 1962 1145 2035 nuncin
1203 1960 1524 2046 effectu,
1580 1968 1705 2037 est
1761 1969 2029 2035 tamen
2096 1962 2178 2034 in
2241 1984 2365 2035 ac-

817 2079 1189 2173 ceptione
1246 2080 1540 2160 divina,
1594 2084 1671 2153 et
1715 2081 1864 2154 hoc
1925 2081 2226 2156 sufficit
2277 2085 2366 2155 ut

817 2196 924 2271 sit
993 2215 1244 2270 causa
1305 2197 1758 2270 meritoria.
1830 2199 2062 2272 Patet
2119 2199 2360 2284 enim,

749 2318 757 2326 '
820 2313 1028 2406 quod
1096 2335 1243 2386 nos
1295 2313 1791 2388 conferimus
1853 2316 2106 2388 multa
2179 2337 2364 2409 pro-

824 2435 1009 2524 pter
1050 2429 1372 2523 aliquod
1416 2432 1714 2505 bonum
1791 2454 1952 2505 non
2005 2454 2365 2527 praesens

818 2549 901 2622 in
932 2569 1042 2632 se,
1093 2549 1227 2621 sed
1268 2569 1626 2642 praesens
1661 2549 1740 2621 in
1786 2552 2186 2625 memoria
2236 2573 2368 2626 no·

816 2670 1018 2752 stra,
1057 2665 1127 2739 si
1166 2666 1277 2740 sit
1313 2667 1849 2760 praeteritum,
1883 2669 2009 2742 vel
2062 2671 2145 2743 in
2197 2672 2366 2764 opi-

824 2782 1090 2867 nione,
1130 2783 1198 2855 si
1234 2782 1341 2857 sit
1373 2781 1766 2858 futurum.
2145 2817 2150 2822 ·

492 2905 763 3019 Nggjsa
906 2901 1021 2974 Ad
1090 2902 1521 2975 secundum
1584 2907 1853 2996 potest
1915 2905 2095 2987 dici,
2160 2907 2366 2998 quod

498 3037 763 3144 fument?
822 3018 1093 3090 omnia
1137 3020 1668 3094 Sacramenta
1722 3042 1947 3094 novae
1990 3022 2195 3115 legis
2226 3024 2365 3097 ha-

466 3107 789 3231 ’1)ζῖἕῖοηῖῐῖηο
820 3131 1002 3205 bent
1068 3152 1114 3205 a
1187 3133 1561 3227 passione
1622 3134 1957 3225 Christi,
2023 3142 2105 3211 ut
2150 3138 2365 3212 exhi-

490 3218 772 3333 ὶῗιξζῖἷιῖι,
812 3250 1005 3332 bita,
1085 3250 1558 3334 efficaciam,
1658 3274 1817 3327 non
1900 3257 2215 3349 quidem
2287 3257 2365 3330 in

464 3359 790 3469 „texffibm
817 3371 1003 3441 actu
1064 3369 1490 3450 exteriori,
1574 3373 1706 3444 sed
1785 3373 2162 3447 interiori
2240 3398 2366 3449 ex-

489 3470 1183 3560 Vimzmam·hibit·a1n.
1290 3487 1407 3560 Ab
1471 3487 1813 3562 instanti
1890 3491 2103 3563 enim
2187 3516 2363 3566 con-

815 3602 1215 3697 ceptionis
1257 3603 1632 3680 Christus
1659 3606 1936 3681 habuit
1981 3611 2364 3684 meritum

820 3718 1251 3810 passionis,
1290 3724 1371 3795 et
1441 3721 1521 3794 in
1564 3722 1702 3795 illo
1747 3723 2130 3797 interiori
2180 3732 2365 3801 actu

813 3835 1193 3912 consistit
1249 3838 1785 3931 principalior
1820 3840 2035 3916 ratio
2064 3843 2362 3927 meriti,

815 3956 895 4026 et
947 3951 1118 4026 ideo
1179 3955 1553 4048 quidquid
1597 3955 1957 4030 instituit
2001 3963 2369 4051 tempore

815 4070 1008 4144 vitae
1107 4093 1296 4156 suae,
1390 4074 1657 4167 potuit
1733 4075 1983 4149 etiam
2070 4075 2365 4149 habore

820 4194 1010 4263 tunc
1041 4190 1490 4265 efficaciam
1545 4211 1592 4263 a
1664 4192 2043 4285 passione
2110 4194 2367 4268 volita

822 4307 1180 4399 perfecte
1239 4308 1337 4381 ab
1399 4308 1578 4402 ipso
1630 4310 1982 4393 Christo,
2066 4311 2148 4383 in
2213 4332 2368 4403 qua

815 4423 1203 4499 volitione
1236 4428 1420 4499 erat
1483 4425 1958 4519 principalis
2033 4426 2362 4512 oblati0,

815 4546 896 4616 et
948 4539 1425 4636 principalis
1471 4542 1775 4616 oblatio
1845 4548 2088 4635 grata
2150 4540 2368 4618 facta

812 4662 1009 4735 Deo.
1056 4661 1222 4732 Nec
1262 4662 1528 4752 potest
1557 4659 1736 4742 dici,
1782 4660 1987 4752 quod
2023 4660 2139 4735 sic
2182 4681 2365 4754 pas-

817 4776 938 4850 sio
1019 4776 1159 4853 illa
1218 4780 1553 4869 accepta
1606 4776 1896 4851 fuisset
1982 4781 2170 4851 ante
2249 4778 2367 4850 in·-

813 4893 1374 4966 carnationem
1419 4893 1541 4965 vel
1624 4892 2111 4985 passionem,
2179 4896 2367 4987 quia

813 5007 970 5083 etsi
1038 5010 1253 5082 Deus
1321 5028 1500 5081 eam
1568 5008 1963 5103 praevidit,
2036 5030 2197 5082 non
2251 5015 2367 5085 ta-

819 5145 1000 5199 men
1051 5124 1204 5199 fuit
1238 5124 1510 5198 oblata
1552 5127 1739 5198 actu
1783 5125 2191 5210 interiori,
2228 5147 2364 5197 ne-

819 5261 969 5334 que
1016 5242 1441 5315 exteriori.

902 5357 1046 5430 Vel
1100 5362 1368 5452 potest
1410 5358 1590 5445 dici,
1629 5360 1830 5453 quod
1894 5363 2364 5435 Sacramen-

822 5479 907 5548 ta
990 5495 1209 5548 novae
1293 5476 1498 5568 legis
1592 5476 1907 5551 vivente
2001 5477 2360 5561 ChristO,

827 5592 1097 5683 omnia
1149 5594 1548 5671 minorem
1582 5595 2037 5673 habuerunt
2094 5595 2363 5671 effica-

1972 406 2117 467 ΗΒ.
2166 406 2267 468 lV.
2317 404 2914 469 SENTENTIARUM

2479 567 2689 640 cia-m
2744 587 2980 661 quam
3064 572 3249 661 post
3308 568 3485 662 ejus
3535 565 3981 660 passionem,

2477 689 2557 758 et
2627 690 2887 758 tamen
2944 706 3107 758 non
3184 682 3339 760 fuit
3427 684 3981 768 inconveniens,

2479 803 2682 893 quod
2727 802 3360 878 instituerentur
3441 804 3616 896 ipso
3675 801 3982 883 vivente,

2479 920 2667 1011 quia
2719 923 2956 995 erant
3029 920 3433 1002 instituta,
3501 938 3658 992 non
3718 923 3802 992 ut
3867 940 3986 1011 pro

2477 1040 2694 1120 tunc,
2777 1038 2908 1110 sed
2994 1043 3082 1112 ut
3173 1059 3319 1131 pro
3389 1042 3751 1130 tempore
3835 1042 3987 1128 post

2476 1156 2652 1250 eJus
2753 1139 3103 1227 mortem
3161 1155 3544 1229 habitura
3614 1152 3987 1247 principa-

2479 1273 2635 1346 lem
2704 1272 3178 1346 efficaciam.

2565 1392 2678 1463 Ad
2737 1389 3075 1464 tertium
3145 1389 3343 1474 dico,
3435 1388 3636 1483 quod
3713 1386 3991 1463 intelle·
4061 1397 4153 1512 32¹3

2478 1512 2655 1581 ctus
2719 1506 3097 1599 Apostoli
3206 1512 3355 1588 est,
3451 1506 3656 1598 quod
3751 1510 3925 1596 grat
3931 1505 3989 1575 ia
4054 1522 4153 1569 om·

2478 1647 2637 1700 non
2680 1623 2918 1699 habet
2960 1643 3288 1699 causam
3342 1621 3853 1696 meritoriam
3918 1620 3990 1692 de
4062 1645 4152 1696 m

2479 1742 2901 1834 condigno,
2985 1743 3062 1815 in
3142 1740 3283 1813 illo
3362 1740 3490 1814 cui
3569 1738 3986 1819 confertur,
4055 1718 4153 1824 ἓξ

2477 1864 2753 1933 tamen
2798 1862 3063 1953 potest
3125 1857 3424 1931 habere
3484 1875 3817 1931 causam
3864 1875 3991 1926 me·
4047 1849 4153 1962 {3}

2483 1977 2867 2053 ritoriam
2899 1977 2989 2049 de
3050 1993 3418 2066 congruo
3463 1973 3542 2046 in
3574 1973 3873 2055 eodem,
3928 1974 3996 2044 et
4059 1957 4152 2012 ω*

2480 2114 2814 2169 causam
2886 2091 3398 2167 meritoriam
3460 2092 3550 2164 de
3628 2089 3995 2181 condigno
4151 2093 4152 2096 ‘

2479 2213 3061 2293 extrinsecam,
3108 2208 3458 2282 maxime
3505 2209 3574 2281 si
3644 2207 3788 2280 illa
3849 2229 3998 2282 cau·
4149 2231 4152 2266 l

2483 2351 2572 2404 sa
2641 2326 3071 2401 meritoria
3138 2325 3606 2399 extrinseca
3673 2324 3999 2416 gratuite

2481 2448 2586 2522 sit
2647 2447 2834 2520 data
2905 2442 3050 2528 illi,
3118 2461 3265 2535 pro
3347 2462 3502 2534 quo
3613 2446 3743 2516 est
3793 2461 4002 2514 causa

2483 2560 2937 2644 meritoria,
2983 2564 3067 2632 ut
3105 2558 3209 2632 sit
3241 2559 3315 2630 ei
3350 2558 3540 2633 talis
3574 2577 3849 2631 causa.

2572 2683 2672 2753 Et
2731 2676 2798 2752 si
2860 2676 3196 2770 objicis:
3271 2675 3559 2749 Gratia
3625 2674 3817 2748 data
3882 2693 3999 2766 pro

2479 2796 2625 2871 tali
2678 2814 2922 2869 causa
2952 2791 3373 2884 condigna,
3447 2811 3607 2862 non
3665 2795 3795 2864 est
3849 2809 3999 2882 gra·

2477 2914 2619 2995 tia,
2677 2912 2861 3005 quia
2904 2908 3308 3001 aliquibus
3365 2906 3689 2979 meritis
3733 2912 3853 2981 est
3892 2906 3995 2978 de-

2475 3031 2670 3110 bita,
2733 3027 2889 3102 etsi
2938 3047 3096 3099 non
3151 3025 3470 3100 meritis
3522 3024 3989 3117 recipientis.

2481 3152 2764 3223 Posset
2812 3144 2990 3225 dici,
3035 3144 3240 3237 quod
3282 3143 3362 3217 in
3402 3144 3813 3217 universis
3846 3163 3991 3236 ope·
4067 3161 4078 3178 ¹

2481 3266 2702 3339 ribus
2745 3263 2916 3345 Dei,
2979 3282 3138 3334 non
3217 3261 3368 3333 fuit
3427 3259 3753 3353 aliquod
3822 3279 3991 3351 opus
4037 3252 4130 3320 ΕΦ

2482 3403 2703 3455 mele
2771 3379 3086 3471 gratiae,
3148 3378 3307 3450 nisi
3357 3377 3530 3450 sola
3566 3376 4030 3453 mcarnatio.

2482 3498 2668 3572 Filii
2721 3496 2887 3579 Dei,
2936 3499 3014 3568 et
3058 3495 3207 3568 hoc
3252 3494 3318 3566 si
3361 3495 3455 3567 ad
3518 3493 3749 3565 illam
3811 3461 4034 3566 nulla

2484 3615 2782 3688 1ne11ta
2820 3611 3439 3704 praecesserunt,
3495 3611 3709 3701 quod
3762 3609 4001 3699 utique

2479 3749 2766 3803 verum
2834 3729 2957 3801 est
3020 3726 3101 3799 in
3184 3725 3700 3800 ordinatione
3768 3725 4001 3827 divina

2476 3850 2568 3921 de
2621 3845 2760 3919 illa
2823 3842 3423 3918 Incarnatione.
3463 3842 3673 3925 Quia
3724 3843 3789 3914 si
3837 3846 4000 3914 tem·

2477 3983 2675 4056 pore
2778 3957 3333 4052 conceptionis
3431 3962 4004 4051 praecesserunt

2474 4079 2749 4170 aliqua
2822 4075 3117 4149 merita
3177 4074 3486 4157 Mariae,
3539 4080 3817 4148 tamen
3872 4091 4002 4146 non

2472 4199 2708 4268 erant
2731 4195 2938 4265 bona
2961 4191 3352 4273 absolute,
3378 4196 3752 4282 respectu
3780 4191 4004 4264 incar-

2475 4309 2862 4391 nationis,
2908 4308 3042 4381 sed
3075 4306 3294 4381 forte
3365 4304 4001 4385 accelerationis,

2478 4433 2567 4503 ut
2611 4427 3096 4518 impleretur
3142 4423 3282 4496 illa
3336 4425 3802 4499 incarnatio
3835 4442 4002 4517 prae·

2483 4544 2880 4618 ordinata.
2954 4542 3165 4613 Bene
3233 4559 3434 4632 ergo
3478 4540 3595 4615 ait
3649 4537 4001 4632 Augusti-

2478 4682 2630 4734 nus
2681 4664 2788 4734 13.
2833 4660 2924 4732 de
2967 4658 3257 4733 Trinit.
3303 4679 3478 4752 cap.
3541 4662 3651 4734 19.
3712 4663 3787 4728 In
3840 4661 3999 4728 rebus

2475 4802 2600 4869 per
2659 4793 2909 4865 tempus
2954 4780 3140 4858 orci-5,
3189 4779 3311 4844 illa
3350 4799 3606 4844 summa
3644 4781 3861 4867 qratia
3899 4785 3990 4851 est,

2480 4897 2652 4985 quod
2681 4898 2873 4962 homo
2905 4897 2980 4961 in
3020 4896 3276 4960 unitate
3299 4915 3606 4981 personae
3637 4898 3994 4982 conjunctus

2477 5022 2570 5078 est
2611 5013 2769 5076 Dec.

2568 5125 2682 5198 Ad
2715 5124 3098 5198 ultimum
3131 5122 3309 5196 dico
3337 5124 3467 5214 (g),
3495 5123 3701 5215 quod
3737 5122 3802 5194 si
3832 5116 3992 5191 illud
4022 5102 4068 5212 3

2477 5242 2770 5313 vulnus
2819 5237 2966 5314 fuit
3001 5239 3394 5314 inflictum
3447 5239 3774 5315 Christo
3839 5236 3990 5328 post
4042 5288 4062 5335 fl

2481 5361 2857 5440 mortem,
2921 5359 3038 5445 (ut
3086 5361 3379 5430 narrat
3465 5352 3986 5444 Evangelium)
4059 5348 4066 5354 ’

2480 5479 3011 5551 Sacramenta
3060 5493 3224 5546 non
3278 5474 3689 5547 fluxerunt
3720 5468 3980 5545 abillo,

2479 5596 2865 5685 tanquam
2922 5611 2969 5663 a
3036 5610 3284 5664 causa
3350 5589 3812 5669 meritoria3
3869 5580 3980 5669 ,sed
