4255 6375
1421 458 1632 521 mS‘r.
1667 461 1766 521 lv.
1815 462 2179 536 QUAEsTlo
2210 465 2283 527 11.

223 612 657 677 Antecedens
729 617 981 693 patebit
1035 604 1240 682 infra(
1289 619 1775 701 Consequentia

229 727 576 804 probatur,
611 731 759 809 quia
795 735 1022 812 nequit
1053 732 1192 796 dari
1227 736 1612 814 disparitas:
1650 742 1790 799 tum

231 842 385 918 quia
463 845 889 924 principalius
944 847 1440 927 configurantur
1526 851 1789 914 Christo

238 973 360 1032 per
434 962 742 1037 gratiam,
833 980 1032 1041 quam
1122 981 1244 1041 per
1316 968 1796 1042 characterem,

118 1109 210 1141 ara·
238 1072 395 1150 quia
430 1076 776 1140 character
807 1056 1026 1156 potest
1055 1083 1340 1159 compati
1373 1099 1523 1144 cum
1554 1098 1800 1160 pecca·

120 1227 158 1265 :0
236 1194 316 1260 to,
353 1196 425 1251 et
456 1195 829 1256 secundum
862 1196 1119 1274 aliquos
1149 1214 1300 1259 cum
1333 1198 1784 1271 damnatione,

118 1359 174 1392 Ἡ.
233 1323 369 1368 non
434 1311 526 1371 ita
564 1314 812 1391 gratia;
875 1313 1054 1375 unde
1085 1316 1616 1379 Catechumenus
1642 1317 1796 1396 jus·

237 1428 364 1496 tus,
430 1422 776 1488 decedens
832 1445 982 1489 cum
1012 1433 1220 1509 gratia
1269 1436 1334 1493 et
1383 1429 1538 1506 fide,
1587 1433 1798 1496 salva-

235 1542 362 1610 tur,
418 1555 561 1602 non
605 1544 691 1602 ita
738 1542 1114 1606 descedens
1176 1562 1325 1607 cum
1356 1547 1498 1609 solo
1538 1548 1801 1609 charac-

232 1659 375 1717 tere
446 1658 593 1719 sine
637 1663 871 1738 gratia,
905 1661 1314 1741 baptizatus;
1369 1668 1500 1726 tum
1574 1666 1797 1739 etiam,

234 1774 389 1848 quia
435 1776 654 1853 gratia
685 1782 752 1837 et
783 1777 956 1840 dona
1002 1794 1132 1841 non
1165 1780 1376 1842 otiose
1423 1781 1788 1843 conferun-

118 1942 211 1987 sose
236 1889 341 1946 tur
399 1886 667 1961 infanti,
700 1897 769 1952 ut
799 1890 960 1954 falso
993 1896 1308 1973 supponit
1338 1897 1515 1972 prior
1553 1898 1799 1973 opinio,

118 2001 170 2114 ξ’
240 2003 394 2079 quia
429 2005 580 2081 ipse
611 2007 980 2086 Baptismus
1010 2027 1142 2072 non
1187 2012 1535 2083 otiose,aut
1564 2011 1802 2075 frustra

118 2105 178 2177 ῑ.’
241 2120 303 2180 ei
356 2120 725 2197 confertur,
773 2128 1068 2204 quamvis
1123 2145 1258 2190 non
1315 2129 1557 2192 hebeat
1596 2132 1662 2192 in
1720 2149 1799 2193 eo

240 2239 523 2314 plenum
582 2242 893 2306 effectum
935 2246 1002 2308 in
1067 2246 1397 2308 sententia
1468 2249 1793 2324 ipsoru1n;

235 2355 537 2436 aliquem
602 2364 824 2421 tamen
881 2363 1082 2426 habet
1117 2364 1310 2445 juxta
1369 2367 1801 2443 capacitatem

233 2474 553 2553 subjecti,
613 2493 854 2555 nempe
913 2481 1317 2544 remissionis
1377 2483 1658 2559 peccati,
1734 2486 1802 2544 et

234 2587 386 2650 ideo
447 2590 614 2666 ipsis
658 2595 759 2653 est
825 2594 1001 2655 utilis
1100 2600 1166 2657 et
1207 2597 1644 2658 necessarius
1698 2597 1801 2659 Sic

239 2706 441 2768 etiam
475 2709 687 2787 gratia
717 2724 913 2787 aeque
968 2716 1339 2775 necessaria
1375 2720 1477 2776 est
1507 2714 1590 2775 ad
1622 2714 1795 2777 salu·

243 2830 375 2888 tem
419 2825 718 2901 infantiS,
768 2847 888 2906 per
931 2848 1130 2910 quam
1161 2834 1302 2895 sine
1335 2834 1651 2911 operibus
1677 2837 1798 2897 sal-

239 2944 372 3003 vari
435 2949 682 3021 potest,
747 2954 812 3007 et
858 2964 1005 3009 cum
1038 2966 1167 3027 qua
1208 2952 1374 3023 sola,
1424 2952 1621 3013 etiam
1652 2954 1793 3014 sine

241 3061 606 3137 Baptismo,
668 3063 1047 3137 salvaretur,
1092 3072 1164 3128 ut
1208 3070 1261 3130 si
1297 3075 1474 3130 esset
1503 3070 1787 3132 sanctifi·

246 3181 427 3236 catus
476 3177 546 3238 in
594 3182 809 3252 utere,
844 3186 954 3241 aut
1000 3187 1178 3244 extra
1211 3192 1512 3257 uterum;
1553 3203 1685 3249 non
1711 3190 1798 3250 ita

118 3316 146 3366 a*
249 3308 396 3352 cum
427 3294 575 3356 solo
609 3297 940 3372 Baptismo
994 3303 1476 3363 etremissione
1523 3308 1804 3381 peccati,

118 3374 220 3471 siem
251 3412 399 3485 quia
450 3411 554 3470 sic
600 3413 1017 3473 constituitur
1060 3420 1309 3477 tantum
1342 3419 1408 3479 in
1433 3424 1605 3481 statu
1638 3437 1799 3498 puro

118 3485 182 3597 {d
248 3529 527 3597 naturae,
562 3527 705 3587 sine
737 3528 869 3589 ulla
911 3527 1161 3605 J'ustitia
1191 3536 1308 3592 aut
1340 3533 1798 3600 conformitate

250 3638 331 3700 ad
403 3639 763 3716 Christum,
847 3652 1126 3721 excepto
1211 3648 1613 3724 charactere,
1689 3632 1799 3734 q'ui

247 3771 380 3819 non
423 3757 672 3821 sufficit
701 3759 787 3821 ad
817 3764 1125 3825 salutern.

329 3875 591 3938 Deinde
676 3880 886 3958 gratia
963 3881 1073 3942 dat
1130 3883 1243 3961 jus
1321 3884 1406 3946 ad
1489 3887 1796 3966 gloriam,

250 3998 486 4071 estque
519 3993 740 4057 filiatio
806 4002 872 4058 et
917 4001 1217 4060 nativitas
1255 3999 1321 4061 in
1367 4001 1643 4076 Christe,
1678 4024 1799 4083 per

254 4109 582 4184 eamdem,
633 4120 697 4173 et
728 4113 925 4184 dona,
976 4114 1375 4178 reformatur
1429 4119 1646 4200 imago
1692 4139 1800 4186 se·

257 4223 550 4285 cundum
621 4225 871 4298 Patres,
931 4244 1151 4307 neque
1221 4236 1372 4291 sunt
1415 4233 1679 4295 inutiles
1736 4236 1803 4296 in

258 4337 740 4405 dormientibus
827 4350 895 4405 et
979 4347 1350 4409 amentibus
1441 4352 1797 4428 perpetuis.

253 4459 400 4529 post
426 4473 628 4519 usum
682 4460 950 4521 rationis
994 4461 1311 4536 habiturn,
1346 4469 1640 4542 quamvis
1683 4485 1801 4530 ne-

264 4580 505 4647 queant
554 4577 825 4639 transire
877 4581 943 4641 in
987 4587 1250 4655 actum3
1296 4600 1456 4664 ergo
1490 4602 1623 4648 non
1652 4593 1807 4650 sunt

261 4689 464 4752 otiosa
541 4695 610 4752 in
681 4692 1067 4770 infantibuS,
1130 4698 1241 4777 qui
1299 4706 1455 4761 sunt
1525 4721 1808 4781 capaces

263 4802 513 4869 illorum
562 4808 950 4873 effectuum.

118 4921 143 4993 l,
335 4920 603 4983 Accedit
652 4923 832 5001 quod
871 4926 1044 4987 sicut
1088 4926 1302 4989 infans
1354 4938 1454 4994 est
1493 4949 1698 5011 capax
1743 4938 1810 4998 in

118 5004 221 5103 {ium
261 5038 508 5099 ratione
541 5038 856 5119 subjecti,
887 5049 961 5103 ut
989 5043 1069 5104 ab
1107 5060 1184 5106 eo
1224 5048 1487 5110 tollatur
1519 5054 1805 5128 macula,

118 5127 241 5241 3532,
267 5161 402 5224 quae
447 5152 749 5215 consistit
789 5155 857 5214 in
906 5157 1266 5233 privatione
1304 5161 1573 5239 justitiae
1604 5170 1801 5250 origi-

118 5237 220 5350 [rign
269 5265 424 5325 natis
467 5272 533 5327 et
559 5271 788 5347 gratiae
815 5269 1076 5344 infusae,
1109 5276 1213 5336 vel
1232 5278 1464 5340 saltem
1499 5287 1808 5362 tanquam

271 5384 705 5458 aequivaleintis
749 5383 995 5461 formae,
1058 5392 1140 5451 ita
1202 5397 1397 5454 etiam
1444 5403 1545 5458 est
1603 5416 1810 5479 capax

269 5494 462 5572 ipsius
490 5504 742 5580 gratiae,
779 5519 929 5563 nam
954 5504 1141 5582 juxta
1177 5511 1493 5588 principia
1525 5514 1809 5580 Philoso-

270 5614 443 5691 phica
494 5617 515 5697 (
541 5635 623 5680 ex
657 5620 898 5697 quibus
932 5622 1305 5695 procedunt
1350 5629 1642 5704 praedicti
1677 5651 1812 5696 ma-

3351 478 3472 542 403

1905 626 2031 704 gis,
2084 643 2284 706 quarn
2345 646 2424 692 ex
2470 633 2807 715 revelatis)
2856 654 2974 716 pro
3028 655 3452 721 quocumque

1904 746 2078 804 statu
2120 744 2495 823 subjectum
2531 754 2630 810 est
2661 767 2870 828 capax
2906 756 3309 830 privationis,
3361 771 3477 827 est

1910 858 2109 919 etiarn
2142 878 2349 938 capax
2380 860 2608 927 formae
2641 870 2979 945 oppositae,
3016 879 3331 950 quantum
3362 879 3467 959 est

1913 988 1994 1033 ex
2028 980 2214 1049 parte
2261 979 2581 1059 subjecti:
2647 999 2806 1064 ergo
2872 988 3194 1064 applicata
3255 1006 3452 1052 causa

1910 1088 2183 1164 efficaci,
2234 1112 2373 1174 quae
2405 1113 2440 1158 a
2477 1101 2649 1162 nulla
2695 1101 3124 1181 dispositione
3176 1108 3467 1187 subjecti

1908 1205 2269 1285 dependet,
2326 1215 2536 1292 qualis
2569 1222 2670 1278 est
2702 1220 3064 1297 Baptismus
3094 1222 3297 1303 (alias
3332 1241 3462 1285 non

1912 1320 2188 1384 haberet
2250 1329 2654 1392 remissionis
2724 1336 2979 1410 peccati
3065 1337 3131 1398 in
3214 1335 3464 1400 infante

1913 1447 2271 1525 effectum)
2327 1452 2520 1514 etiam
2581 1457 2813 1535 recipit
2875 1460 2956 1520 ab
3019 1477 3097 1522 ea
3156 1459 3462 1535 formam,

1911 1578 2033 1623 seu
2089 1564 2385 1627 habitum
2446 1573 2788 1646 privationi
2848 1578 3263 1654 oppositum;
3315 1580 3467 1640 etsi

1913 1683 2079 1745 alius
2141 1685 2443 1761 effectuS,
2507 1693 2618 1769 qui
2656 1691 2840 1755 'alias
2888 1699 3271 1762 conveniret
3316 1720 3471 1782 gra-

1916 1801 2017 1861 tiae
2058 1818 2184 1878 per
2230 1803 2494 1867 modurn
2556 1810 2851 1888 principii
2912 1831 3037 1890 quo
3098 1814 3464 1895 efficientiS,

1912 1929 2047 1976 non
2091 1919 2414 1982 habeatur
2459 1940 2538 1985 ex
2604 1926 3075 2005 impedimento
3157 1936 3467 2016 subjecti,

1916 2048 2037 2094 seu
2069 2037 2337 2099 alterius
2372 2041 2827 2121 comprincipii
2861 2062 2982 2123 per
3024 2064 3098 2110 se
3143 2055 3469 2131 requisiti,

1909 2155 1981 2212 ut
2012 2151 2199 2214 liberi
2231 2155 2502 2232 arbitrii,
2534 2161 2743 2238 gratia
2780 2167 3000 2226 tamen
3035 2183 3152 2244 per
3195 2169 3463 2235 modum

1913 2293 2125 2340 causae
2166 2277 2455 2345 formalis
2507 2287 2902 2363 expellentis
2954 2298 3301 2366 peccatum
3337 2314 3469 2362 non

1914 2403 2091 2459 esset
2120 2404 2355 2464 otiosa.

1991 2516 2081 2574 Ex
2112 2518 2351 2594 quibus
2397 2526 2576 2595 patet
2605 2522 2687 2584 ad
2749 2522 3254 2592 fundamentum
3303 2550 3468 2613 prae·

1915 2632 2175 2692 tensum
2210 2636 2547 2698 sententiae
2569 2643 2904 2716 oppositae.
2942 2643 3062 2719 Qui
3084 2654 3302 2709 autem
3329 2657 3466 2713 sta-

1913 2748 2107 2807 tuunt
2139 2764 2269 2810 non
2316 2766 2465 2812 esse
2513 2751 2596 2814 de
2627 2752 2780 2829 fide,
2832 2765 2943 2820 aut
2988 2768 3263 2835 certum,
3314 2768 3463 2847 jus-

1919 2860 2118 2921 titiam
2151 2863 2521 2928 adultorum
2547 2871 2908 2936 consistere
2938 2876 3003 2937 in
3037 2878 3256 2958 aliquo
3291 2882 3465 2947 dono

1915 2975 2255 3050 habituali,
2302 2982 2395 3042 vel
2434 2986 2840 3060 probabilius
2890 3008 3060 3063 esse,
3111 3012 3257 3059 eam
3301 3017 3466 3062 con-

1917 3088 2149 3153 sistere
2179 3094 2243 3155 in
2276 3099 2536 3171 actuali,
2606 3101 2947 3167 adducunt
2995 3107 3138 3171 loca
3170 3113 3468 3191 quaedam

1910 3209 2282 3286 Augustini,
2335 3216 2743 3291 potissimum
2802 3222 2866 3284 in
2917 3227 3157 3303 quibus
3207 3247 3465 3294 accom-

1914 3323 2223 3388 modatur
2277 3331 2629 3409 appellatio
2696 3337 2964 3416 Justitiae
3032 3346 3346 3421 operibus
3405 3354 3471 3412 et

1916 4029 2123 4100 sariiS,
2186 4036 2250 4091 et
2303 4038 2873 4112 comprehendere
2927 4045 3031 4105 vel
3080 4063 3463 4128 supponere

1918 4143 2238 4223 quidquid
2269 4163 2389 4223 per
2419 4166 2491 4210 se
2524 4154 2875 4230 requiritur
2904 4158 2991 4220 ad
3022 4178 3219 4240 opera
3266 4165 3466 4247 digna

1914 4261 2215 4335 praemio,
2249 4269 2314 4324 et
2358 4268 2685 4346 complete
2719 4272 2914 4349 bona,
2956 4283 3021 4337 et
3066 4278 3239 4339 dona
3287 4280 3471 4344 habi·

1916 4367 2111 4429 tualia
2157 4377 2511 4435 convenire
2557 4393 2710 4439 cum
2774 4384 3142 4447 actualibus
3199 4390 3467 4451 nomine

1918 4485 2226 4564 adjutorii
2300 4491 2731 4572 quandoque,
2765 4500 3066 4575 quamvis
3106 4503 3462 4582 aliquando

1918 4599 2398 4667 discernantur.
2449 4607 2580 4670 Sed
2628 4609 2709 4672 de
2741 4612 2866 4675 hoc
2897 4632 3018 4691 per
3047 4622 3469 4683 occasionem

1916 4725 2360 4795 opportunam
2405 4726 2471 4786 in
2515 4732 2786 4792 materia
2834 4732 2917 4795 de
2951 4735 3472 4816 justificatione;

1917 4833 2020 4896 hic
2053 4840 2230 4899 enim
2272 4843 2487 4920 agitur
2515 4844 2727 4907 solum
2789 4848 2872 4910 de
2921 4851 3198 4931 justitia,
3260 4860 3332 4917 ut
3374 4860 3477 4918 est

1920 4948 2200 5015 effectus
2232 4955 2662 5022 Sacramenti.

2001 5066 2091 5145 (b)
2136 5073 2537 5147 Adprimum
2567 5087 3047 5156 arymnentum,
3083 5091 3210 5149 etc.
3266 5087 3337 5148 In
3368 5105 3473 5150 re-

3622 5131 3705 5182 30.

1920 5185 2291 5259 sponsione
2330 5189 2415 5250 ad
2474 5193 2779 5267 primum,
2843 5196 3039 5262 docet
3082 5202 3343 5276 Doctor,
3404 5205 3472 5266 fi·
3585 5197 3768 5307 rissffim

1924 5298 2076 5359 dein
2141 5307 2207 5361 et
2255 5319 2443 5379 spem
2493 5307 2737 5371 infundi
2798 5314 3011 5384 simul,
3074 5323 3135 5379 et
3197 5321 3473 5398 gratiam
3580 5296 3788 5369 nfundi'

1918 5415 2382 5480 universaliter
2413 5420 2495 5486 in.
2555 5428 2757 5500 prima
2809 5428 3276 5505 justificatione
3323 5452 3475 5514 pec·
3554 5382 3771 5508 sggffime't

1924 5532 2182 5602 catoriS,
2246 5542 2311 5594 et
2370 5538 2709 5612 speciatim
2766 5541 3143 5609 infantibus,
3204 5507 3822 5626 Prtibat,⁰h⁸”¹‘⁰t⁶¹¹¹'

1920 5646 2072 5722 quia
2129 5651 2250 5710 Dei
2264 5653 2564 5727 perfecta
2619 5663 2765 5719 sunt
2808 5676 3035 5738 opera,
3096 5670 3161 5726 et,
3206 5667 3472 5750 quando
