4255 6375
609 2045 680 2093 14.

507 3822 777 3874 Charaeta-

581 3899 690 3934 rem

498 3948 785 4013 ponendum

500 4010 775 4061 secundum

508 4071 777 4122 auctorita-

583 4144 685 4190 tem

502 4202 743 4253 Ecclesiae
753 4242 763 4253 .

822 371 941 433 604

523 533 740 597 August·
817 550 920 601 no
954 531 1044 602 de
1090 530 1509 623 Baptismo
1543 533 1832 603 contra
1853 528 2358 610 Donatistas,

820 648 959 720 lib.
1002 650 1074 719 6.
1167 652 1357 717 Satis
1411 651 1625 716 eluaeit
1690 671 1895 727 ovem,
1979 670 2121 735 quoe
2192 649 2368 731 soris

818 769 1269 834 characterem.
1290 768 1698 832 dominicum
1727 777 2087 851 acceperat,
2100 766 2367 830 venien-

818 895 942 950 tem
982 884 1072 950 ad
1102 886 1379 950 salutem
1409 883 1494 948 ab
1547 904 1774 949 errore
1802 883 2055 968 corriyi
2078 908 2100 961 ,·
2134 883 2368 946 chara-

816 1013 1054 1067 cterem
1094 1012 1310 1066 tamen
1354 1004 1428 1066 in
1460 1022 1537 1065 ea
1587 1001 1992 1064 dominicum
2036 1009 2362 1084 aqnoscct,

818 1138 1005 1203 quem
1043 1117 1307 1203 quidem
1339 1117 1789 1181 characterem
1822 1114 2014 1178 multi
2070 1113 2215 1197 lupi
2264 1113 2370 1177 ln-

810 1235 918 1319 pis
954 1235 1268 1319 insipient,
1300 1235 1414 1319 qni
1440 1235 1618 1297 intus
1684 1232 2017 1296 videntur.
2066 1227 2369 1300 Ibidem

815 1346 1065 1419 etiam
1090 1349 1200 1413 lib.
1256 1350 1312 1414 1.
1350 1349 1430 1413 de
1460 1369 1710 1413 consec.
1739 1346 1979 1415 distat.
2029 1342 2374 1416 ostendi-

829 1468 1007 1535 tul‘:
1042 1467 1230 1530 Sicut
1261 1465 1651 1550 baptizatus,
1688 1465 1750 1528 εἰ
1777 1463 1856 1528 ab
1896 1465 2149 1528 unitate
2177 1482 2376 1526 reces-

827 1583 1017 1657 serit,
1055 1583 1563 1647 Sacramentum
1634 1581 1966 1666 Baptismi
2010 1601 2145 1644 non
2184 1581 2377 1644 antit-

831 1700 912 1763 tit
933 1722 957 1777 ‚·
997 1698 1092 1763 sic
1132 1697 1504 1773 ordinatus,
1551 1698 1669 1761 etsi
1711 1697 2069 1773 recesserit,
2135 1696 2373 1760 Sacra-

825 1821 1113 1875 mentum
1167 1810 1384 1875 dandi
1422 1812 1832 1896 Baptismnm
1905 1831 2039 1874 non
2095 1810 2368 1885 amittit,

831 1927 1009 1991 nulli
1067 1927 1243 1991 enim
1290 1928 1551 2012 injuria
1602 1925 1919 2010 facienda
1959 1938 2072 1991 est.

922 2043 1010 2113 In
1045 2042 1205 2114 ista
1238 2040 1735 2113 auctoritate
1773 2040 2075 2133 pluries
2126 2039 2377 2110 nomi-

828 2161 967 2230 nat
1010 2155 1599 2237 characterem,
1632 2155 1764 2227 sed
1788 2160 2132 2247 apparet
2168 2154 2377 2245 quod

827 2272 1029 2345 nihil
1090 2273 1184 2345 ad
1221 2272 1738 2365 propositum
1803 2272 2239 2345 secundum
2276 2270 2378 2342 si-

829 2391 1443 2481 gnificationem
1492 2389 2026 2469 characteris,
2079 2390 2172 2460 de
2227 2407 2381 2480 qua

828 2506 1266 2599 loquimur,
1325 2505 1512 2596 quia
1551 2505 1768 2585 dicit,
1817 2504 2018 2596 quod
2053 2503 2222 2596 lupi
2265 2503 2382 2573 lu-

837 2622 960 2716 pis
1048 2622 1390 2713 infigunt
1480 2621 2072 2701 characterem,
2174 2618 2381 2712 quod

833 2738 1097 2831 magis
1132 2739 1501 2811 salvatur
1532 2740 1621 2810 de
1658 2741 2188 2812 Sacramento
2238 2738 2383 2810 Ba-

835 2857 1139 2949 ptismi,
1199 2876 1437 2949 quam
1500 2857 1591 2928 de
1635 2855 1907 2947 aliquo
1952 2856 2236 2928 effectu
2304 2856 2381 2928 in

831 2974 1127 3046 anima.
1178 2974 1394 3047 Unde
1474 2974 1765 3066 ubique
1801 2975 1878 3045 in
1921 2973 2060 3044 illa
2101 2976 2382 3046 aucto-

836 3090 1084 3163 ritate
1123 3093 1390 3182 potest
1422 3089 1858 3164 character
1904 3090 2101 3162 bene
2138 3090 2230 3161 ad
2276 3088 2387 3160 in-

828 3206 1277 3280 tentionem
1346 3207 1521 3298 ejus
1581 3207 1839 3299 accipi
1908 3228 2057 3301 pro
2113 3206 2386 3299 Bapti-

828 3342 1029 3404 smo,
1094 3343 1252 3393 non
1313 3323 1596 3396 effectu
1670 3323 2091 3415 Baptismi,
2175 3322 2385 3395 sicut

826 3443 1131 3514 dictum
1167 3446 1289 3513 est
1337 3439 1563 3532 prius
1608 3438 2099 3530 Magistrum
2177 3438 2388 3511 acci-

834 3578 1022 3652 pere
1071 3555 1636 3629 characterem
1701 3555 1782 3626 in
1843 3555 2003 3626 ista
2055 3554 2389 3628 definiti-

838 3695 1009 3756 one,
1051 3694 1197 3766 pro
1242 3673 1513 3745 sorma
1550 3673 1976 3765 Baptismi.

925 3790 1325 3872 Breviter,
1394 3790 1600 3862 sicut
1676 3789 2021 3862 habetur
2099 3794 2384 3861 Eaec-rav.

833 3910 915 3975 de
954 3910 1305 3988 hoereticiS,
1341 3909 1431 3974 ad
1461 3903 2390 3986 abolendam,sentiendum

837 4028 961 4096 est
995 4021 1085 4092 de
1139 4019 1691 4093 Sacramentis
1727 4019 2145 4100 Ecclesiae,
2186 4019 2397 4093 sicut

841 4138 1088 4213 sentit
1132 4139 1505 4210 Romana
1562 4135 1952 4208 Ecclesia.
2023 4137 2396 4208 Romana

830 4261 1102 4329 autem
1139 4253 1503 4327 Ecclesia
1534 4252 1853 4325 videtur
1886 4252 2192 4325 sentire
2215 4251 2392 4324 cha-

839 4379 1251 4446 racterem
1302 4371 1674 4465 imprimi
1722 4372 1799 4442 in
1837 4371 2105 4442 anima
2152 4370 2229 4443 in
2253 4373 2394 4443 Ba-

844 4491 1167 4583 ptismo,
1206 4491 1413 4562 sicut
1446 4489 1643 4561 dicit
1682 4489 2209 4561 Innocentius
2244 4491 2388 4560 III.

844 4610 1179 4679 ExtraV.
1279 4608 1368 4678 de
1476 4604 1925 4697 Baptismo,
2015 4607 2096 4676 et
2213 4605 2392 4697 ejus

825 4725 1140 4804 effectU,
1186 4746 1251 4795 c.
1351 4722 1708 4814 Majores
1760 4747 1774 4790 :
1838 4725 1968 4800 Qui
2002 4725 2152 4806 ficte
2208 4746 2391 4788 acce-

831 4847 931 4911 (lit
974 4846 1063 4910 ad
1110 4847 1548 4931 Baptismnm,
1625 4843 2069 4908 characterem
2112 4826 2392 4926 suscipis

837 4962 1385 5029 Christianitatis
1444 4962 1860 5046 impressum.
1922 4958 2021 5026 Et
2102 4955 2391 5026 ibidem

841 5077 916 5148 in
966 5075 1121 5147 fine
1149 5102 1183 5156 :¹
1239 5074 1420 5143 'J'unc
1467 5077 1915 5142 characterem
1944 5085 2395 5140 sacramen-ta-

849 5198 934 5262 lis
977 5195 1309 5281 imprimit
1338 5194 1659 5277 operatiO,
1708 5213 1849 5256 cum
1883 5191 2125 5256 obicem
2168 5193 2397 5256 volim-

834 5314 993 5379 tatis
1040 5313 1402 5377 contrariae
1468 5330 1594 5373 non
1655 5310 1909 5373 invenit
1958 5308 2392 5373 obsistentem.

848 5429 948 5500 Et
1050 5425 1118 5497 si
1196 5424 1466 5517 prima

1590 5421 2044 5494 auctoritas
2123 5426 2400 5512 posset
2512 5423 2956 5495 immanens
3046 5422 3126 5494 in
3214 5422 3627 5512 suscepto,
3720 5407 3952 5509 ponitur

850 5540 1143 5637 exponi
1181 5538 1540 5614 vocando
1575 5536 2141 5614 characterem
2176 5535 2398 5616 Chri—

1927 368 2073 431 LlB.
2121 370 2221 431 lv,
2254 368 2852 433 SENTENTiARUM

2484 528 2933 601 stianitatis
3084 529 3349 621 ipsum
3479 529 3932 620 Baptismum,

2482 649 2755 718 tamen
2852 647 3219 726 secunda,
3295 666 3473 738 quae
3555 646 3736 720 dicit
3798 650 3940 739 quod

2485 761 3123 834 Sacramentalis
3185 761 3556 853 operatio
3633 762 3945 854 imprimit

2482 877 3072 959 characterem,
3118 876 3442 950 videtur
3489 899 3836 970 expresse
3874 881 3949 951 lo·

2484 996 2616 1086 qui
2653 994 2744 1066 de
2777 993 3282 1078 charactere,
3332 999 3714 1087 tanquam
3747 995 3823 1067 de
3857 998 3952 1070 ali-

2487 1130 2643 1201 quo
2704 1109 3108 1201 impresso
3174 1111 3330 1204 ipsi
3418 1111 3726 1191 animae,
3802 1111 3952 1183 sicut

2483 1226 2897 1318 loquimur
2968 1227 3047 1298 in
3145 1228 3599 1320 proposito.
3686 1228 3954 1319 Propter

2484 1362 2681 1434 ergo
2716 1344 2974 1416 solam
3011 1344 3594 1418 auctoritatem
3629 1345 3954 1423 Ecclesiae.

2489 1465 2877 1553 quantum
2913 1461 3278 1534 occurrit
3321 1461 3414 1532 ad
3467 1481 3828 1553 praesenS,
3865 1468 3952 1534 est

2493 1575 2946 1668 ponendum¹
3020 1576 3588 1650 characterem
3643 1577 3956 1670 imprimi.

2576 1691 2687 1763 Ad
2722 1690 2873 1763 hoc
2925 1696 3198 1764 autem
3234 1692 3423 1783 poni
3477 1696 3798 1784 possunt
3839 1697 3960 1764 tres
4038 1716 4070 1763 a

3990 1777 4050 1824 'stu

2490 1810 3069 1899 congruentiae.
3123 1810 3397 1881 Prima
3431 1809 3649 1889 talis,
3693 1827 3962 1898 congru·
3993 1854 4038 1899 ἓν

2491 1946 2627 1997 um
2659 1929 2782 1998 est
2816 1926 2909 1997 ad
2942 1925 3295 1997 formam
3333 1925 3795 2018 perfectam,
3826 1927 3960 2018 poni
4043 1956 4048 1961 -

2495 2042 2850 2133 aliquam
2885 2041 3505 2136 dispositionem
3546 2068 3562 2123 ;
3601 2043 3845 2133 gratia
3871 2063 3963 2113 au·
3994 2039 4044 2086 Ψ

2495 2166 2656 2235 tem
2726 2159 2996 2231 forma
3073 2163 3194 2231 est
3258 2159 3885 2253 supernaturalis
3913 2166 3966 2231 et

2494 2276 2897 2370 perfecta;
2973 2295 3174 2366 ergo
3236 2277 3619 2367 congruit
3680 2277 3769 2347 ad
3842 2297 3967 2347 eam

2493 2413 2671 2464 esse
2723 2391 3080 2483 aliquam
3154 2391 3762 2483 dispositionem
3833 2411 3972 2483 prae·

2491 2510 2708 2582 viam
2797 2509 3540 2601 supernaturalem
3650 2507 3825 2579 talis
3892 2511 3969 2579 est

2494 2626 2954 2699 character.
3032 2620 3391 2699 Secunda
3477 2624 3972 2717 congruentia.

2498 2743 2684 2835 quia
2717 2742 3099 2834 congruit
3140 2745 3395 2815 Deum
3437 2762 3600 2814 non
3657 2741 3973 2814 instituis-

2496 2881 2580 2931 se
2645 2863 3178 2932 Sacramenta
3246 2878 3483 2939 vana,
3555 2858 3828 2930 saltem
3871 2877 3970 2948 pro

2495 2995 2706 3047 nova
2748 2975 2944 3066 lege,
2987 2996 3162 3067 quae
3218 2972 3582 3067 perfecta
3633 2976 3749 3046 est
3782 2999 3797 3054 ;
3834 2990 3971 3061 ergo

2496 3089 2902 3180 congruit,
2962 3090 3169 3181 quod
3238 3092 3765 3163 Sacramenta
3808 3103 3970 3159 suaa

2499 3207 2723 3279 nullo
2782 3207 3295 3299 recipiantur
3358 3228 3578 3290 vere,
3663 3206 3834 3299 quin
3879 3202 3971 3273 ali-

2501 3344 2736 3416 quem
2775 3323 3154 3396 effectum
3208 3322 3599 3405 habeant;
3680 3322 3799 3394 sed
3859 3339 3970 3391 non

2501 3459 2828 3532 semper
2899 3439 3191 3514 habent
3266 3441 3626 3531 gratia-m
3686 3438 3866 3511 sicut
3915 3434 3966 3505 in

2502 3556 2720 3636 ficto;
2767 3576 2964 3646 ergo
3033 3555 3376 3647 aliquem
3435 3556 3711 3628 alium.
3770 3551 3970 3626 Tertia

2502 3673 3051 3765 congruentia
3101 3676 3253 3754 est,
3300 3672 3486 3764 quia
3528 3669 3873 3763 congruit
3897 3686 3972 3738 re.-

2507 3792 2828 3882 ceptum
2865 3790 2944 3860 in
2980 3785 3378 3860 familiam
3409 3788 3738 3868 Christi,
3769 3783 3968 3857 distin·

2504 3906 2639 3998 gui
2727 3925 2773 3975 a
2853 3925 3011 3977 non
3095 3907 3425 3996 recepto
3517 3924 3664 3997 per
3748 3895 3965 3990 aliquid

2505 4022 3039 4097 intrinsecum
3109 4020 3285 4103 sibi,
3351 4020 3539 4113 quia
3595 4021 3778 4093 licet
3811 4013 3968 4091 Chri-

2505 4144 2678 4212 stus
2741 4142 3014 4231 posset
3080 4136 3588 4228 distinguere
3655 4137 3809 4208 sine
3870 4129 3966 4204 tali

2509 4258 2984 4337 intrinseco,
3050 4260 3325 4328 tamen
3411 4252 3834 4347 perfectior
3882 4253 3961 4320 est

2511 4373 2926 4448 distinctio
2974 4374 3176 4466 ejuS,
3210 4374 3290 4444 et
3333 4373 3414 4443 in
3451 4391 3536 4443 se
3597 4376 3674 4445 et
3713 4370 3785 4442 in
3817 4385 3966 4440 com-

2515 4490 2938 4584 paratione
3010 4489 3105 4561 ad
3177 4506 3498 4558 omnem
3579 4485 3960 4561 Ecclesiam.

2512 4608 3001 4681 militantem
3037 4605 3353 4679 scilicet
3422 4607 3499 4677 et
3556 4598 3964 4695 triumphan-

2510 4728 2698 4803 tem,
2771 4722 2838 4794 si
2882 4721 3023 4794 fiat
3065 4740 3210 4813 per
3268 4718 3628 4811 aliquam
3694 4717 3959 4789 formam

2508 4839 3036 4913 intrinsecam
3100 4840 3587 4918 manentem,
3672 4821 3960 4926 quamsi

2509 4977 2670 5027 non
2722 4955 2836 5028 sic
2882 4955 3046 5027 fiat.
3106 4952 3295 5025 Tale
3337 4957 3616 5025 autem
3665 4939 3960 5024 distincti·

2506 5093 2697 5144 vum
2757 5071 2960 5163 ejus,
3006 5069 3138 5161 qui
3195 5068 3555 5162 suscepit
3598 5072 3962 5143 Sacramen-

2509 5194 2710 5271 tum,
2794 5209 2949 5279 quo
3036 5187 3398 5259 intratur
3495 5187 3580 5257 in
3662 5177 3954 5255 familiam

2513 5304 2849 5387 Christi,
2889 5305 2986 5375 ab
3043 5324 3137 5375 eo
3182 5303 3512 5394 quinon
3556 5294 3882 5388 suscepit,
3905 5289 3952 5356 el

2514 5538 2977 5619 character.
