<?xml version="1.0" encoding="UTF-8"?>
<!DOCTYPE html PUBLIC "-//W3C//DTD XHTML 1.0 Transitional//EN"
    "http://www.w3.org/TR/xhtml1/DTD/xhtml1-transitional.dtd">
<html xmlns="http://www.w3.org/1999/xhtml" xml:lang="en" lang="en">
 <head>
  <title>
</title>
<meta http-equiv="Content-Type" content="text/html;charset=utf-8" />
  <meta name='ocr-system' content='tesseract 3.04.00' />
  <meta name='ocr-capabilities' content='ocr_page ocr_carea ocr_par ocr_line ocrx_word'/>
</head>
<body>
  <div class='ocr_page' id='page_1' title='image "./joannisdunsscot02waddgoog_0452.png"; bbox 0 0 4255 6375; ppageno 0'>
   <div class='ocr_carea' id='block_1_1' title="bbox 846 365 963 424">
    <p class='ocr_par' dir='ltr' id='par_1_1' title="bbox 846 365 963 424">
     <span class='ocr_line' id='line_1_1' title="bbox 846 365 963 424; baseline 0.009 -1"><span class='ocrx_word' id='word_1_1' title='bbox 846 365 963 424; x_wconf 79' lang='lat'><strong>448</strong></span> 
     </span>
    </p>
   </div>
   <div class='ocr_carea' id='block_1_2' title="bbox 859 533 2399 731">
    <p class='ocr_par' dir='ltr' id='par_1_2' title="bbox 859 533 2399 731">
     <span class='ocr_line' id='line_1_2' title="bbox 861 533 2399 620; baseline 0.006 -29"><span class='ocrx_word' id='word_1_2' title='bbox 861 540 1227 612; x_wconf 86' lang='lat' dir='ltr'><strong>acceptatus</strong></span> <span class='ocrx_word' id='word_1_3' title='bbox 1284 535 1438 609; x_wconf 87' lang='lat' dir='ltr'><strong>De0,</strong></span> <span class='ocrx_word' id='word_1_4' title='bbox 1506 533 1761 599; x_wconf 84' lang='lat' dir='ltr'><strong>caeteris</strong></span> <span class='ocrx_word' id='word_1_5' title='bbox 1821 533 2112 620; x_wconf 88' lang='lat' dir='ltr'><strong>paribus,</strong></span> <span class='ocrx_word' id='word_1_6' title='bbox 2198 545 2265 600; x_wconf 89' lang='lat' dir='ltr'><strong>ut</strong></span> <span class='ocrx_word' id='word_1_7' title='bbox 2336 535 2399 600; x_wconf 93' lang='lat' dir='ltr'><strong>in</strong></span> 
     </span>
     <span class='ocr_line' id='line_1_3' title="bbox 859 643 1565 731; baseline 0.008 -23"><span class='ocrx_word' id='word_1_8' title='bbox 859 643 892 729; x_wconf 70' lang='grc' dir='ltr'>Ξ</span> <span class='ocrx_word' id='word_1_9' title='bbox 931 647 1229 731; x_wconf 90' lang='lat' dir='ltr'><strong>sequenti</strong></span> <span class='ocrx_word' id='word_1_10' title='bbox 1273 647 1565 714; x_wconf 80' lang='lat' dir='ltr'><strong>docetur.</strong></span> 
     </span>
    </p>
   </div>
   <div class='ocr_carea' id='block_1_3' title="bbox 561 761 2403 880">
    <p class='ocr_par' dir='ltr' id='par_1_3' title="bbox 561 761 2403 880">
     <span class='ocr_line' id='line_1_4' title="bbox 561 761 2403 880; baseline 0.006 -60"><span class='ocrx_word' id='word_1_11' title='bbox 561 767 771 880; x_wconf 53' lang='lat' dir='ltr'><strong>&#39;reffius</strong></span> <span class='ocrx_word' id='word_1_12' title='bbox 951 761 1047 848; x_wconf 78' lang='lat' dir='ltr'><strong>(g)</strong></span> <span class='ocrx_word' id='word_1_13' title='bbox 1126 763 1342 827; x_wconf 79' lang='lat' dir='ltr'><strong>Tertio</strong></span> <span class='ocrx_word' id='word_1_14' title='bbox 1399 765 1592 828; x_wconf 87' lang='lat' dir='ltr'><strong>modo</strong></span> <span class='ocrx_word' id='word_1_15' title='bbox 1671 766 2152 851; x_wconf 80' lang='lat' dir='ltr'><strong>principaliter</strong></span> <span class='ocrx_word' id='word_1_16' title='bbox 2190 778 2403 851; x_wconf 82' lang='lat' dir='ltr'><strong>potest</strong></span> 
     </span>
    </p>
   </div>
   <div class='ocr_carea' id='block_1_4' title="bbox 511 876 2414 2369">
    <p class='ocr_par' dir='ltr' id='par_1_4' title="bbox 511 876 2414 2369">
     <span class='ocr_line' id='line_1_5' title="bbox 511 876 2402 967; baseline 0.001 -20"><span class='ocrx_word' id='word_1_17' title='bbox 511 897 689 966; x_wconf 57' lang='lat' dir='ltr'><strong>modas</strong></span> <span class='ocrx_word' id='word_1_18' title='bbox 708 891 833 942; x_wconf 78' lang='lat' dir='ltr'><strong>nihil</strong></span> <span class='ocrx_word' id='word_1_19' title='bbox 861 876 1019 956; x_wconf 81' lang='lat' dir='ltr'><strong>dici,</strong></span> <span class='ocrx_word' id='word_1_20' title='bbox 1065 890 1185 942; x_wconf 84' lang='lat' dir='ltr'><strong>ete.</strong></span> <span class='ocrx_word' id='word_1_21' title='bbox 1224 880 1440 945; x_wconf 89' lang='lat' dir='ltr'><strong>Tertio</strong></span> <span class='ocrx_word' id='word_1_22' title='bbox 1497 880 1756 947; x_wconf 85' lang='lat' dir='ltr'><strong>tandem</strong></span> <span class='ocrx_word' id='word_1_23' title='bbox 1790 883 2165 967; x_wconf 82' lang='lat' dir='ltr'><strong>respondet,</strong></span> <span class='ocrx_word' id='word_1_24' title='bbox 2207 903 2402 967; x_wconf 86' lang='lat' dir='ltr'><strong>expo-</strong></span> 
     </span>
     <span class='ocr_line' id='line_1_6' title="bbox 556 971 2405 1084; baseline 0.004 -27"><span class='ocrx_word' id='word_1_25' title='bbox 556 971 782 1071; x_wconf 58' lang='lat' dir='ltr'><strong>‘fflffiff</strong></span> <span class='ocrx_word' id='word_1_26' title='bbox 862 1015 1022 1060; x_wconf 89' lang='lat' dir='ltr'><strong>nens</strong></span> <span class='ocrx_word' id='word_1_27' title='bbox 1062 996 1324 1062; x_wconf 87' lang='lat' dir='ltr'><strong>modum</strong></span> <span class='ocrx_word' id='word_1_28' title='bbox 1384 1018 1512 1084; x_wconf 84' lang='lat' dir='ltr'><strong>quo</strong></span> <span class='ocrx_word' id='word_1_29' title='bbox 1562 996 1736 1064; x_wconf 85' lang='lat' dir='ltr'><strong>lictio</strong></span> <span class='ocrx_word' id='word_1_30' title='bbox 1795 1001 2203 1076; x_wconf 73' lang='lat' dir='ltr'><strong>remittatur,</strong></span> <span class='ocrx_word' id='word_1_31' title='bbox 2246 998 2405 1067; x_wconf 89' lang='lat' dir='ltr'><strong>dicit</strong></span> 
     </span>
     <span class='ocr_line' id='line_1_7' title="bbox 538 1087 2400 1202; baseline 0.003 -26"><span class='ocrx_word' id='word_1_32' title='bbox 538 1087 801 1148; x_wconf 63' lang='lat' dir='ltr'><strong>napinam.</strong></span> <span class='ocrx_word' id='word_1_33' title='bbox 860 1130 1017 1197; x_wconf 85' lang='lat' dir='ltr'><strong>ergo</strong></span> <span class='ocrx_word' id='word_1_34' title='bbox 1063 1111 1234 1198; x_wconf 89' lang='lat' dir='ltr'><strong>quod</strong></span> <span class='ocrx_word' id='word_1_35' title='bbox 1283 1112 1473 1179; x_wconf 79' lang='lat' dir='ltr'><strong>lictus</strong></span> <span class='ocrx_word' id='word_1_36' title='bbox 1507 1116 1834 1200; x_wconf 78' lang='lat' dir='ltr'><strong>poenitens</strong></span> <span class='ocrx_word' id='word_1_37' title='bbox 1867 1117 2094 1202; x_wconf 86' lang='lat' dir='ltr'><strong>recipit</strong></span> <span class='ocrx_word' id='word_1_38' title='bbox 2124 1118 2400 1202; x_wconf 80' lang='lat' dir='ltr'><strong>gratiam</strong></span> 
     </span>
     <span class='ocr_line' id='line_1_8' title="bbox 854 1226 2402 1319; baseline 0.004 -28"><span class='ocrx_word' id='word_1_39' title='bbox 854 1226 1095 1294; x_wconf 89' lang='lat' dir='ltr'><strong>virtute</strong></span> <span class='ocrx_word' id='word_1_40' title='bbox 1155 1228 1584 1314; x_wconf 76' lang='lat' dir='ltr'><strong>poenitentiae,</strong></span> <span class='ocrx_word' id='word_1_41' title='bbox 1649 1252 1763 1316; x_wconf 89' lang='lat' dir='ltr'><strong>per</strong></span> <span class='ocrx_word' id='word_1_42' title='bbox 1819 1253 2012 1319; x_wconf 85' lang='lat' dir='ltr'><strong>quam</strong></span> <span class='ocrx_word' id='word_1_43' title='bbox 2057 1233 2402 1298; x_wconf 87' lang='lat' dir='ltr'><strong>remittun-</strong></span> 
     </span>
     <span class='ocr_line' id='line_1_9' title="bbox 852 1344 2401 1431; baseline 0.004 -24"><span class='ocrx_word' id='word_1_44' title='bbox 852 1354 958 1409; x_wconf 85' lang='lat' dir='ltr'><strong>tur</strong></span> <span class='ocrx_word' id='word_1_45' title='bbox 1001 1344 1059 1408; x_wconf 89' lang='lat' dir='ltr'><strong>ei</strong></span> <span class='ocrx_word' id='word_1_46' title='bbox 1104 1357 1381 1430; x_wconf 79' lang='lat' dir='ltr'><strong>peccata,</strong></span> <span class='ocrx_word' id='word_1_47' title='bbox 1429 1345 1565 1431; x_wconf 90' lang='lat' dir='ltr'><strong>ipsa</strong></span> <span class='ocrx_word' id='word_1_48' title='bbox 1628 1345 1803 1413; x_wconf 78' lang='lat' dir='ltr'><strong>fictio</strong></span> <span class='ocrx_word' id='word_1_49' title='bbox 1844 1347 2114 1426; x_wconf 78' lang='lat' dir='ltr'><strong>directe,</strong></span> <span class='ocrx_word' id='word_1_50' title='bbox 2170 1360 2401 1415; x_wconf 82' lang='lat' dir='ltr'><strong>caetera</strong></span> 
     </span>
     <span class='ocr_line' id='line_1_10' title="bbox 849 1460 2405 1552; baseline 0.003 -27"><span class='ocrx_word' id='word_1_51' title='bbox 849 1481 1006 1525; x_wconf 81' lang='lat' dir='ltr'><strong>vero</strong></span> <span class='ocrx_word' id='word_1_52' title='bbox 1084 1460 1395 1526; x_wconf 87' lang='lat' dir='ltr'><strong>indirecte</strong></span> <span class='ocrx_word' id='word_1_53' title='bbox 1461 1485 1476 1539; x_wconf 86' lang='lat'>;</span> <span class='ocrx_word' id='word_1_54' title='bbox 1544 1463 1784 1529; x_wconf 89' lang='lat' dir='ltr'><strong>nullam</strong></span> <span class='ocrx_word' id='word_1_55' title='bbox 1849 1477 2063 1530; x_wconf 89' lang='lat' dir='ltr'><strong>autem</strong></span> <span class='ocrx_word' id='word_1_56' title='bbox 2127 1465 2405 1552; x_wconf 83' lang='lat' dir='ltr'><strong>gratiam</strong></span> 
     </span>
     <span class='ocr_line' id='line_1_11' title="bbox 851 1576 2410 1669; baseline 0.003 -28"><span class='ocrx_word' id='word_1_57' title='bbox 851 1576 1079 1662; x_wconf 87' lang='lat' dir='ltr'><strong>recipit</strong></span> <span class='ocrx_word' id='word_1_58' title='bbox 1141 1579 1381 1645; x_wconf 89' lang='lat' dir='ltr'><strong>virtute</strong></span> <span class='ocrx_word' id='word_1_59' title='bbox 1439 1580 1748 1665; x_wconf 90' lang='lat' dir='ltr'><strong>Baptismi</strong></span> <span class='ocrx_word' id='word_1_60' title='bbox 1818 1582 2085 1667; x_wconf 82' lang='lat' dir='ltr'><strong>recepti,</strong></span> <span class='ocrx_word' id='word_1_61' title='bbox 2132 1581 2282 1669; x_wconf 85' lang='lat' dir='ltr'><strong>quia</strong></span> <span class='ocrx_word' id='word_1_62' title='bbox 2313 1582 2410 1646; x_wconf 92' lang='lat' dir='ltr'><strong>in-</strong></span> 
     </span>
     <span class='ocr_line' id='line_1_12' title="bbox 851 1694 2404 1794; baseline 0.003 -35"><span class='ocrx_word' id='word_1_63' title='bbox 851 1694 1049 1780; x_wconf 85' lang='lat' dir='ltr'><strong>digne</strong></span> <span class='ocrx_word' id='word_1_64' title='bbox 1087 1697 1351 1794; x_wconf 81' lang='lat' dir='ltr'><strong>recepit.</strong></span> <span class='ocrx_word' id='word_1_65' title='bbox 1409 1702 1539 1765; x_wconf 88' lang='lat' dir='ltr'><strong>Nec</strong></span> <span class='ocrx_word' id='word_1_66' title='bbox 1577 1711 1676 1764; x_wconf 83' lang='lat' dir='ltr'><strong>est</strong></span> <span class='ocrx_word' id='word_1_67' title='bbox 1737 1698 2119 1778; x_wconf 89' lang='lat' dir='ltr'><strong>verisimile,</strong></span> <span class='ocrx_word' id='word_1_68' title='bbox 2168 1699 2404 1785; x_wconf 85' lang='lat' dir='ltr'><strong>inquit,</strong></span> 
     </span>
     <span class='ocr_line' id='line_1_13' title="bbox 852 1813 2403 1901; baseline 0 -21"><span class='ocrx_word' id='word_1_69' title='bbox 852 1813 1062 1901; x_wconf 89' lang='lat' dir='ltr'><strong>quoad</strong></span> <span class='ocrx_word' id='word_1_70' title='bbox 1097 1813 1436 1898; x_wconf 87' lang='lat' dir='ltr'><strong>poenitenti</strong></span> <span class='ocrx_word' id='word_1_71' title='bbox 1477 1834 1670 1899; x_wconf 74' lang='lat' dir='ltr'><strong>aeque</strong></span> <span class='ocrx_word' id='word_1_72' title='bbox 1719 1814 1798 1880; x_wconf 91' lang='lat' dir='ltr'><strong>de</strong></span> <span class='ocrx_word' id='word_1_73' title='bbox 1851 1814 2078 1880; x_wconf 86' lang='lat' dir='ltr'><strong>eodem</strong></span> <span class='ocrx_word' id='word_1_74' title='bbox 2144 1828 2403 1900; x_wconf 87' lang='lat' dir='ltr'><strong>peccato</strong></span> 
     </span>
     <span class='ocr_line' id='line_1_14' title="bbox 854 1930 2411 2017; baseline -0.001 -20"><span class='ocrx_word' id='word_1_75' title='bbox 854 1931 1065 2017; x_wconf 89' lang='lat' dir='ltr'><strong>quoad</strong></span> <span class='ocrx_word' id='word_1_76' title='bbox 1132 1931 1440 1997; x_wconf 87' lang='lat' dir='ltr'><strong>malitiam</strong></span> <span class='ocrx_word' id='word_1_77' title='bbox 1501 1932 1565 1996; x_wconf 92' lang='lat' dir='ltr'><strong>in</strong></span> <span class='ocrx_word' id='word_1_78' title='bbox 1639 1930 2004 2009; x_wconf 86' lang='lat' dir='ltr'><strong>individu0,</strong></span> <span class='ocrx_word' id='word_1_79' title='bbox 2077 1942 2143 1996; x_wconf 90' lang='lat' dir='ltr'><strong>et</strong></span> <span class='ocrx_word' id='word_1_80' title='bbox 2193 1930 2411 2016; x_wconf 84' lang='lat' dir='ltr'><strong>specie</strong></span> 
     </span>
     <span class='ocr_line' id='line_1_15' title="bbox 866 2046 2413 2135; baseline -0.001 -22"><span class='ocrx_word' id='word_1_81' title='bbox 866 2060 1179 2135; x_wconf 90' lang='lat' dir='ltr'><strong>quantum</strong></span> <span class='ocrx_word' id='word_1_82' title='bbox 1205 2047 1283 2113; x_wconf 93' lang='lat' dir='ltr'><strong>ad</strong></span> <span class='ocrx_word' id='word_1_83' title='bbox 1318 2048 1635 2112; x_wconf 88' lang='lat' dir='ltr'><strong>rationem</strong></span> <span class='ocrx_word' id='word_1_84' title='bbox 1678 2047 2123 2124; x_wconf 81' lang='lat' dir='ltr'><strong>intrinsecam,</strong></span> <span class='ocrx_word' id='word_1_85' title='bbox 2162 2046 2413 2113; x_wconf 87' lang='lat' dir='ltr'><strong>scilicet</strong></span> 
     </span>
     <span class='ocr_line' id='line_1_16' title="bbox 858 2159 2414 2250; baseline -0.002 -22"><span class='ocrx_word' id='word_1_86' title='bbox 858 2177 1005 2250; x_wconf 90' lang='lat' dir='ltr'><strong>post</strong></span> <span class='ocrx_word' id='word_1_87' title='bbox 1057 2164 1456 2250; x_wconf 88' lang='lat' dir='ltr'><strong>Baptismum</strong></span> <span class='ocrx_word' id='word_1_88' title='bbox 1519 2164 1640 2227; x_wconf 90' lang='lat' dir='ltr'><strong>rite</strong></span> <span class='ocrx_word' id='word_1_89' title='bbox 1697 2175 2097 2247; x_wconf 88' lang='lat' dir='ltr'><strong>susceptum,</strong></span> <span class='ocrx_word' id='word_1_90' title='bbox 2155 2159 2414 2249; x_wconf 85' lang='lat' dir='ltr'><strong>quando</strong></span> 
     </span>
     <span class='ocr_line' id='line_1_17' title="bbox 859 2275 2414 2369; baseline -0.004 -23"><span class='ocrx_word' id='word_1_91' title='bbox 859 2282 1080 2369; x_wconf 88' lang='lat' dir='ltr'><strong>lapsus</strong></span> <span class='ocrx_word' id='word_1_92' title='bbox 1112 2294 1233 2359; x_wconf 91' lang='lat' dir='ltr'><strong>est,</strong></span> <span class='ocrx_word' id='word_1_93' title='bbox 1280 2303 1408 2346; x_wconf 92' lang='lat' dir='ltr'><strong>non</strong></span> <span class='ocrx_word' id='word_1_94' title='bbox 1451 2281 1643 2347; x_wconf 88' lang='lat' dir='ltr'><strong>detur</strong></span> <span class='ocrx_word' id='word_1_95' title='bbox 1683 2279 1910 2346; x_wconf 89' lang='lat' dir='ltr'><strong>eadem</strong></span> <span class='ocrx_word' id='word_1_96' title='bbox 1964 2278 2196 2364; x_wconf 85' lang='lat' dir='ltr'><strong>gratia.</strong></span> <span class='ocrx_word' id='word_1_97' title='bbox 2261 2275 2414 2363; x_wconf 82' lang='lat' dir='ltr'><strong>quia</strong></span> 
     </span>
    </p>
   </div>
   <div class='ocr_carea' id='block_1_5' title="bbox 857 2395 2415 2594">
    <p class='ocr_par' dir='ltr' id='par_1_5' title="bbox 857 2395 2415 2594">
     <span class='ocr_line' id='line_1_18' title="bbox 857 2395 2413 2485; baseline -0.003 -21"><span class='ocrx_word' id='word_1_98' title='bbox 857 2399 1005 2464; x_wconf 90' lang='lat' dir='ltr'><strong>licet</strong></span> <span class='ocrx_word' id='word_1_99' title='bbox 1061 2399 1280 2484; x_wconf 83' lang='lat' dir='ltr'><strong>lapsus</strong></span> <span class='ocrx_word' id='word_1_100' title='bbox 1314 2411 1458 2485; x_wconf 85' lang='lat' dir='ltr'><strong>post</strong></span> <span class='ocrx_word' id='word_1_101' title='bbox 1500 2398 1903 2485; x_wconf 87' lang='lat' dir='ltr'><strong>Baptismum</strong></span> <span class='ocrx_word' id='word_1_102' title='bbox 1954 2416 2046 2483; x_wconf 89' lang='lat' dir='ltr'><strong>qu</strong></span> <span class='ocrx_word' id='word_1_103' title='bbox 2071 2408 2295 2461; x_wconf 86' lang='lat' dir='ltr'><strong>antum</strong></span> <span class='ocrx_word' id='word_1_104' title='bbox 2335 2395 2413 2460; x_wconf 89' lang='lat' dir='ltr'><strong>ad</strong></span> 
     </span>
     <span class='ocr_line' id='line_1_19' title="bbox 861 2503 2415 2594; baseline -0.002 -22"><span class='ocrx_word' id='word_1_105' title='bbox 861 2506 1108 2593; x_wconf 89' lang='lat' dir='ltr'><strong>aliquid</strong></span> <span class='ocrx_word' id='word_1_106' title='bbox 1204 2508 1475 2593; x_wconf 85' lang='lat' dir='ltr'><strong>gravius</strong></span> <span class='ocrx_word' id='word_1_107' title='bbox 1586 2507 1900 2594; x_wconf 87' lang='lat' dir='ltr'><strong>peccavit,</strong></span> <span class='ocrx_word' id='word_1_108' title='bbox 2011 2503 2260 2570; x_wconf 91' lang='lat' dir='ltr'><strong>scilicet</strong></span> <span class='ocrx_word' id='word_1_109' title='bbox 2332 2504 2415 2569; x_wconf 92' lang='lat' dir='ltr'><strong>ob</strong></span> 
     </span>
    </p>
   </div>
   <div class='ocr_carea' id='block_1_6' title="bbox 514 2619 2425 5626">
    <p class='ocr_par' dir='ltr' id='par_1_6' title="bbox 557 2619 2418 3156">
     <span class='ocr_line' id='line_1_20' title="bbox 862 2619 2417 2708; baseline -0.002 -22"><span class='ocrx_word' id='word_1_110' title='bbox 862 2621 1421 2708; x_wconf 85' lang='lat' dir='ltr'><strong>ingratitudinem,</strong></span> <span class='ocrx_word' id='word_1_111' title='bbox 1479 2634 1548 2687; x_wconf 89' lang='lat' dir='ltr'><strong>ut</strong></span> <span class='ocrx_word' id='word_1_112' title='bbox 1613 2621 1899 2707; x_wconf 83' lang='lat' dir='ltr'><strong>explicat</strong></span> <span class='ocrx_word' id='word_1_113' title='bbox 1959 2619 2125 2685; x_wconf 79' lang='lat' dir='ltr'><strong>infra</strong></span> <span class='ocrx_word' id='word_1_114' title='bbox 2185 2623 2417 2685; x_wconf 88' lang='lat' dir='ltr'><strong>Doctor</strong></span> 
     </span>
     <span class='ocr_line' id='line_1_21' title="bbox 863 2736 2415 2826; baseline -0.003 -21"><span class='ocrx_word' id='word_1_115' title='bbox 863 2739 1020 2805; x_wconf 81' lang='lat' dir='ltr'><strong>dist.</strong></span> <span class='ocrx_word' id='word_1_116' title='bbox 1107 2743 1214 2807; x_wconf 73' lang='lat'><strong>22.</strong></span> <span class='ocrx_word' id='word_1_117' title='bbox 1287 2751 1510 2826; x_wconf 51' lang='lat' dir='ltr'><strong>quast.</strong></span> <span class='ocrx_word' id='word_1_118' title='bbox 1583 2741 1762 2804; x_wconf 78' lang='lat' dir='ltr'><strong>unic.</strong></span> <span class='ocrx_word' id='word_1_119' title='bbox 1827 2749 1890 2803; x_wconf 89' lang='lat' dir='ltr'><strong>et</strong></span> <span class='ocrx_word' id='word_1_120' title='bbox 1963 2736 2415 2803; x_wconf 88' lang='lat' dir='ltr'><strong>Tridentinum</strong></span> 
     </span>
     <span class='ocr_line' id='line_1_22' title="bbox 860 2852 2416 2942; baseline -0.001 -23"><span class='ocrx_word' id='word_1_121' title='bbox 860 2876 1015 2921; x_wconf 69' lang='lat' dir='ltr'><strong>sesa.</strong></span> <span class='ocrx_word' id='word_1_122' title='bbox 1065 2859 1169 2922; x_wconf 74' lang='lat'><strong>14.</strong></span> <span class='ocrx_word' id='word_1_123' title='bbox 1205 2878 1350 2942; x_wconf 83' lang='lat' dir='ltr'><strong>cap.</strong></span> <span class='ocrx_word' id='word_1_124' title='bbox 1409 2860 1469 2922; x_wconf 84' lang='lat'><strong>1.</strong></span> <span class='ocrx_word' id='word_1_125' title='bbox 1517 2867 1578 2920; x_wconf 84' lang='lat' dir='ltr'><strong>ct</strong></span> <span class='ocrx_word' id='word_1_126' title='bbox 1645 2858 1711 2921; x_wconf 74' lang='grc' dir='ltr'><strong>Ξ.</strong></span> <span class='ocrx_word' id='word_1_127' title='bbox 1773 2867 1989 2919; x_wconf 90' lang='lat' dir='ltr'><strong>tamen</strong></span> <span class='ocrx_word' id='word_1_128' title='bbox 2041 2852 2231 2918; x_wconf 74' lang='lat' dir='ltr'><strong>fictus</strong></span> <span class='ocrx_word' id='word_1_129' title='bbox 2271 2871 2416 2937; x_wconf 85' lang='lat' dir='ltr'><strong>gra·</strong></span> 
     </span>
     <span class='ocr_line' id='line_1_23' title="bbox 557 2969 2418 3058; baseline -0.003 -20"><span class='ocrx_word' id='word_1_130' title='bbox 557 2971 788 3023; x_wconf 80' lang='lat' dir='ltr'><strong>Trident.</strong></span> <span class='ocrx_word' id='word_1_131' title='bbox 864 2973 1014 3039; x_wconf 88' lang='lat' dir='ltr'><strong>vius</strong></span> <span class='ocrx_word' id='word_1_132' title='bbox 1066 2974 1356 3058; x_wconf 83' lang='lat' dir='ltr'><strong>peccavit</strong></span> <span class='ocrx_word' id='word_1_133' title='bbox 1401 2972 1483 3037; x_wconf 87' lang='lat' dir='ltr'><strong>ob</strong></span> <span class='ocrx_word' id='word_1_134' title='bbox 1542 2970 1962 3058; x_wconf 89' lang='lat' dir='ltr'><strong>sacrilegium</strong></span> <span class='ocrx_word' id='word_1_135' title='bbox 1993 2969 2418 3036; x_wconf 88' lang='lat' dir='ltr'><strong>commissum</strong></span> 
     </span>
     <span class='ocr_line' id='line_1_24' title="bbox 869 3090 1488 3156; baseline 0 -2"><span class='ocrx_word' id='word_1_136' title='bbox 869 3090 931 3155; x_wconf 90' lang='lat' dir='ltr'><strong>in</strong></span> <span class='ocrx_word' id='word_1_137' title='bbox 974 3093 1488 3156; x_wconf 87' lang='lat' dir='ltr'><strong>Sacramentum.</strong></span> 
     </span>
    </p>

    <p class='ocr_par' dir='ltr' id='par_1_7' title="bbox 514 3205 2425 5502">
     <span class='ocr_line' id='line_1_25' title="bbox 952 3205 2418 3296; baseline -0.004 -22"><span class='ocrx_word' id='word_1_138' title='bbox 952 3210 1026 3274; x_wconf 87' lang='lat' dir='ltr'><strong>Et</strong></span> <span class='ocrx_word' id='word_1_139' title='bbox 1089 3208 1143 3274; x_wconf 94' lang='lat' dir='ltr'><strong>si</strong></span> <span class='ocrx_word' id='word_1_140' title='bbox 1189 3208 1489 3296; x_wconf 79' lang='lat' dir='ltr'><strong>objiciaS,</strong></span> <span class='ocrx_word' id='word_1_141' title='bbox 1528 3207 1700 3294; x_wconf 90' lang='lat' dir='ltr'><strong>quod</strong></span> <span class='ocrx_word' id='word_1_142' title='bbox 1734 3206 2104 3292; x_wconf 85' lang='lat' dir='ltr'><strong>Baptismus</strong></span> <span class='ocrx_word' id='word_1_143' title='bbox 2154 3205 2247 3271; x_wconf 90' lang='lat' dir='ltr'><strong>sic</strong></span> <span class='ocrx_word' id='word_1_144' title='bbox 2290 3224 2418 3269; x_wconf 94' lang='lat' dir='ltr'><strong>non</strong></span> 
     </span>
     <span class='ocr_line' id='line_1_26' title="bbox 868 3321 2425 3409; baseline -0.002 -21"><span class='ocrx_word' id='word_1_145' title='bbox 868 3323 1113 3390; x_wconf 87' lang='lat' dir='ltr'><strong>valeret</strong></span> <span class='ocrx_word' id='word_1_146' title='bbox 1159 3345 1474 3389; x_wconf 89' lang='lat' dir='ltr'><strong>converso</strong></span> <span class='ocrx_word' id='word_1_147' title='bbox 1513 3323 1590 3388; x_wconf 91' lang='lat' dir='ltr'><strong>ad</strong></span> <span class='ocrx_word' id='word_1_148' title='bbox 1661 3324 1961 3389; x_wconf 87' lang='lat' dir='ltr'><strong>salutem.</strong></span> <span class='ocrx_word' id='word_1_149' title='bbox 2047 3321 2425 3409; x_wconf 84' lang='lat' dir='ltr'><strong>Respondet</strong></span> 
     </span>
     <span class='ocr_line' id='line_1_27' title="bbox 534 3417 2417 3544; baseline -0.002 -36"><span class='ocrx_word' id='word_1_150' title='bbox 534 3417 816 3544; x_wconf 55' lang='grc' dir='ltr'><strong>ξῗξζξῃζῗζ</strong></span> <span class='ocrx_word' id='word_1_151' title='bbox 869 3441 1085 3507; x_wconf 88' lang='lat' dir='ltr'><strong>valere</strong></span> <span class='ocrx_word' id='word_1_152' title='bbox 1119 3462 1244 3507; x_wconf 87' lang='lat' dir='ltr'><strong>non</strong></span> <span class='ocrx_word' id='word_1_153' title='bbox 1287 3440 1495 3528; x_wconf 90' lang='lat' dir='ltr'><strong>quoad</strong></span> <span class='ocrx_word' id='word_1_154' title='bbox 1537 3440 1841 3525; x_wconf 78' lang='lat' dir='ltr'><strong>gratiam,</strong></span> <span class='ocrx_word' id='word_1_155' title='bbox 1878 3437 1990 3504; x_wconf 90' lang='lat' dir='ltr'><strong>sed</strong></span> <span class='ocrx_word' id='word_1_156' title='bbox 2031 3438 2182 3525; x_wconf 88' lang='lat' dir='ltr'><strong>quia</strong></span> <span class='ocrx_word' id='word_1_157' title='bbox 2215 3437 2417 3504; x_wconf 78' lang='lat' dir='ltr'><strong>adini-</strong></span> 
     </span>
     <span class='ocr_line' id='line_1_28' title="bbox 540 3540 2418 3646; baseline -0.003 -21"><span class='ocrx_word' id='word_1_158' title='bbox 540 3540 802 3608; x_wconf 73' lang='lat' dir='ltr'><strong>praecepti.</strong></span> <span class='ocrx_word' id='word_1_159' title='bbox 869 3557 1070 3645; x_wconf 90' lang='lat' dir='ltr'><strong>plevit</strong></span> <span class='ocrx_word' id='word_1_160' title='bbox 1094 3570 1514 3645; x_wconf 78' lang='lat' dir='ltr'><strong>praeceptum,</strong></span> <span class='ocrx_word' id='word_1_161' title='bbox 1552 3579 1700 3646; x_wconf 82' lang='lat' dir='ltr'><strong>quae</strong></span> <span class='ocrx_word' id='word_1_162' title='bbox 1726 3555 2100 3641; x_wconf 88' lang='lat' dir='ltr'><strong>adimpletio</strong></span> <span class='ocrx_word' id='word_1_163' title='bbox 2135 3555 2256 3641; x_wconf 89' lang='lat' dir='ltr'><strong>ipsi</strong></span> <span class='ocrx_word' id='word_1_164' title='bbox 2292 3576 2418 3621; x_wconf 92' lang='lat' dir='ltr'><strong>non</strong></span> 
     </span>
     <span class='ocr_line' id='line_1_29' title="bbox 865 3670 2417 3759; baseline -0.002 -22"><span class='ocrx_word' id='word_1_165' title='bbox 865 3672 1036 3739; x_wconf 88' lang='lat' dir='ltr'><strong>valet</strong></span> <span class='ocrx_word' id='word_1_166' title='bbox 1077 3674 1285 3759; x_wconf 89' lang='lat' dir='ltr'><strong>quoad</strong></span> <span class='ocrx_word' id='word_1_167' title='bbox 1324 3672 1626 3751; x_wconf 88' lang='lat' dir='ltr'><strong>salutem,</strong></span> <span class='ocrx_word' id='word_1_168' title='bbox 1662 3672 1787 3739; x_wconf 91' lang='lat' dir='ltr'><strong>nisi</strong></span> <span class='ocrx_word' id='word_1_169' title='bbox 1823 3693 1935 3759; x_wconf 88' lang='lat' dir='ltr'><strong>per</strong></span> <span class='ocrx_word' id='word_1_170' title='bbox 1967 3670 2417 3758; x_wconf 91' lang='lat' dir='ltr'><strong>poenitentiam</strong></span> 
     </span>
     <span class='ocr_line' id='line_1_30' title="bbox 865 3788 2419 3877; baseline -0.003 -20"><span class='ocrx_word' id='word_1_171' title='bbox 865 3803 929 3858; x_wconf 88' lang='lat' dir='ltr'><strong>et</strong></span> <span class='ocrx_word' id='word_1_172' title='bbox 977 3789 1049 3856; x_wconf 83' lang='lat' dir='ltr'><strong>fit</strong></span> <span class='ocrx_word' id='word_1_173' title='bbox 1116 3788 1291 3857; x_wconf 83' lang='lat' dir='ltr'><strong>filius</strong></span> <span class='ocrx_word' id='word_1_174' title='bbox 1335 3791 1550 3877; x_wconf 86' lang='lat' dir='ltr'><strong>regni,</strong></span> <span class='ocrx_word' id='word_1_175' title='bbox 1587 3804 1650 3856; x_wconf 91' lang='lat' dir='ltr'><strong>et</strong></span> <span class='ocrx_word' id='word_1_176' title='bbox 1691 3789 1974 3876; x_wconf 90' lang='lat' dir='ltr'><strong>amplius</strong></span> <span class='ocrx_word' id='word_1_177' title='bbox 2007 3809 2137 3854; x_wconf 91' lang='lat' dir='ltr'><strong>non</strong></span> <span class='ocrx_word' id='word_1_178' title='bbox 2193 3788 2419 3873; x_wconf 86' lang='lat' dir='ltr'><strong>alliga-</strong></span> 
     </span>
     <span class='ocr_line' id='line_1_31' title="bbox 862 3884 2422 3995; baseline -0.003 -22"><span class='ocrx_word' id='word_1_179' title='bbox 862 3918 970 3975; x_wconf 90' lang='lat' dir='ltr'><strong>tur</strong></span> <span class='ocrx_word' id='word_1_180' title='bbox 991 3921 1321 3995; x_wconf 85' lang='lat' dir='ltr'><strong>praecepto</strong></span> <span class='ocrx_word' id='word_1_181' title='bbox 1366 3908 1711 3995; x_wconf 79' lang='lat' dir='ltr'><strong>Baptismi:</strong></span> <span class='ocrx_word' id='word_1_182' title='bbox 1742 3908 1826 3972; x_wconf 86' lang='lat' dir='ltr'><strong>Et</strong></span> <span class='ocrx_word' id='word_1_183' title='bbox 1848 3909 1967 3973; x_wconf 84' lang='lat' dir='ltr'><strong>hoc</strong></span> <span class='ocrx_word' id='word_1_184' title='bbox 1998 3917 2179 3984; x_wconf 83' lang='lat' dir='ltr'><strong>nota,</strong></span> <span class='ocrx_word' id='word_1_185' title='bbox 2210 3884 2422 3991; x_wconf 82' lang='lat' dir='ltr'><strong>inquit</strong></span> 
     </span>
     <span class='ocr_line' id='line_1_32' title="bbox 863 4022 2422 4110; baseline -0.004 -20"><span class='ocrx_word' id='word_1_186' title='bbox 863 4024 1040 4110; x_wconf 82' lang='lat' dir='ltr'><strong>quod</strong></span> <span class='ocrx_word' id='word_1_187' title='bbox 1096 4025 1454 4091; x_wconf 78' lang='lat' dir='ltr'><strong>actualiter</strong></span> <span class='ocrx_word' id='word_1_188' title='bbox 1524 4044 1812 4110; x_wconf 83' lang='lat' dir='ltr'><strong>peccans</strong></span> <span class='ocrx_word' id='word_1_189' title='bbox 1881 4022 2255 4087; x_wconf 76' lang='lat' dir='ltr'><strong>mortaliter</strong></span> <span class='ocrx_word' id='word_1_190' title='bbox 2347 4022 2422 4084; x_wconf 80' lang='lat' dir='ltr'><strong>in</strong></span> 
     </span>
     <span class='ocr_line' id='line_1_33' title="bbox 863 4137 2423 4223; baseline -0.003 -17"><span class='ocrx_word' id='word_1_191' title='bbox 863 4141 1024 4219; x_wconf 81' lang='lat' dir='ltr'><strong>alic,</strong></span> <span class='ocrx_word' id='word_1_192' title='bbox 1086 4142 1225 4205; x_wconf 75' lang='lat' dir='ltr'><strong>sive</strong></span> <span class='ocrx_word' id='word_1_193' title='bbox 1296 4142 1369 4206; x_wconf 79' lang='lat' dir='ltr'><strong>in</strong></span> <span class='ocrx_word' id='word_1_194' title='bbox 1438 4140 1558 4205; x_wconf 84' lang='lat' dir='ltr'><strong>illo</strong></span> <span class='ocrx_word' id='word_1_195' title='bbox 1627 4150 1801 4222; x_wconf 80' lang='lat' dir='ltr'><strong>actu,</strong></span> <span class='ocrx_word' id='word_1_196' title='bbox 1861 4148 2068 4223; x_wconf 81' lang='lat' dir='ltr'><strong>potest</strong></span> <span class='ocrx_word' id='word_1_197' title='bbox 2148 4137 2423 4222; x_wconf 85' lang='lat' dir='ltr'><strong>implere</strong></span> 
     </span>
     <span class='ocr_line' id='line_1_34' title="bbox 860 4253 2422 4344; baseline -0.004 -21"><span class='ocrx_word' id='word_1_198' title='bbox 860 4268 1262 4344; x_wconf 72' lang='lat' dir='ltr'><strong>praeceptum</strong></span> <span class='ocrx_word' id='word_1_199' title='bbox 1336 4258 1833 4341; x_wconf 68' lang='lat' dir='ltr'><strong>affirmativum</strong></span> <span class='ocrx_word' id='word_1_200' title='bbox 1891 4255 2091 4319; x_wconf 83' lang='lat' dir='ltr'><strong>etiam</strong></span> <span class='ocrx_word' id='word_1_201' title='bbox 2148 4255 2222 4318; x_wconf 83' lang='lat' dir='ltr'><strong>in</strong></span> <span class='ocrx_word' id='word_1_202' title='bbox 2302 4253 2422 4318; x_wconf 87' lang='lat' dir='ltr'><strong>illo</strong></span> 
     </span>
     <span class='ocr_line' id='line_1_35' title="bbox 557 4355 2419 4473; baseline -0.003 -35"><span class='ocrx_word' id='word_1_203' title='bbox 557 4355 786 4473; x_wconf 48' lang='lat' dir='ltr'><strong>Iffggffffi·</strong></span> <span class='ocrx_word' id='word_1_204' title='bbox 864 4384 1036 4439; x_wconf 82' lang='lat' dir='ltr'><strong>actu.</strong></span> <span class='ocrx_word' id='word_1_205' title='bbox 1110 4376 1261 4439; x_wconf 83' lang='lat' dir='ltr'><strong>Haec</strong></span> <span class='ocrx_word' id='word_1_206' title='bbox 1301 4372 1522 4458; x_wconf 79' lang='lat' dir='ltr'><strong>regula</strong></span> <span class='ocrx_word' id='word_1_207' title='bbox 1597 4382 1771 4457; x_wconf 90' lang='lat' dir='ltr'><strong>patet</strong></span> <span class='ocrx_word' id='word_1_208' title='bbox 1823 4370 1884 4435; x_wconf 95' lang='lat' dir='ltr'><strong>in</strong></span> <span class='ocrx_word' id='word_1_209' title='bbox 1939 4368 2244 4456; x_wconf 73' lang='lat' dir='ltr'><strong>praesenti</strong></span> <span class='ocrx_word' id='word_1_210' title='bbox 2289 4387 2419 4432; x_wconf 92' lang='lat' dir='ltr'><strong>ma-</strong></span> 
     </span>
     <span class='ocr_line' id='line_1_36' title="bbox 514 4482 2418 4577; baseline -0.004 -19"><span class='ocrx_word' id='word_1_211' title='bbox 514 4482 669 4533; x_wconf 73' lang='lat' dir='ltr'><strong>Ratio</strong></span> <span class='ocrx_word' id='word_1_212' title='bbox 691 4484 817 4549; x_wconf 74' lang='lat' dir='ltr'><strong>ejus,</strong></span> <span class='ocrx_word' id='word_1_213' title='bbox 861 4490 1047 4573; x_wconf 90' lang='lat' dir='ltr'><strong>teria,</strong></span> <span class='ocrx_word' id='word_1_214' title='bbox 1082 4489 1233 4577; x_wconf 90' lang='lat' dir='ltr'><strong>quia</strong></span> <span class='ocrx_word' id='word_1_215' title='bbox 1301 4490 1490 4556; x_wconf 87' lang='lat' dir='ltr'><strong>fictus</strong></span> <span class='ocrx_word' id='word_1_216' title='bbox 1575 4487 1954 4574; x_wconf 86' lang='lat' dir='ltr'><strong>adimplevit</strong></span> <span class='ocrx_word' id='word_1_217' title='bbox 1994 4497 2418 4572; x_wconf 88' lang='lat' dir='ltr'><strong>praeceptum,</strong></span> 
     </span>
     <span class='ocr_line' id='line_1_37' title="bbox 859 4600 2422 4694; baseline -0.003 -22"><span class='ocrx_word' id='word_1_218' title='bbox 859 4617 1034 4694; x_wconf 89' lang='lat' dir='ltr'><strong>patet</strong></span> <span class='ocrx_word' id='word_1_219' title='bbox 1065 4606 1257 4672; x_wconf 89' lang='lat' dir='ltr'><strong>etiam</strong></span> <span class='ocrx_word' id='word_1_220' title='bbox 1285 4606 1555 4682; x_wconf 87' lang='lat' dir='ltr'><strong>ratione,</strong></span> <span class='ocrx_word' id='word_1_221' title='bbox 1593 4604 1750 4691; x_wconf 90' lang='lat' dir='ltr'><strong>quia</strong></span> <span class='ocrx_word' id='word_1_222' title='bbox 1810 4614 2210 4691; x_wconf 79' lang='lat' dir='ltr'><strong>praeceptum</strong></span> <span class='ocrx_word' id='word_1_223' title='bbox 2250 4600 2422 4668; x_wconf 79' lang='lat' dir='ltr'><strong>affir-</strong></span> 
     </span>
     <span class='ocr_line' id='line_1_38' title="bbox 857 4719 2424 4809; baseline -0.001 -20"><span class='ocrx_word' id='word_1_224' title='bbox 857 4723 1172 4791; x_wconf 89' lang='lat' dir='ltr'><strong>mativum</strong></span> <span class='ocrx_word' id='word_1_225' title='bbox 1253 4722 1646 4789; x_wconf 89' lang='lat' dir='ltr'><strong>determinat</strong></span> <span class='ocrx_word' id='word_1_226' title='bbox 1692 4732 1906 4788; x_wconf 90' lang='lat' dir='ltr'><strong>actum</strong></span> <span class='ocrx_word' id='word_1_227' title='bbox 1972 4719 2182 4809; x_wconf 90' lang='lat' dir='ltr'><strong>quoad</strong></span> <span class='ocrx_word' id='word_1_228' title='bbox 2265 4722 2424 4787; x_wconf 91' lang='lat' dir='ltr'><strong>sub-</strong></span> 
     </span>
     <span class='ocr_line' id='line_1_39' title="bbox 854 4836 2421 4926; baseline -0.002 -20"><span class='ocrx_word' id='word_1_229' title='bbox 854 4840 1183 4918; x_wconf 83' lang='lat' dir='ltr'><strong>stantiam,</strong></span> <span class='ocrx_word' id='word_1_230' title='bbox 1245 4857 1373 4905; x_wconf 91' lang='lat' dir='ltr'><strong>non</strong></span> <span class='ocrx_word' id='word_1_231' title='bbox 1415 4860 1571 4906; x_wconf 82' lang='lat' dir='ltr'><strong>vero</strong></span> <span class='ocrx_word' id='word_1_232' title='bbox 1617 4838 1826 4926; x_wconf 90' lang='lat' dir='ltr'><strong>quoad</strong></span> <span class='ocrx_word' id='word_1_233' title='bbox 1860 4838 2056 4905; x_wconf 83' lang='lat' dir='ltr'><strong>finem</strong></span> <span class='ocrx_word' id='word_1_234' title='bbox 2107 4836 2421 4903; x_wconf 85' lang='lat' dir='ltr'><strong>extrinse-</strong></span> 
     </span>
     <span class='ocr_line' id='line_1_40' title="bbox 855 4951 2420 5040; baseline -0.001 -20"><span class='ocrx_word' id='word_1_235' title='bbox 855 4976 1029 5034; x_wconf 92' lang='lat' dir='ltr'><strong>cum,</strong></span> <span class='ocrx_word' id='word_1_236' title='bbox 1085 4966 1196 5021; x_wconf 88' lang='lat' dir='ltr'><strong>aut</strong></span> <span class='ocrx_word' id='word_1_237' title='bbox 1240 4951 1401 5021; x_wconf 87' lang='lat' dir='ltr'><strong>alias</strong></span> <span class='ocrx_word' id='word_1_238' title='bbox 1455 4952 2006 5035; x_wconf 87' lang='lat' dir='ltr'><strong>circumstantias,</strong></span> <span class='ocrx_word' id='word_1_239' title='bbox 2051 4973 2199 5040; x_wconf 85' lang='lat' dir='ltr'><strong>quae</strong></span> <span class='ocrx_word' id='word_1_240' title='bbox 2239 4974 2420 5040; x_wconf 90' lang='lat' dir='ltr'><strong>sepa-</strong></span> 
     </span>
     <span class='ocr_line' id='line_1_41' title="bbox 856 5055 2422 5158; baseline -0.001 -21"><span class='ocrx_word' id='word_1_241' title='bbox 856 5072 993 5138; x_wconf 89' lang='lat' dir='ltr'><strong>rari</strong></span> <span class='ocrx_word' id='word_1_242' title='bbox 1085 5055 1358 5158; x_wconf 83' lang='lat' dir='ltr'><strong>possunt</strong></span> <span class='ocrx_word' id='word_1_243' title='bbox 1415 5092 1451 5137; x_wconf 90' lang='lat' dir='ltr'><strong>a</strong></span> <span class='ocrx_word' id='word_1_244' title='bbox 1502 5072 1868 5138; x_wconf 86' lang='lat' dir='ltr'><strong>substantia</strong></span> <span class='ocrx_word' id='word_1_245' title='bbox 1941 5084 2148 5150; x_wconf 82' lang='lat' dir='ltr'><strong>actuS,</strong></span> <span class='ocrx_word' id='word_1_246' title='bbox 2232 5082 2422 5157; x_wconf 84' lang='lat' dir='ltr'><strong>prout</strong></span> 
     </span>
     <span class='ocr_line' id='line_1_42' title="bbox 850 5187 2419 5274; baseline -0.002 -20"><span class='ocrx_word' id='word_1_247' title='bbox 850 5187 1022 5254; x_wconf 89' lang='lat' dir='ltr'><strong>cadit</strong></span> <span class='ocrx_word' id='word_1_248' title='bbox 1087 5188 1232 5254; x_wconf 83' lang='lat' dir='ltr'><strong>sub·</strong></span> <span class='ocrx_word' id='word_1_249' title='bbox 1279 5200 1654 5274; x_wconf 86' lang='lat' dir='ltr'><strong>praecepto;</strong></span> <span class='ocrx_word' id='word_1_250' title='bbox 1699 5189 1855 5254; x_wconf 87' lang='lat' dir='ltr'><strong>hinc</strong></span> <span class='ocrx_word' id='word_1_251' title='bbox 1928 5187 2419 5255; x_wconf 86' lang='lat' dir='ltr'><strong>communicans</strong></span> 
     </span>
     <span class='ocr_line' id='line_1_43' title="bbox 856 5304 2415 5393; baseline 0.001 -21"><span class='ocrx_word' id='word_1_252' title='bbox 856 5305 1173 5392; x_wconf 85' lang='lat' dir='ltr'><strong>sacrilege</strong></span> <span class='ocrx_word' id='word_1_253' title='bbox 1229 5305 1295 5371; x_wconf 89' lang='lat' dir='ltr'><strong>in</strong></span> <span class='ocrx_word' id='word_1_254' title='bbox 1359 5305 1671 5372; x_wconf 86' lang='lat' dir='ltr'><strong>Paschate</strong></span> <span class='ocrx_word' id='word_1_255' title='bbox 1731 5304 2046 5372; x_wconf 81' lang='lat' dir='ltr'><strong>satisfacit</strong></span> <span class='ocrx_word' id='word_1_256' title='bbox 2094 5317 2415 5393; x_wconf 74' lang='lat' dir='ltr'><strong>pvaecepto</strong></span> 
     </span>
     <span class='ocr_line' id='line_1_44' title="bbox 855 5422 2414 5502; baseline 0 -14"><span class='ocrx_word' id='word_1_257' title='bbox 855 5422 1186 5502; x_wconf 76' lang='lat' dir='ltr'><strong>Ecclesiae,</strong></span> <span class='ocrx_word' id='word_1_258' title='bbox 1226 5436 1296 5488; x_wconf 92' lang='lat' dir='ltr'><strong>ut</strong></span> <span class='ocrx_word' id='word_1_259' title='bbox 1342 5422 1755 5489; x_wconf 89' lang='lat' dir='ltr'><strong>communior</strong></span> <span class='ocrx_word' id='word_1_260' title='bbox 1778 5429 1951 5488; x_wconf 89' lang='lat' dir='ltr'><strong>tenet</strong></span> <span class='ocrx_word' id='word_1_261' title='bbox 1987 5442 2135 5488; x_wconf 90' lang='lat' dir='ltr'><strong>cum</strong></span> <span class='ocrx_word' id='word_1_262' title='bbox 2182 5425 2414 5490; x_wconf 87' lang='lat' dir='ltr'><strong>Covar-</strong></span> 
     </span>
    </p>

    <p class='ocr_par' dir='ltr' id='par_1_8' title="bbox 857 5538 1906 5626">
     <span class='ocr_line' id='line_1_45' title="bbox 857 5538 1906 5626; baseline 0.003 -23"><span class='ocrx_word' id='word_1_263' title='bbox 857 5538 1046 5603; x_wconf 88' lang='lat' dir='ltr'><strong>ruvia</strong></span> <span class='ocrx_word' id='word_1_264' title='bbox 1103 5540 1175 5604; x_wconf 81' lang='lat' dir='ltr'><strong>in</strong></span> <span class='ocrx_word' id='word_1_265' title='bbox 1224 5560 1370 5626; x_wconf 87' lang='lat' dir='ltr'><strong>cap.</strong></span> <span class='ocrx_word' id='word_1_266' title='bbox 1426 5540 1622 5605; x_wconf 84' lang='lat' dir='ltr'><strong>Alma</strong></span> <span class='ocrx_word' id='word_1_267' title='bbox 1672 5551 1906 5606; x_wconf 85' lang='lat' dir='ltr'><strong>mater.</strong></span> 
     </span>
    </p>
   </div>
   <div class='ocr_carea' id='block_1_7' title="bbox 515 3288 833 3405">
    <p class='ocr_par' dir='ltr' id='par_1_9' title="bbox 515 3288 833 3405">
     <span class='ocr_line' id='line_1_46' title="bbox 515 3288 833 3358; baseline -0.013 -16"><span class='ocrx_word' id='word_1_268' title='bbox 515 3288 833 3358; x_wconf 52' lang='lat' dir='ltr'><strong>Baptismum</strong></span> 
     </span>
     <span class='ocr_line' id='line_1_47' title="bbox 590 3356 756 3405; baseline 0 -2"><span class='ocrx_word' id='word_1_269' title='bbox 590 3356 756 3405; x_wconf 73' lang='lat' dir='ltr'><strong>valere</strong></span> 
     </span>
    </p>
   </div>
   <div class='ocr_carea' id='block_1_8' title="bbox 2017 370 2951 439">
    <p class='ocr_par' dir='ltr' id='par_1_10' title="bbox 2017 370 2951 439">
     <span class='ocr_line' id='line_1_48' title="bbox 2017 370 2951 439; baseline 0.002 -3"><span class='ocrx_word' id='word_1_270' title='bbox 2017 373 2192 436; x_wconf 57' lang='lat'>312113.</span> <span class='ocrx_word' id='word_1_271' title='bbox 2224 374 2327 435; x_wconf 81' lang='lat' dir='ltr'><strong>lv,</strong></span> <span class='ocrx_word' id='word_1_272' title='bbox 2356 370 2951 439; x_wconf 75' lang='lat' dir='ltr'><strong>SENTENTIARUM</strong></span> 
     </span>
    </p>
   </div>
   <div class='ocr_carea' id='block_1_9' title="bbox 2513 534 4032 5626">
    <p class='ocr_par' dir='ltr' id='par_1_11' title="bbox 2513 534 4032 4226">
     <span class='ocr_line' id='line_1_49' title="bbox 2601 534 3948 618; baseline -0.003 -18"><span class='ocrx_word' id='word_1_273' title='bbox 2601 536 2776 601; x_wconf 87' lang='lat' dir='ltr'><strong>Hanc</strong></span> <span class='ocrx_word' id='word_1_274' title='bbox 2820 539 3235 616; x_wconf 86' lang='lat' dir='ltr'><strong>sententiam,</strong></span> <span class='ocrx_word' id='word_1_275' title='bbox 3319 559 3441 603; x_wconf 90' lang='lat' dir='ltr'><strong>seu</strong></span> <span class='ocrx_word' id='word_1_276' title='bbox 3522 534 3758 600; x_wconf 90' lang='lat' dir='ltr'><strong>modum</strong></span> <span class='ocrx_word' id='word_1_277' title='bbox 3810 535 3948 618; x_wconf 77' lang='lat' dir='ltr'><strong>expli·</strong></span> 
     </span>
     <span class='ocr_line' id='line_1_50' title="bbox 2513 650 3955 741; baseline -0.001 -25"><span class='ocrx_word' id='word_1_278' title='bbox 2513 653 2726 727; x_wconf 83' lang='lat' dir='ltr'><strong>candi,</strong></span> <span class='ocrx_word' id='word_1_279' title='bbox 2790 656 3087 741; x_wconf 88' lang='lat' dir='ltr'><strong>sequitur</strong></span> <span class='ocrx_word' id='word_1_280' title='bbox 3153 653 3407 720; x_wconf 86' lang='lat' dir='ltr'><strong>Gabriel</strong></span> <span class='ocrx_word' id='word_1_281' title='bbox 3450 666 3747 740; x_wconf 87' lang='lat' dir='ltr'><strong>quantum</strong></span> <span class='ocrx_word' id='word_1_282' title='bbox 3813 650 3870 714; x_wconf 83' lang='lat' dir='ltr'><strong>ad</strong></span> <span class='ocrx_word' id='word_1_283' title='bbox 3903 652 3955 715; x_wconf 82' lang='lat' dir='ltr'><strong>el·</strong></span> 
     </span>
     <span class='ocr_line' id='line_1_51' title="bbox 2517 768 4003 858; baseline -0.001 -24"><span class='ocrx_word' id='word_1_284' title='bbox 2517 770 2752 835; x_wconf 80' lang='lat' dir='ltr'><strong>fectum</strong></span> <span class='ocrx_word' id='word_1_285' title='bbox 2813 772 3068 857; x_wconf 83' lang='lat' dir='ltr'><strong>gratiae,</strong></span> <span class='ocrx_word' id='word_1_286' title='bbox 3146 785 3211 838; x_wconf 89' lang='lat' dir='ltr'><strong>et</strong></span> <span class='ocrx_word' id='word_1_287' title='bbox 3267 770 3714 838; x_wconf 88' lang='lat' dir='ltr'><strong>remissionem</strong></span> <span class='ocrx_word' id='word_1_288' title='bbox 3772 768 4003 858; x_wconf 50' lang='lat' dir='ltr'><strong>actualisf</strong></span> 
     </span>
     <span class='ocr_line' id='line_1_52' title="bbox 2514 873 4020 994; baseline -0.002 -41"><span class='ocrx_word' id='word_1_289' title='bbox 2514 887 2747 973; x_wconf 80' lang='lat' dir='ltr'><strong>culpae.</strong></span> <span class='ocrx_word' id='word_1_290' title='bbox 2787 890 3074 975; x_wconf 79' lang='lat' dir='ltr'><strong>Angelus</strong></span> <span class='ocrx_word' id='word_1_291' title='bbox 3096 891 3288 955; x_wconf 84' lang='lat' dir='ltr'><strong>verbo</strong></span> <span class='ocrx_word' id='word_1_292' title='bbox 3320 890 3714 975; x_wconf 69' lang='lat' dir='ltr'><strong>BaptismuS,</strong></span> <span class='ocrx_word' id='word_1_293' title='bbox 3739 886 3960 952; x_wconf 68' lang='lat' dir='ltr'><strong>Adrianus</strong></span> <span class='ocrx_word' id='word_1_294' title='bbox 3984 873 4020 994; x_wconf 51' lang='lat' dir='ltr'><strong>s}</strong></span> 
     </span>
     <span class='ocr_line' id='line_1_53' title="bbox 2515 997 4019 1092; baseline -0.001 -23"><span class='ocrx_word' id='word_1_295' title='bbox 2515 1006 2589 1071; x_wconf 84' lang='lat' dir='ltr'><strong>in</strong></span> <span class='ocrx_word' id='word_1_296' title='bbox 2619 1010 2682 1071; x_wconf 72' lang='lat'><strong>4.</strong></span> <span class='ocrx_word' id='word_1_297' title='bbox 2730 1017 2954 1092; x_wconf 78' lang='lat' dir='ltr'><strong>quoest.</strong></span> <span class='ocrx_word' id='word_1_298' title='bbox 3028 1011 3090 1072; x_wconf 82' lang='lat'><strong>5.</strong></span> <span class='ocrx_word' id='word_1_299' title='bbox 3128 1007 3209 1071; x_wconf 83' lang='lat' dir='ltr'><strong>de</strong></span> <span class='ocrx_word' id='word_1_300' title='bbox 3270 1008 3728 1091; x_wconf 66' lang='lat' dir='ltr'><strong>Confessione.</strong></span> <span class='ocrx_word' id='word_1_301' title='bbox 3766 1005 3961 1088; x_wconf 53' lang='lat' dir='ltr'><strong>vasquez</strong></span> <span class='ocrx_word' id='word_1_302' title='bbox 4016 997 4019 1004; x_wconf 46' lang='lat'><strong>⁴</strong></span> 
     </span>
     <span class='ocr_line' id='line_1_54' title="bbox 2516 1122 4021 1210; baseline -0.003 -24"><span class='ocrx_word' id='word_1_303' title='bbox 2516 1143 2662 1208; x_wconf 85' lang='lat' dir='ltr'><strong>cap.</strong></span> <span class='ocrx_word' id='word_1_304' title='bbox 2727 1128 2791 1189; x_wconf 76' lang='lat'><strong>4.</strong></span> <span class='ocrx_word' id='word_1_305' title='bbox 2861 1124 3180 1190; x_wconf 82' lang='lat' dir='ltr'><strong>etGlossa</strong></span> <span class='ocrx_word' id='word_1_306' title='bbox 3250 1127 3317 1188; x_wconf 79' lang='lat' dir='ltr'><strong>in</strong></span> <span class='ocrx_word' id='word_1_307' title='bbox 3370 1145 3529 1208; x_wconf 85' lang='lat' dir='ltr'><strong>cap.</strong></span> <span class='ocrx_word' id='word_1_308' title='bbox 3595 1123 3757 1186; x_wconf 80' lang='lat' dir='ltr'><strong>Tunc</strong></span> <span class='ocrx_word' id='word_1_309' title='bbox 3807 1122 3967 1210; x_wconf 41' lang='lat' dir='ltr'><strong>mter»,</strong></span> <span class='ocrx_word' id='word_1_310' title='bbox 4020 1195 4021 1198; x_wconf 8' lang='grc' dir='ltr'><strong>Ἴ</strong></span> 
     </span>
     <span class='ocr_line' id='line_1_55' title="bbox 2518 1237 3969 1318; baseline -0.003 -15"><span class='ocrx_word' id='word_1_311' title='bbox 2518 1240 2599 1303; x_wconf 86' lang='lat' dir='ltr'><strong>de</strong></span> <span class='ocrx_word' id='word_1_312' title='bbox 2663 1242 3174 1318; x_wconf 80' lang='lat' dir='ltr'><strong>consecratione,</strong></span> <span class='ocrx_word' id='word_1_313' title='bbox 3276 1240 3432 1305; x_wconf 80' lang='lat' dir='ltr'><strong>dist.</strong></span> <span class='ocrx_word' id='word_1_314' title='bbox 3511 1243 3577 1303; x_wconf 76' lang='lat'><strong>4.</strong></span> <span class='ocrx_word' id='word_1_315' title='bbox 3647 1238 3751 1303; x_wconf 79' lang='lat' dir='ltr'><strong>nic</strong></span> <span class='ocrx_word' id='word_1_316' title='bbox 3822 1237 3969 1300; x_wconf 51' lang='lat' dir='ltr'><strong>modu?</strong></span> 
     </span>
     <span class='ocr_line' id='line_1_56' title="bbox 2517 1352 3974 1444; baseline -0.003 -24"><span class='ocrx_word' id='word_1_317' title='bbox 2517 1354 2768 1420; x_wconf 90' lang='lat' dir='ltr'><strong>dicendi</strong></span> <span class='ocrx_word' id='word_1_318' title='bbox 2804 1357 3114 1442; x_wconf 89' lang='lat' dir='ltr'><strong>applicari</strong></span> <span class='ocrx_word' id='word_1_319' title='bbox 3159 1367 3371 1442; x_wconf 90' lang='lat' dir='ltr'><strong>potest</strong></span> <span class='ocrx_word' id='word_1_320' title='bbox 3402 1352 3865 1444; x_wconf 74' lang='lat' dir='ltr'><strong>auctoritatibus</strong></span> <span class='ocrx_word' id='word_1_321' title='bbox 3894 1357 3974 1415; x_wconf 71' lang='lat' dir='ltr'><strong>Au-</strong></span> 
     </span>
     <span class='ocr_line' id='line_1_57' title="bbox 2520 1473 3979 1561; baseline -0.005 -23"><span class='ocrx_word' id='word_1_322' title='bbox 2520 1473 2794 1558; x_wconf 89' lang='lat' dir='ltr'><strong>gustini,</strong></span> <span class='ocrx_word' id='word_1_323' title='bbox 2867 1476 2975 1561; x_wconf 89' lang='lat' dir='ltr'><strong>qui</strong></span> <span class='ocrx_word' id='word_1_324' title='bbox 3040 1475 3153 1540; x_wconf 83' lang='lat' dir='ltr'><strong>lib.</strong></span> <span class='ocrx_word' id='word_1_325' title='bbox 3214 1480 3272 1542; x_wconf 87' lang='grc'><strong>1.</strong></span> <span class='ocrx_word' id='word_1_326' title='bbox 3318 1474 3401 1540; x_wconf 84' lang='lat' dir='ltr'><strong>de</strong></span> <span class='ocrx_word' id='word_1_327' title='bbox 3482 1475 3829 1558; x_wconf 75' lang='lat' dir='ltr'><strong>Baptismo,</strong></span> <span class='ocrx_word' id='word_1_328' title='bbox 3889 1493 3979 1554; x_wconf 75' lang='lat' dir='ltr'><strong>cap.</strong></span> 
     </span>
     <span class='ocr_line' id='line_1_58' title="bbox 2525 1577 3981 1666; baseline -0.003 -21"><span class='ocrx_word' id='word_1_329' title='bbox 2525 1584 2628 1646; x_wconf 71' lang='lat'><strong>12.</strong></span> <span class='ocrx_word' id='word_1_330' title='bbox 2678 1582 2818 1646; x_wconf 84' lang='lat' dir='ltr'><strong>loco</strong></span> <span class='ocrx_word' id='word_1_331' title='bbox 2865 1583 3088 1660; x_wconf 83' lang='lat' dir='ltr'><strong>citato,</strong></span> <span class='ocrx_word' id='word_1_332' title='bbox 3145 1582 3301 1648; x_wconf 91' lang='lat' dir='ltr'><strong>dicit</strong></span> <span class='ocrx_word' id='word_1_333' title='bbox 3361 1582 3751 1666; x_wconf 83' lang='lat' dir='ltr'><strong>baptizatum</strong></span> <span class='ocrx_word' id='word_1_334' title='bbox 3781 1577 3893 1643; x_wconf 79' lang='lat' dir='ltr'><strong>ficte</strong></span> <span class='ocrx_word' id='word_1_335' title='bbox 3914 1581 3981 1662; x_wconf 70' lang='lat' dir='ltr'><strong>pia</strong></span> 
     </span>
     <span class='ocr_line' id='line_1_59' title="bbox 2519 1685 3982 1775; baseline -0.001 -19"><span class='ocrx_word' id='word_1_336' title='bbox 2519 1685 2946 1772; x_wconf 63' lang='lat' dir='ltr'><strong>correction-e,</strong></span> <span class='ocrx_word' id='word_1_337' title='bbox 2984 1693 3046 1758; x_wconf 91' lang='lat' dir='ltr'><strong>id</strong></span> <span class='ocrx_word' id='word_1_338' title='bbox 3115 1706 3233 1771; x_wconf 91' lang='lat' dir='ltr'><strong>est,</strong></span> <span class='ocrx_word' id='word_1_339' title='bbox 3288 1693 3723 1759; x_wconf 82' lang='lat' dir='ltr'><strong>conversione</strong></span> <span class='ocrx_word' id='word_1_340' title='bbox 3773 1711 3867 1775; x_wconf 80' lang='lat' dir='ltr'><strong>per</strong></span> <span class='ocrx_word' id='word_1_341' title='bbox 3900 1712 3982 1773; x_wconf 74' lang='lat' dir='ltr'><strong>poe·</strong></span> 
     </span>
     <span class='ocr_line' id='line_1_60' title="bbox 2526 1807 3982 1895; baseline -0.003 -23"><span class='ocrx_word' id='word_1_342' title='bbox 2526 1809 2887 1883; x_wconf 84' lang='lat' dir='ltr'><strong>nitentiam,</strong></span> <span class='ocrx_word' id='word_1_343' title='bbox 2953 1822 3012 1874; x_wconf 82' lang='lat' dir='ltr'><strong>et</strong></span> <span class='ocrx_word' id='word_1_344' title='bbox 3071 1832 3225 1875; x_wconf 79' lang='lat' dir='ltr'><strong>vera</strong></span> <span class='ocrx_word' id='word_1_345' title='bbox 3274 1811 3689 1895; x_wconf 71' lang='lat' dir='ltr'><strong>consessione</strong></span> <span class='ocrx_word' id='word_1_346' title='bbox 3742 1807 3982 1891; x_wconf 70' lang='lat' dir='ltr'><strong>pitryari:</strong></span> 
     </span>
     <span class='ocr_line' id='line_1_61' title="bbox 2526 1919 4025 2014; baseline -0.003 -25"><span class='ocrx_word' id='word_1_347' title='bbox 2526 1927 2699 2010; x_wconf 78' lang='lat' dir='ltr'><strong>quod</strong></span> <span class='ocrx_word' id='word_1_348' title='bbox 2748 1948 2881 1992; x_wconf 79' lang='lat' dir='ltr'><strong>non</strong></span> <span class='ocrx_word' id='word_1_349' title='bbox 2939 1938 3175 2012; x_wconf 81' lang='lat' dir='ltr'><strong>posset,</strong></span> <span class='ocrx_word' id='word_1_350' title='bbox 3222 1927 3456 2014; x_wconf 89' lang='lat' dir='ltr'><strong>inquit,</strong></span> <span class='ocrx_word' id='word_1_351' title='bbox 3536 1923 3789 2010; x_wconf 84' lang='lat' dir='ltr'><strong>(supple</strong></span> <span class='ocrx_word' id='word_1_352' title='bbox 3813 1923 3981 1988; x_wconf 66' lang='lat' dir='ltr'><strong>confes·</strong></span> <span class='ocrx_word' id='word_1_353' title='bbox 4024 1919 4025 1926; x_wconf 74' lang='grc'>’</span> 
     </span>
     <span class='ocr_line' id='line_1_62' title="bbox 2526 2042 3980 2127; baseline -0.006 -16"><span class='ocrx_word' id='word_1_354' title='bbox 2526 2046 2624 2112; x_wconf 92' lang='lat' dir='ltr'><strong>sio</strong></span> <span class='ocrx_word' id='word_1_355' title='bbox 2681 2058 2741 2110; x_wconf 90' lang='lat' dir='ltr'><strong>et</strong></span> <span class='ocrx_word' id='word_1_356' title='bbox 2809 2045 3183 2120; x_wconf 86' lang='lat' dir='ltr'><strong>correctio)</strong></span> <span class='ocrx_word' id='word_1_357' title='bbox 3232 2046 3377 2109; x_wconf 77' lang='lat' dir='ltr'><strong>sine</strong></span> <span class='ocrx_word' id='word_1_358' title='bbox 3476 2043 3823 2127; x_wconf 76' lang='lat' dir='ltr'><strong>BaptismO,</strong></span> <span class='ocrx_word' id='word_1_359' title='bbox 3893 2042 3980 2124; x_wconf 80' lang='lat' dir='ltr'><strong>quia</strong></span> 
     </span>
     <span class='ocr_line' id='line_1_63' title="bbox 2528 2155 3983 2246; baseline -0.004 -22"><span class='ocrx_word' id='word_1_360' title='bbox 2528 2180 2762 2246; x_wconf 89' lang='lat' dir='ltr'><strong>nempe</strong></span> <span class='ocrx_word' id='word_1_361' title='bbox 2831 2181 2956 2224; x_wconf 92' lang='lat' dir='ltr'><strong>non</strong></span> <span class='ocrx_word' id='word_1_362' title='bbox 3026 2169 3197 2225; x_wconf 86' lang='lat' dir='ltr'><strong>esset</strong></span> <span class='ocrx_word' id='word_1_363' title='bbox 3254 2179 3459 2245; x_wconf 83' lang='lat' dir='ltr'><strong>capax</strong></span> <span class='ocrx_word' id='word_1_364' title='bbox 3521 2155 3909 2223; x_wconf 76' lang='lat' dir='ltr'><strong>confessionis</strong></span> <span class='ocrx_word' id='word_1_365' title='bbox 3950 2171 3983 2218; x_wconf 65' lang='lat' dir='ltr'><strong>a</strong></span> 
     </span>
     <span class='ocr_line' id='line_1_64' title="bbox 2533 2271 3985 2354; baseline -0.007 -12"><span class='ocrx_word' id='word_1_366' title='bbox 2533 2276 2936 2342; x_wconf 88' lang='lat' dir='ltr'><strong>Sacramenti</strong></span> <span class='ocrx_word' id='word_1_367' title='bbox 2987 2275 3420 2354; x_wconf 78' lang='lat' dir='ltr'><strong>Poenitentiae‚</strong></span> <span class='ocrx_word' id='word_1_368' title='bbox 3493 2274 3622 2339; x_wconf 92' lang='lat' dir='ltr'><strong>nisi</strong></span> <span class='ocrx_word' id='word_1_369' title='bbox 3724 2278 3873 2339; x_wconf 82' lang='lat' dir='ltr'><strong>esset</strong></span> <span class='ocrx_word' id='word_1_370' title='bbox 3926 2271 3985 2333; x_wconf 69' lang='lat' dir='ltr'><strong>ba-</strong></span> 
     </span>
     <span class='ocr_line' id='line_1_65' title="bbox 2529 2381 4028 2490; baseline -0.005 -31"><span class='ocrx_word' id='word_1_371' title='bbox 2529 2393 2846 2480; x_wconf 86' lang='lat' dir='ltr'><strong>ptizatus;</strong></span> <span class='ocrx_word' id='word_1_372' title='bbox 2916 2406 2981 2458; x_wconf 91' lang='lat' dir='ltr'><strong>et</strong></span> <span class='ocrx_word' id='word_1_373' title='bbox 3046 2392 3324 2458; x_wconf 89' lang='lat' dir='ltr'><strong>subdit:</strong></span> <span class='ocrx_word' id='word_1_374' title='bbox 3401 2392 3517 2457; x_wconf 84' lang='lat' dir='ltr'><strong>sed</strong></span> <span class='ocrx_word' id='word_1_375' title='bbox 3611 2403 3815 2456; x_wconf 83' lang='lat' dir='ltr'><strong>tamen</strong></span> <span class='ocrx_word' id='word_1_376' title='bbox 3883 2381 4028 2490; x_wconf 64' lang='lat' dir='ltr'><strong>‹1de</strong></span> 
     </span>
     <span class='ocr_line' id='line_1_66' title="bbox 2531 2505 3985 2595; baseline -0.006 -22"><span class='ocrx_word' id='word_1_377' title='bbox 2531 2521 2683 2574; x_wconf 82' lang='lat' dir='ltr'><strong>ante</strong></span> <span class='ocrx_word' id='word_1_378' title='bbox 2719 2520 2811 2574; x_wconf 81' lang='lat' dir='ltr'><strong>est</strong></span> <span class='ocrx_word' id='word_1_379' title='bbox 2878 2511 2898 2591; x_wconf 93' lang='lat'><strong>(</strong></span> <span class='ocrx_word' id='word_1_380' title='bbox 2937 2508 3172 2595; x_wconf 88' lang='lat' dir='ltr'><strong>supple</strong></span> <span class='ocrx_word' id='word_1_381' title='bbox 3223 2508 3607 2594; x_wconf 88' lang='lat' dir='ltr'><strong>Baptisma),</strong></span> <span class='ocrx_word' id='word_1_382' title='bbox 3666 2518 3809 2571; x_wconf 80' lang='lat' dir='ltr'><strong>tunc</strong></span> <span class='ocrx_word' id='word_1_383' title='bbox 3848 2505 3985 2568; x_wconf 70' lang='lat' dir='ltr'><strong>mim</strong></span> 
     </span>
     <span class='ocr_line' id='line_1_67' title="bbox 2530 2622 3983 2708; baseline -0.007 -18"><span class='ocrx_word' id='word_1_384' title='bbox 2530 2626 2821 2708; x_wconf 79' lang='lat' dir='ltr'><strong>incipiat</strong></span> <span class='ocrx_word' id='word_1_385' title='bbox 2849 2623 2940 2689; x_wconf 87' lang='lat' dir='ltr'><strong>ad</strong></span> <span class='ocrx_word' id='word_1_386' title='bbox 2978 2626 3283 2701; x_wconf 82' lang='lat' dir='ltr'><strong>salutem,</strong></span> <span class='ocrx_word' id='word_1_387' title='bbox 3320 2623 3617 2688; x_wconf 76' lang='lat' dir='ltr'><strong>camilla</strong></span> <span class='ocrx_word' id='word_1_388' title='bbox 3652 2622 3823 2704; x_wconf 81' lang='lat' dir='ltr'><strong>fictio</strong></span> <span class='ocrx_word' id='word_1_389' title='bbox 3868 2639 3983 2682; x_wconf 74' lang='lat' dir='ltr'><strong>reru-</strong></span> 
     </span>
     <span class='ocr_line' id='line_1_68' title="bbox 2531 2732 3986 2824; baseline -0.008 -19"><span class='ocrx_word' id='word_1_390' title='bbox 2531 2743 2595 2805; x_wconf 86' lang='lat' dir='ltr'><strong>ci</strong></span> <span class='ocrx_word' id='word_1_391' title='bbox 2649 2741 3069 2824; x_wconf 74' lang='lat' dir='ltr'><strong>confessione</strong></span> <span class='ocrx_word' id='word_1_392' title='bbox 3122 2741 3486 2805; x_wconf 63' lang='lat' dir='ltr'><strong>recesserit.</strong></span> <span class='ocrx_word' id='word_1_393' title='bbox 3536 2738 3780 2814; x_wconf 86' lang='lat' dir='ltr'><strong>Quibus</strong></span> <span class='ocrx_word' id='word_1_394' title='bbox 3848 2732 3986 2799; x_wconf 51' lang='lat' dir='ltr'><strong>vertis</strong></span> 
     </span>
     <span class='ocr_line' id='line_1_69' title="bbox 2529 2851 3983 2925; baseline -0.008 -1"><span class='ocrx_word' id='word_1_395' title='bbox 2529 2859 2649 2924; x_wconf 90' lang='lat' dir='ltr'><strong>soli</strong></span> <span class='ocrx_word' id='word_1_396' title='bbox 2699 2859 3085 2925; x_wconf 86' lang='lat' dir='ltr'><strong>correctioni</strong></span> <span class='ocrx_word' id='word_1_397' title='bbox 3154 2871 3220 2924; x_wconf 91' lang='lat' dir='ltr'><strong>et</strong></span> <span class='ocrx_word' id='word_1_398' title='bbox 3249 2856 3647 2925; x_wconf 80' lang='lat' dir='ltr'><strong>confessioni</strong></span> <span class='ocrx_word' id='word_1_399' title='bbox 3712 2853 3904 2920; x_wconf 85' lang='lat' dir='ltr'><strong>tribuit</strong></span> <span class='ocrx_word' id='word_1_400' title='bbox 3932 2851 3983 2912; x_wconf 79' lang='lat' dir='ltr'><strong>ei·</strong></span> 
     </span>
     <span class='ocr_line' id='line_1_70' title="bbox 2534 2964 3982 3062; baseline -0.007 -21"><span class='ocrx_word' id='word_1_401' title='bbox 2534 2977 2771 3042; x_wconf 81' lang='lat' dir='ltr'><strong>fectum</strong></span> <span class='ocrx_word' id='word_1_402' title='bbox 2844 2975 3251 3062; x_wconf 88' lang='lat' dir='ltr'><strong>purgationis</strong></span> <span class='ocrx_word' id='word_1_403' title='bbox 3309 2996 3344 3040; x_wconf 88' lang='lat' dir='ltr'><strong>a</strong></span> <span class='ocrx_word' id='word_1_404' title='bbox 3405 2987 3690 3061; x_wconf 90' lang='lat' dir='ltr'><strong>peccat0,</strong></span> <span class='ocrx_word' id='word_1_405' title='bbox 3762 2972 3885 3037; x_wconf 82' lang='lat' dir='ltr'><strong>licet</strong></span> <span class='ocrx_word' id='word_1_406' title='bbox 3938 2964 3982 3031; x_wconf 82' lang='lat' dir='ltr'><strong>ad</strong></span> 
     </span>
     <span class='ocr_line' id='line_1_71' title="bbox 2532 3091 3986 3178; baseline -0.008 -19"><span class='ocrx_word' id='word_1_407' title='bbox 2532 3094 2655 3159; x_wconf 87' lang='lat' dir='ltr'><strong>hoc</strong></span> <span class='ocrx_word' id='word_1_408' title='bbox 2705 3092 2893 3159; x_wconf 81' lang='lat' dir='ltr'><strong>faciat</strong></span> <span class='ocrx_word' id='word_1_409' title='bbox 2972 3092 3366 3178; x_wconf 88' lang='lat' dir='ltr'><strong>Baptismus,</strong></span> <span class='ocrx_word' id='word_1_410' title='bbox 3456 3091 3827 3178; x_wconf 86' lang='lat' dir='ltr'><strong>inquantum</strong></span> <span class='ocrx_word' id='word_1_411' title='bbox 3886 3103 3986 3148; x_wconf 78' lang='lat' dir='ltr'><strong>con-</strong></span> 
     </span>
     <span class='ocr_line' id='line_1_72' title="bbox 2533 3196 4032 3351; baseline -0.008 -73"><span class='ocrx_word' id='word_1_412' title='bbox 2533 3211 2741 3278; x_wconf 88' lang='lat' dir='ltr'><strong>stituit</strong></span> <span class='ocrx_word' id='word_1_413' title='bbox 2805 3212 3138 3278; x_wconf 87' lang='lat' dir='ltr'><strong>hominem</strong></span> <span class='ocrx_word' id='word_1_414' title='bbox 3205 3232 3503 3298; x_wconf 88' lang='lat' dir='ltr'><strong>capacem</strong></span> <span class='ocrx_word' id='word_1_415' title='bbox 3575 3211 3818 3277; x_wconf 90' lang='lat' dir='ltr'><strong>illorum</strong></span> <span class='ocrx_word' id='word_1_416' title='bbox 3846 3196 4032 3351; x_wconf 27' lang='lat' dir='ltr'><strong>dono-³</strong></span> 
     </span>
     <span class='ocr_line' id='line_1_73' title="bbox 2537 3319 4032 3411; baseline -0.007 -19"><span class='ocrx_word' id='word_1_417' title='bbox 2537 3348 2704 3394; x_wconf 88' lang='lat' dir='ltr'><strong>rum.</strong></span> <span class='ocrx_word' id='word_1_418' title='bbox 2765 3327 2876 3392; x_wconf 87' lang='lat' dir='ltr'><strong>llla</strong></span> <span class='ocrx_word' id='word_1_419' title='bbox 2925 3340 3140 3392; x_wconf 90' lang='lat' dir='ltr'><strong>autem</strong></span> <span class='ocrx_word' id='word_1_420' title='bbox 3203 3325 3518 3408; x_wconf 87' lang='lat' dir='ltr'><strong>clausula,</strong></span> <span class='ocrx_word' id='word_1_421' title='bbox 3584 3338 3730 3392; x_wconf 80' lang='lat' dir='ltr'><strong>tunc</strong></span> <span class='ocrx_word' id='word_1_422' title='bbox 3779 3319 3982 3405; x_wconf 73' lang='lat' dir='ltr'><strong>incipiat</strong></span> <span class='ocrx_word' id='word_1_423' title='bbox 4011 3370 4032 3411; x_wconf 42' lang='lat' dir='ltr'><em>H</em></span> 
     </span>
     <span class='ocr_line' id='line_1_74' title="bbox 2534 3439 4031 3530; baseline -0.007 -22"><span class='ocrx_word' id='word_1_424' title='bbox 2534 3444 2756 3509; x_wconf 80' lang='lat' dir='ltr'><strong>valere</strong></span> <span class='ocrx_word' id='word_1_425' title='bbox 2809 3442 2900 3508; x_wconf 87' lang='lat' dir='ltr'><strong>ad</strong></span> <span class='ocrx_word' id='word_1_426' title='bbox 2972 3443 3273 3521; x_wconf 82' lang='lat' dir='ltr'><strong>salutem,</strong></span> <span class='ocrx_word' id='word_1_427' title='bbox 3355 3442 3589 3530; x_wconf 88' lang='lat' dir='ltr'><strong>supple</strong></span> <span class='ocrx_word' id='word_1_428' title='bbox 3671 3439 4031 3527; x_wconf 53' lang='lat' dir='ltr'><strong>Baptismus</strong></span> 
     </span>
     <span class='ocr_line' id='line_1_75' title="bbox 2531 3559 3983 3646; baseline -0.007 -20"><span class='ocrx_word' id='word_1_429' title='bbox 2531 3559 2755 3626; x_wconf 90' lang='lat' dir='ltr'><strong>eadem</strong></span> <span class='ocrx_word' id='word_1_430' title='bbox 2828 3560 3078 3626; x_wconf 90' lang='lat' dir='ltr'><strong>ratione</strong></span> <span class='ocrx_word' id='word_1_431' title='bbox 3138 3559 3566 3646; x_wconf 85' lang='lat' dir='ltr'><strong>intelligenda</strong></span> <span class='ocrx_word' id='word_1_432' title='bbox 3643 3570 3760 3636; x_wconf 91' lang='lat' dir='ltr'><strong>est,</strong></span> <span class='ocrx_word' id='word_1_433' title='bbox 3824 3568 3983 3634; x_wconf 84' lang='lat' dir='ltr'><strong>nempe</strong></span> 
     </span>
     <span class='ocr_line' id='line_1_76' title="bbox 2530 3662 3982 3764; baseline -0.007 -23"><span class='ocrx_word' id='word_1_434' title='bbox 2530 3676 2680 3762; x_wconf 85' lang='lat' dir='ltr'><strong>quia</strong></span> <span class='ocrx_word' id='word_1_435' title='bbox 2722 3689 3117 3764; x_wconf 81' lang='lat' dir='ltr'><strong>praeceptum</strong></span> <span class='ocrx_word' id='word_1_436' title='bbox 3163 3674 3567 3761; x_wconf 82' lang='lat' dir='ltr'><strong>adimplevit,</strong></span> <span class='ocrx_word' id='word_1_437' title='bbox 3610 3674 3743 3740; x_wconf 91' lang='lat' dir='ltr'><strong>sine</strong></span> <span class='ocrx_word' id='word_1_438' title='bbox 3772 3690 3873 3758; x_wconf 84' lang='lat' dir='ltr'><strong>qua</strong></span> <span class='ocrx_word' id='word_1_439' title='bbox 3915 3662 3982 3729; x_wconf 76' lang='lat' dir='ltr'><strong>ad·</strong></span> 
     </span>
     <span class='ocr_line' id='line_1_77' title="bbox 2533 3776 3976 3878; baseline -0.006 -21"><span class='ocrx_word' id='word_1_440' title='bbox 2533 3791 2910 3878; x_wconf 90' lang='lat' dir='ltr'><strong>impletione</strong></span> <span class='ocrx_word' id='word_1_441' title='bbox 2961 3811 3088 3857; x_wconf 91' lang='lat' dir='ltr'><strong>non</strong></span> <span class='ocrx_word' id='word_1_442' title='bbox 3122 3776 3192 3856; x_wconf 75' lang='lat' dir='ltr'><strong>fit</strong></span> <span class='ocrx_word' id='word_1_443' title='bbox 3238 3811 3443 3877; x_wconf 86' lang='lat' dir='ltr'><strong>capax</strong></span> <span class='ocrx_word' id='word_1_444' title='bbox 3477 3790 3719 3865; x_wconf 87' lang='lat' dir='ltr'><strong>salutis,</strong></span> <span class='ocrx_word' id='word_1_445' title='bbox 3758 3798 3814 3853; x_wconf 90' lang='lat' dir='ltr'><strong>et</strong></span> <span class='ocrx_word' id='word_1_446' title='bbox 3852 3782 3976 3849; x_wconf 81' lang='lat' dir='ltr'><strong>dein·</strong></span> 
     </span>
     <span class='ocr_line' id='line_1_78' title="bbox 2531 3907 3979 3993; baseline -0.008 -20"><span class='ocrx_word' id='word_1_447' title='bbox 2531 3928 2684 3993; x_wconf 90' lang='lat' dir='ltr'><strong>ceps</strong></span> <span class='ocrx_word' id='word_1_448' title='bbox 2730 3907 3069 3974; x_wconf 90' lang='lat' dir='ltr'><strong>constituit</strong></span> <span class='ocrx_word' id='word_1_449' title='bbox 3135 3907 3468 3973; x_wconf 86' lang='lat' dir='ltr'><strong>hominem</strong></span> <span class='ocrx_word' id='word_1_450' title='bbox 3519 3924 3824 3993; x_wconf 88' lang='lat' dir='ltr'><strong>capacem,</strong></span> <span class='ocrx_word' id='word_1_451' title='bbox 3868 3917 3979 3963; x_wconf 64' lang='lat' dir='ltr'><strong>rece</strong></span> 
     </span>
     <span class='ocr_line' id='line_1_79' title="bbox 2536 4022 3975 4103; baseline -0.008 -15"><span class='ocrx_word' id='word_1_452' title='bbox 2536 4022 2727 4089; x_wconf 89' lang='lat' dir='ltr'><strong>dente</strong></span> <span class='ocrx_word' id='word_1_453' title='bbox 2792 4024 3078 4103; x_wconf 84' lang='lat' dir='ltr'><strong>fictione,</strong></span> <span class='ocrx_word' id='word_1_454' title='bbox 3137 4022 3414 4089; x_wconf 87' lang='lat' dir='ltr'><strong>aliorum</strong></span> <span class='ocrx_word' id='word_1_455' title='bbox 3485 4022 3784 4089; x_wconf 89' lang='lat' dir='ltr'><strong>donorum</strong></span> <span class='ocrx_word' id='word_1_456' title='bbox 3811 4030 3975 4083; x_wconf 63' lang='lat' dir='ltr'><strong>etme</strong></span> 
     </span>
     <span class='ocr_line' id='line_1_80' title="bbox 2534 4138 3822 4226; baseline -0.002 -21"><span class='ocrx_word' id='word_1_457' title='bbox 2534 4138 2791 4205; x_wconf 88' lang='lat' dir='ltr'><strong>diorum</strong></span> <span class='ocrx_word' id='word_1_458' title='bbox 2869 4160 3019 4226; x_wconf 82' lang='lat' dir='ltr'><strong>quae</strong></span> <span class='ocrx_word' id='word_1_459' title='bbox 3056 4138 3135 4205; x_wconf 89' lang='lat' dir='ltr'><strong>ad</strong></span> <span class='ocrx_word' id='word_1_460' title='bbox 3207 4141 3484 4206; x_wconf 88' lang='lat' dir='ltr'><strong>salutem</strong></span> <span class='ocrx_word' id='word_1_461' title='bbox 3577 4138 3822 4205; x_wconf 82' lang='lat' dir='ltr'><strong>faciunt.</strong></span> 
     </span>
    </p>

    <p class='ocr_par' dir='ltr' id='par_1_12' title="bbox 2518 4245 4031 5626">
     <span class='ocr_line' id='line_1_81' title="bbox 2622 4245 3972 4343; baseline -0.01 -21"><span class='ocrx_word' id='word_1_462' title='bbox 2622 4259 2773 4322; x_wconf 85' lang='lat' dir='ltr'><strong>Haec</strong></span> <span class='ocrx_word' id='word_1_463' title='bbox 2824 4257 3016 4322; x_wconf 89' lang='lat' dir='ltr'><strong>etiam</strong></span> <span class='ocrx_word' id='word_1_464' title='bbox 3060 4255 3512 4343; x_wconf 88' lang='lat' dir='ltr'><strong>interpretario</strong></span> <span class='ocrx_word' id='word_1_465' title='bbox 3550 4266 3646 4321; x_wconf 90' lang='lat' dir='ltr'><strong>est</strong></span> <span class='ocrx_word' id='word_1_466' title='bbox 3707 4245 3972 4319; x_wconf 88' lang='lat' dir='ltr'><strong>secundum</strong></span> 
     </span>
     <span class='ocr_line' id='line_1_82' title="bbox 2537 4362 4031 4483; baseline -0.009 -44"><span class='ocrx_word' id='word_1_467' title='bbox 2537 4374 2781 4460; x_wconf 86' lang='lat' dir='ltr'><strong>stylum</strong></span> <span class='ocrx_word' id='word_1_468' title='bbox 2836 4372 3209 4459; x_wconf 80' lang='lat' dir='ltr'><strong>Augustini,</strong></span> <span class='ocrx_word' id='word_1_469' title='bbox 3277 4373 3421 4440; x_wconf 90' lang='lat' dir='ltr'><strong>aliis</strong></span> <span class='ocrx_word' id='word_1_470' title='bbox 3478 4373 3544 4437; x_wconf 92' lang='lat' dir='ltr'><strong>in</strong></span> <span class='ocrx_word' id='word_1_471' title='bbox 3602 4370 3771 4447; x_wconf 77' lang='lat' dir='ltr'><strong>lociS,</strong></span> <span class='ocrx_word' id='word_1_472' title='bbox 3821 4378 3876 4433; x_wconf 91' lang='lat' dir='ltr'><strong>ut</strong></span> <span class='ocrx_word' id='word_1_473' title='bbox 3901 4362 4031 4483; x_wconf 43' lang='grc' dir='ltr'><strong>111ι,(ΙΙ</strong></span> 
     </span>
     <span class='ocr_line' id='line_1_83' title="bbox 2537 4480 3969 4576; baseline -0.006 -19"><span class='ocrx_word' id='word_1_474' title='bbox 2537 4492 2598 4557; x_wconf 91' lang='lat'><strong>1.</strong></span> <span class='ocrx_word' id='word_1_475' title='bbox 2642 4489 2722 4556; x_wconf 87' lang='lat' dir='ltr'><strong>de</strong></span> <span class='ocrx_word' id='word_1_476' title='bbox 2770 4490 3040 4576; x_wconf 80' lang='lat' dir='ltr'><strong>nuptiiS,</strong></span> <span class='ocrx_word' id='word_1_477' title='bbox 3096 4501 3160 4555; x_wconf 90' lang='lat' dir='ltr'><strong>et</strong></span> <span class='ocrx_word' id='word_1_478' title='bbox 3188 4488 3726 4576; x_wconf 85' lang='lat' dir='ltr'><strong>concupiscentia,</strong></span> <span class='ocrx_word' id='word_1_479' title='bbox 3765 4505 3880 4570; x_wconf 84' lang='lat' dir='ltr'><strong>cap.</strong></span> <span class='ocrx_word' id='word_1_480' title='bbox 3904 4480 3969 4543; x_wconf 81' lang='lat'><strong>33·</strong></span> 
     </span>
     <span class='ocr_line' id='line_1_84' title="bbox 2534 4601 3971 4693; baseline -0.009 -20"><span class='ocrx_word' id='word_1_481' title='bbox 2534 4607 2646 4673; x_wconf 86' lang='lat' dir='ltr'><strong>Sic</strong></span> <span class='ocrx_word' id='word_1_482' title='bbox 2704 4607 2908 4684; x_wconf 79' lang='lat' dir='ltr'><strong>enim,</strong></span> <span class='ocrx_word' id='word_1_483' title='bbox 2949 4605 3183 4693; x_wconf 90' lang='lat' dir='ltr'><strong>inquit,</strong></span> <span class='ocrx_word' id='word_1_484' title='bbox 3257 4606 3709 4692; x_wconf 81' lang='lat' dir='ltr'><strong>accipiendum</strong></span> <span class='ocrx_word' id='word_1_485' title='bbox 3754 4601 3971 4685; x_wconf 74' lang='lat' dir='ltr'><strong>est(sup·</strong></span> 
     </span>
     <span class='ocr_line' id='line_1_85' title="bbox 2538 4714 3967 4811; baseline -0.006 -23"><span class='ocrx_word' id='word_1_486' title='bbox 2538 4724 2639 4811; x_wconf 89' lang='lat' dir='ltr'><strong>ple</strong></span> <span class='ocrx_word' id='word_1_487' title='bbox 2714 4720 2882 4809; x_wconf 89' lang='lat' dir='ltr'><strong>quod</strong></span> <span class='ocrx_word' id='word_1_488' title='bbox 2931 4720 3085 4787; x_wconf 92' lang='lat' dir='ltr'><strong>dicit</strong></span> <span class='ocrx_word' id='word_1_489' title='bbox 3116 4721 3465 4808; x_wconf 79' lang='lat' dir='ltr'><strong>Apostolus</strong></span> <span class='ocrx_word' id='word_1_490' title='bbox 3515 4722 3591 4787; x_wconf 89' lang='lat' dir='ltr'><strong>ad</strong></span> <span class='ocrx_word' id='word_1_491' title='bbox 3634 4716 3899 4808; x_wconf 84' lang='lat' dir='ltr'><strong>Ephesios</strong></span> <span class='ocrx_word' id='word_1_492' title='bbox 3930 4714 3967 4774; x_wconf 81' lang='grc'><strong>5.</strong></span> 
     </span>
     <span class='ocr_line' id='line_1_86' title="bbox 2533 4835 3970 4922; baseline -0.004 -20"><span class='ocrx_word' id='word_1_493' title='bbox 2533 4835 2613 4903; x_wconf 87' lang='lat' dir='ltr'><strong>de</strong></span> <span class='ocrx_word' id='word_1_494' title='bbox 2648 4835 3067 4903; x_wconf 89' lang='lat' dir='ltr'><strong>mundatione</strong></span> <span class='ocrx_word' id='word_1_495' title='bbox 3105 4835 3414 4903; x_wconf 86' lang='lat' dir='ltr'><strong>Ecclesiae</strong></span> <span class='ocrx_word' id='word_1_496' title='bbox 3458 4857 3571 4922; x_wconf 91' lang='lat' dir='ltr'><strong>per</strong></span> <span class='ocrx_word' id='word_1_497' title='bbox 3609 4837 3888 4902; x_wconf 82' lang='lat' dir='ltr'><strong>lavacrum</strong></span> <span class='ocrx_word' id='word_1_498' title='bbox 3917 4846 3970 4891; x_wconf 60' lang='lat' dir='ltr'><strong>rr</strong></span> 
     </span>
     <span class='ocr_line' id='line_1_87' title="bbox 2533 4951 3965 5039; baseline -0.007 -20"><span class='ocrx_word' id='word_1_499' title='bbox 2533 4951 3001 5039; x_wconf 87' lang='lat' dir='ltr'><strong>generationis)</strong></span> <span class='ocrx_word' id='word_1_500' title='bbox 3067 4962 3138 5017; x_wconf 79' lang='lat' dir='ltr'><strong>ut</strong></span> <span class='ocrx_word' id='word_1_501' title='bbox 3202 4952 3431 5017; x_wconf 82' lang='lat' dir='ltr'><strong>eodem</strong></span> <span class='ocrx_word' id='word_1_502' title='bbox 3486 4953 3740 5019; x_wconf 78' lang='lat' dir='ltr'><strong>lavacro</strong></span> <span class='ocrx_word' id='word_1_503' title='bbox 3789 4962 3965 5035; x_wconf 72' lang='lat' dir='ltr'><strong>reqene·</strong></span> 
     </span>
     <span class='ocr_line' id='line_1_88' title="bbox 2531 5060 4031 5153; baseline -0.011 -19"><span class='ocrx_word' id='word_1_504' title='bbox 2531 5070 2822 5135; x_wconf 75' lang='lat' dir='ltr'><strong>rationis</strong></span> <span class='ocrx_word' id='word_1_505' title='bbox 2860 5079 2921 5134; x_wconf 89' lang='lat' dir='ltr'><strong>et</strong></span> <span class='ocrx_word' id='word_1_506' title='bbox 2958 5068 3151 5135; x_wconf 83' lang='lat' dir='ltr'><strong>verbo</strong></span> <span class='ocrx_word' id='word_1_507' title='bbox 3201 5070 3764 5153; x_wconf 75' lang='lat' dir='ltr'><strong>sanctificationis,</strong></span> <span class='ocrx_word' id='word_1_508' title='bbox 3819 5060 3965 5129; x_wconf 70' lang='lat' dir='ltr'><strong>omnia</strong></span> <span class='ocrx_word' id='word_1_509' title='bbox 4030 5088 4031 5093; x_wconf 16' lang='grc' dir='ltr'><strong>κ</strong></span> 
     </span>
     <span class='ocr_line' id='line_1_89' title="bbox 2529 5187 3963 5275; baseline -0.005 -24"><span class='ocrx_word' id='word_1_510' title='bbox 2529 5206 2811 5271; x_wconf 76' lang='lat' dir='ltr'><strong>prorsus</strong></span> <span class='ocrx_word' id='word_1_511' title='bbox 2875 5187 3054 5253; x_wconf 85' lang='lat' dir='ltr'><strong>mala</strong></span> <span class='ocrx_word' id='word_1_512' title='bbox 3123 5188 3464 5253; x_wconf 78' lang='lat' dir='ltr'><strong>homiuum</strong></span> <span class='ocrx_word' id='word_1_513' title='bbox 3532 5194 3963 5275; x_wconf 68' lang='lat' dir='ltr'><strong>reyeneraeorcm</strong></span> 
     </span>
     <span class='ocr_line' id='line_1_90' title="bbox 2530 5301 3962 5391; baseline -0.007 -21"><span class='ocrx_word' id='word_1_514' title='bbox 2530 5303 2937 5370; x_wconf 77' lang='lat' dir='ltr'><strong>mundentur</strong></span> <span class='ocrx_word' id='word_1_515' title='bbox 2957 5315 3151 5391; x_wconf 75' lang='lat' dir='ltr'><strong>atque</strong></span> <span class='ocrx_word' id='word_1_516' title='bbox 3171 5315 3518 5382; x_wconf 77' lang='lat' dir='ltr'><strong>sanentur,</strong></span> <span class='ocrx_word' id='word_1_517' title='bbox 3542 5301 3858 5368; x_wconf 69' lang='lat' dir='ltr'><strong>nouaclum</strong></span> <span class='ocrx_word' id='word_1_518' title='bbox 3871 5309 3962 5380; x_wconf 73' lang='lat' dir='ltr'><strong>pec·</strong></span> 
     </span>
     <span class='ocr_line' id='line_1_91' title="bbox 2528 5411 3958 5508; baseline -0.006 -21"><span class='ocrx_word' id='word_1_519' title='bbox 2528 5434 2677 5488; x_wconf 88' lang='lat' dir='ltr'><strong>cata</strong></span> <span class='ocrx_word' id='word_1_520' title='bbox 2708 5444 2852 5508; x_wconf 67' lang='lat' dir='ltr'><strong>qua?</strong></span> <span class='ocrx_word' id='word_1_521' title='bbox 2868 5423 3095 5487; x_wconf 79' lang='lat' dir='ltr'><strong>omnia</strong></span> <span class='ocrx_word' id='word_1_522' title='bbox 3117 5443 3293 5487; x_wconf 73' lang='lat' dir='ltr'><strong>num</strong></span> <span class='ocrx_word' id='word_1_523' title='bbox 3322 5424 3740 5487; x_wconf 75' lang='lat' dir='ltr'><strong>remittuntur</strong></span> <span class='ocrx_word' id='word_1_524' title='bbox 3774 5418 3830 5479; x_wconf 75' lang='lat' dir='ltr'><strong>in</strong></span> <span class='ocrx_word' id='word_1_525' title='bbox 3880 5411 3958 5474; x_wconf 65' lang='lat' dir='ltr'><strong>Ba·</strong></span> 
     </span>
     <span class='ocr_line' id='line_1_92' title="bbox 2518 5533 3951 5626; baseline -0.008 -22"><span class='ocrx_word' id='word_1_526' title='bbox 2518 5541 2787 5626; x_wconf 81' lang='lat' dir='ltr'><strong>ptismO,</strong></span> <span class='ocrx_word' id='word_1_527' title='bbox 2831 5539 2946 5605; x_wconf 75' lang='lat' dir='ltr'><strong>sed</strong></span> <span class='ocrx_word' id='word_1_528' title='bbox 2987 5540 3190 5605; x_wconf 84' lang='lat' dir='ltr'><strong>etiam</strong></span> <span class='ocrx_word' id='word_1_529' title='bbox 3228 5558 3373 5625; x_wconf 75' lang='lat' dir='ltr'><strong>quoe</strong></span> <span class='ocrx_word' id='word_1_530' title='bbox 3396 5538 3707 5626; x_wconf 78' lang='lat' dir='ltr'><strong>posterius</strong></span> <span class='ocrx_word' id='word_1_531' title='bbox 3741 5533 3951 5597; x_wconf 67' lang='lat' dir='ltr'><strong>humana</strong></span> 
     </span>
    </p>
   </div>
   <div class='ocr_carea' id='block_1_10' title="bbox 4019 1039 4022 1172">
    <p class='ocr_par' dir='ltr' id='par_1_13' title="bbox 4019 1039 4022 1172">
     <span class='ocr_line' id='line_1_93' title="bbox 4019 1039 4022 1172; baseline 0 0"><span class='ocrx_word' id='word_1_532' title='bbox 4019 1039 4022 1172; x_wconf 95' lang='lat' dir='ltr'><strong> </strong></span> 
     </span>
    </p>
   </div>
   <div class='ocr_carea' id='block_1_11' title="bbox 4019 1469 4025 1692">
    <p class='ocr_par' dir='ltr' id='par_1_14' title="bbox 4019 1469 4025 1692">
     <span class='ocr_line' id='line_1_94' title="bbox 4019 1469 4025 1692; baseline 0 0"><span class='ocrx_word' id='word_1_533' title='bbox 4019 1469 4025 1692; x_wconf 95' lang='lat' dir='ltr'><strong> </strong></span> 
     </span>
    </p>
   </div>
   <div class='ocr_carea' id='block_1_12' title="bbox 4025 2333 4030 2856">
    <p class='ocr_par' dir='ltr' id='par_1_15' title="bbox 4025 2333 4030 2856">
     <span class='ocr_line' id='line_1_95' title="bbox 4025 2333 4030 2856; baseline 0 0"><span class='ocrx_word' id='word_1_534' title='bbox 4025 2333 4030 2856; x_wconf 95' lang='lat' dir='ltr'><strong> </strong></span> 
     </span>
    </p>
   </div>
   <div class='ocr_carea' id='block_1_13' title="bbox 3986 4315 4031 4362">
    <p class='ocr_par' dir='ltr' id='par_1_16' title="bbox 3986 4315 4031 4362">
     <span class='ocr_line' id='line_1_96' title="bbox 3986 4315 4031 4362; baseline -0.067 0"><span class='ocrx_word' id='word_1_535' title='bbox 3986 4315 4031 4362; x_wconf 53' lang='grc' dir='ltr'><strong>Ιώ</strong></span> 
     </span>
    </p>
   </div>
  </div>
 </body>
</html>
