4255 6375
642 395 766 458 712
2203 395 2442 458 INDEX

1746 626 2342 701 DISTINCTIO
2407 627 2826 710 QUARTA

1275 852 1501 908 Textus
1532 850 1813 921 Magistri
1884 850 2343 908 Sententiarum
2358 891 3745 914 ...............
3815 860 3910 914 376

1286 950 1445 1008 Ordo
1477 949 1958 1025 quaerendorum
2045 990 3747 1012 ..................
3812 956 3912 1012 &⁴2

675 1040 1014 1106 QUAESTIO
1058 1042 1099 1096 1.
1285 1041 1508 1096 Utrum
1541 1041 1799 1112 parvuli
1842 1041 1969 1096 sint
2001 1038 2382 1111 baptizandi.
2457 1080 2474 1095 .
2549 1078 2567 1096 .
2627 1107 2634 1112 ,
2646 1080 3741 1100 ............
3810 1045 3906 1100 383

1052 1137 1117 1193 11.
1285 1137 1509 1193 Utrum
1544 1136 1795 1207 parvuli
1831 1136 2123 1209 baptizati
2163 1137 2473 1207 recipiant
2501 1139 2791 1196 effectum
2823 1139 3117 1213 baptismi
3205 1182 3734 1200 ......
3809 1143 3905 1199 389

1057 1235 1151 1291 111.
1286 1237 1509 1293 Utrum
1542 1236 1851 1308 parvulus
1882 1237 1946 1291 in
1978 1239 2200 1292 ventre
2231 1236 2448 1292 matris
2489 1235 2794 1309 baptizari
2829 1239 3023 1309 possit
3109 1281 3730 1300 .......
3804 1244 3902 1299 405

1056 1336 1154 1391 IV.
1288 1336 1506 1394 Utrum
1539 1350 1658 1393 non
1698 1337 2092 1392 consentiens
2132 1336 2328 1407 possit
2359 1335 2643 1407 recipere
2674 1337 2962 1391 effectum
2995 1335 3295 1409 baptismi
3301 1377 3727 1398 .....
3809 1342 3908 1398 416

1059 1437 1127 1491 V.
1286 1437 1381 1490 An
1413 1433 1665 1490 adultus
1697 1433 1875 1490 fictus
1906 1435 2174 1505 recipiat
2201 1435 2493 1489 effectum
2523 1431 2818 1503 baptismi
2907 1475 3719 1496 .........
3800 1442 3902 1495 420

1055 1536 1147 1592 VI.
1280 1536 1499 1592 Utrum
1532 1535 1661 1604 jam
1690 1534 2010 1603 justificati
2044 1535 2371 1622 teneantur
2402 1528 2479 1589 ad
2511 1533 2965 1601 susceptionem
3035 1532 3336 1605 baptismi
3421 1578 3437 1593 .
3522 1581 3539 1594 .
3621 1580 3638 1595 .
3721 1581 3737 1597 .
3810 1540 3906 1595 ⁴51

1060 1635 1178 1690 VII.
1282 1634 1503 1691 Utrum
1535 1649 1750 1691 omnes
1779 1635 2072 1706 baptizati
2103 1635 2416 1706 recipiant
2448 1628 2783 1699 aequaliter
2811 1630 3094 1687 effectum
3146 1633 3453 1704 baptismi
3528 1678 3545 1693 .
3628 1679 3645 1694 .
3727 1682 3745 1694 .
3815 1640 3916 1694 476

1057 1734 1205 1788 VIII.
1283 1732 1441 1798 Quid
1475 1732 1826 1789 faciendum
1859 1732 1934 1788 de
1966 1732 2232 1804 parvulo
2259 1733 2537 1803 exposito
2620 1770 3733 1795 ............
3807 1740 3912 1798 486

1058 1825 1154 1881 lx.
1288 1824 1509 1881 Utrum
1560 1824 1812 1894 parvuli
1867 1823 2225 1882 Judaeorum
2275 1830 2336 1881 et
2385 1824 2742 1885 infidelium
2792 1831 2920 1887 sint
2963 1825 3189 1882 invitis
3221 1828 3749 1896 parentibusba-

1378 1917 1648 1988 ptizandi
1709 1960 3744 1980 ......................
3816 1927 3912 1982 487

1947 2124 2365 2198 TINCTIO
2430 2125 2819 2208 QUINTA

1295 2365 1525 2422 Textus
1556 2368 1838 2435 Magistri
1875 2369 2334 2425 Sententiarum
2365 2410 3736 2430 ...............
3812 2375 3914 2430 498

706 2466 1032 2535 QUAESTIO
1072 2469 1111 2523 1.
1310 2467 1530 2521 Utrum
1566 2467 1801 2523 malitia
1838 2468 2110 2524 ministri
2147 2465 2444 2537 impediat
2473 2466 2873 2523 collationem
2906 2469 3207 2538 Baptismi
3249 2510 3746 2528 ......
3817 2473 3913 2528 501

1076 2567 1140 2620 11.
1310 2571 1399 2621 An
1438 2566 1749 2633 recipiens
1790 2565 2178 2633 Baptismum
2213 2564 2484 2619 scienter
2513 2578 2546 2619 a
2581 2563 2745 2620 malo
2775 2564 3085 2633 ministro,
3132 2569 3497 2627 mortaliter
3525 2574 3748 2641 peccet.
3822 2571 3918 2624 507

1076 2661 1166 2717 111.
1310 2666 1398 2716 An
1431 2661 1666 2730 aliquis
1701 2659 1918 2716 debeat
1952 2659 2317 2716 ministrare
2357 2660 2826 2715 Sacramentum
2858 2658 3181 2730 baptismi,
3216 2662 3474 2732 quando
3513 2679 3753 2736 praesu-

1382 2760 1575 2814 mitur
1630 2755 2106 2826 baptizationem
2162 2767 2431 2826 vergere
2481 2756 2547 2810 in
2597 2753 2953 2825 periculum
3008 2758 3159 2813 vitae
3206 2759 3565 2831 corporalis
3621 2762 3754 2830 ejus

1380 2849 1490 2919 qui
1526 2849 1788 2919 suscipit
1811 2885 3744 2904 .....................
3821 2851 3921 2905 519

1825 3044 2421 3118 DISTINCTIO
2477 3044 2812 3117 SEXTA

1316 3275 1547 3328 Textus
1580 3271 1860 3341 Magistri
1893 3269 2361 3327 Sententiarum
2382 3309 3740 3327 ...............
3813 3271 3912 3325 525

710 3375 1050 3442 QUAESTIO
1088 3377 1127 3429 1.
1311 3376 1406 3428 An
1437 3372 1606 3427 solus
1638 3369 1933 3427 Sacerdos
1974 3371 2167 3441 possit
2196 3367 2515 3439 baptizare
2570 3408 3737 3425 .............
3785 3362 3912 3425 '5ae

1083 3475 1146 3530 II.
1314 3473 1537 3529 Utrum
1594 3469 1803 3526 unitas
1853 3468 2147 3540 baptismi
2201 3468 2557 3524 necessario
2605 3469 2892 3538 requirat
2965 3466 3131 3538 quod
3181 3466 3260 3523 ab
3300 3484 3426 3524 uno
3469 3470 3753 3527 ministro

1384 3569 1743 3628 conferatur
1803 3608 3744 3626 .....................
3815 3571 3913 3624 512

1086 3670 1178 3725 111.
1323 3646 1549 3725 Utrum
1582 3668 1953 3737 requiratur
1984 3664 2174 3720 simul
2207 3678 2341 3721 esse
2375 3648 2761 3721 ablutionem
2814 3668 2875 3720 et
2927 3665 3344 3735 prolationem
3400 3666 3759 3723 verborum.
3825 3670 3919 3723 557

1088 3766 1183 3822 IV.
1321 3767 1546 3823 Utrum
1580 3768 1861 3836 oporteat
1889 3763 2307 3835 baptizantem
2339 3776 2474 3819 esse
2508 3762 2927 3832 personanter
2955 3759 3330 3817 distinctum
3364 3777 3398 3816 a
3432 3761 3760 3834 baptizato,
3827 3765 3920 3819 5¹3⁰

1087 3866 1155 3919 V.
1325 3865 1548 3920 Utrum
1586 3862 1651 3917 in
1683 3861 2037 3932 baptizante
2069 3860 2436 3930 requiratur
2469 3859 2732 3916 intentio
2759 3855 3126 3928 baptizandi
3164 3898 3179 3913 .
3264 3899 3279 3913 .
3360 3899 3376 3914 .
3451 3903 3466 3915 .
3563 3902 3578 3914 .
3659 3900 3673 3914 .
3747 3902 3764 3916 .
3830 3861 3921 3916 562

1091 3966 1185 4021 VI.
1325 3961 1551 4016 Utrum
1586 3962 1648 4015 in
1684 3960 2046 4029 baptizante
2078 3959 2444 4029 requiratur
2475 3958 2740 4013 intentio
2770 3956 3035 4013 actualis
3072 3995 3760 4015 ........
3829 3960 3920 4013 577

1096 4058 1221 4113 VII.
1320 4060 1544 4114 Utrum
1578 4055 1929 4125 baptismus
1961 4053 2153 4122 pos-<it
2187 4053 2406 4107 iterari
2488 4091 3760 4109 ..............
3827 4051 3914 4107 581

1100 4157 1246 4211 VIII.
1328 4155 1551 4211 Utrum
1589 4155 1667 4209 sit
1702 4168 1879 4223 pwna
1912 4152 2248 4206 constituta
2282 4149 2719 4206 reiterantium
2754 4147 3082 4218 baptisma.
3160 4190 3175 4204 .
3258 4191 3272 4204 .
3356 4192 3371 4205 .
3457 4193 3472 4205 .
3560 4193 3574 4207 .
3657 4194 3669 4205 .
3745 4193 3761 4209 .
3828 4153 3919 4207 586

1096 4251 1195 4304 IX.
1322 4248 1543 4303 Utrum
1584 4248 1644 4300 in
1682 4246 1985 4313 baptismo
2021 4244 2429 4312 imprimatur
2461 4242 2789 4297 character
2868 4283 2880 4297 .
2964 4284 2978 4298 .
3057 4283 3072 4297 .
3172 4284 3187 4299 .
3258 4286 3272 4299 .
3353 4283 3370 4299 .
3456 4286 3470 4298 .
3557 4287 3573 4302 .
3654 4287 3669 4301 .
3745 4287 3759 4301 .
3827 4246 3919 4299 590

1096 4350 1171 4403 X.
1324 4352 1415 4403 An
1447 4347 1768 4402 character
1800 4350 1879 4402 sit
1913 4350 2109 4401 forma
2154 4343 2433 4401 absoluta
2483 4383 3075 4399 .......
3155 4356 3169 4370 ·
3252 4384 3757 4400 ......
3824 4345 3879 4400 61
3909 4366 3920 4383 .

1102 4438 1202 4491 XI.
1317 4438 1539 4493 Utrum
1574 4436 1900 4492 character
1930 4437 2012 4491 sit
2046 4437 2109 4489 in
2152 4434 2419 4490 essentia
2453 4433 2702 4498 animm,
2742 4435 2803 4487 ut
2836 4432 2901 4486 in
2933 4432 3226 4501 proximo
3267 4431 3578 4500 subJectO.
3653 4474 3669 4489 .
3745 4475 3761 4488 .
3827 4432 3920 4487 648

1785 4634 2382 4708 DISTINCTIO
2434 4629 2886 4706 SEPTIMA

1327 4862 1557 4915 Textus
1585 4857 1868 4926 Magistri
1907 4856 2369 4913 Sententiarum
2394 4893 3774 4912 ...............
3833 4855 3925 4909 655

726 4960 1063 5030 QUAESTIO
1100 4960 1136 5014 1.
1331 4952 1490 5022 Quid
1521 4952 1599 5010 sit
1633 4954 2100 5008 Sacramentum
2133 4948 2652 5005 Confirmationis
2681 4949 2764 5003 De
2797 4950 3059 5007 materia
3090 4952 3149 5005 et
3180 4948 3415 5020 sorma3
3450 4949 3534 5005 de
3566 4954 3773 5010 susci-

1398 5051 1610 5120 piente
1642 5054 1701 5105 et
1733 5049 2040 5113 Ministro,
2074 5050 2136 5103 et
2164 5046 2239 5102 de
2261 5046 2723 5104 conditionibus
2745 5048 3070 5119 requisitis
3090 5049 3157 5103 in
3179 5049 3555 5110 conferente
3577 5057 3642 5108 et
3664 5069 3773 5110 su-

1394 5146 1699 5217 scipiente
1733 5143 1844 5199 hoc
1878 5144 2348 5199 Sacramentum
2391 5184 3771 5206 ...............
3840 5152 3929 5206 657

1101 5250 1166 5304 11.
1337 5246 1561 5302 Utrum
1596 5246 2065 5299 Sacramentum
2097 5241 2605 5298 confirmationis
2636 5243 2716 5299 sit
2746 5243 3172 5299 necessarium
3206 5244 3285 5299 ad
3317 5247 3598 5304 salutem
3666 5291 3682 5305 .
3761 5293 3776 5307 .
3843 5251 3935 5305 Τὼ).

1103 5344 1194 5399 111.
1340 5339 1563 5394 Utrum
1600 5337 2066 5391 Sacramentum
2100 5332 2604 5390 confirmationis
2636 5335 2718 5391 sit
2754 5333 3011 5403 dignius
3038 5334 3354 5408 baptismo
3361 5379 3778 5401 .....
3845 5344 3932 5399 704

1115 5438 1206 5493 IV.
1344 5439 1437 5490 An
1471 5436 1936 5489 Sacramentum
1965 5430 2471 5487 confirmationis
2501 5433 2696 5503 possit
2726 5432 2945 5489 iterari
2970 5472 3781 5499 ........
3846 5442 3937 5496 705

1111 5538 1178 5592 V.
1343 5534 1564 5592 Utrum
1604 5532 1683 5588 sit
1711 5531 1923 5603 aliqua
1954 5546 2138 5602 poena
2169 5531 2534 5587 iterantium
2569 5532 3038 5590 Sacramentum
3069 5532 3594 5598 confirmationis
3669 5584 3684 5598 ,
3764 5586 3779 5599 ‚
3844 5543 3935 5599 703
