<?xml version="1.0" encoding="UTF-8"?>
<!DOCTYPE html PUBLIC "-//W3C//DTD XHTML 1.0 Transitional//EN"
    "http://www.w3.org/TR/xhtml1/DTD/xhtml1-transitional.dtd">
<html xmlns="http://www.w3.org/1999/xhtml" xml:lang="en" lang="en">
 <head>
  <title>
</title>
<meta http-equiv="Content-Type" content="text/html;charset=utf-8" />
  <meta name='ocr-system' content='tesseract 3.04.00' />
  <meta name='ocr-capabilities' content='ocr_page ocr_carea ocr_par ocr_line ocrx_word'/>
</head>
<body>
  <div class='ocr_page' id='page_1' title='image "./joannisdunsscot02waddgoog_0667.png"; bbox 0 0 4255 6375; ppageno 0'>
   <div class='ocr_carea' id='block_1_1' title="bbox 1484 415 2351 492">
    <p class='ocr_par' dir='ltr' id='par_1_1' title="bbox 1484 415 2351 492">
     <span class='ocr_line' id='line_1_1' title="bbox 1484 415 2351 492; baseline 0.001 -14"><span class='ocrx_word' id='word_1_1' title='bbox 1484 415 1684 480; x_wconf 83' lang='lat' dir='ltr'>Dls&#39;r.</span> <span class='ocrx_word' id='word_1_2' title='bbox 1725 416 1844 478; x_wconf 87' lang='lat' dir='ltr'>Vll.</span> <span class='ocrx_word' id='word_1_3' title='bbox 1895 416 2257 492; x_wconf 83' lang='lat' dir='ltr'>QUAEs&#39;rlo</span> <span class='ocrx_word' id='word_1_4' title='bbox 2307 417 2351 479; x_wconf 91' lang='lat'>1.</span> 
     </span>
    </p>
   </div>
   <div class='ocr_carea' id='block_1_2' title="bbox 74 574 1827 4495">
    <p class='ocr_par' dir='ltr' id='par_1_2' title="bbox 74 574 1827 4495">
     <span class='ocr_line' id='line_1_2' title="bbox 256 574 1823 664; baseline 0.002 -25"><span class='ocrx_word' id='word_1_5' title='bbox 256 574 503 641; x_wconf 84' lang='lat' dir='ltr'>dicunt</span> <span class='ocrx_word' id='word_1_6' title='bbox 565 587 812 642; x_wconf 89' lang='lat' dir='ltr'>tantum</span> <span class='ocrx_word' id='word_1_7' title='bbox 853 576 931 644; x_wconf 89' lang='lat' dir='ltr'>de</span> <span class='ocrx_word' id='word_1_8' title='bbox 962 577 1342 644; x_wconf 80' lang='lat' dir='ltr'>necessitate</span> <span class='ocrx_word' id='word_1_9' title='bbox 1381 578 1714 664; x_wconf 61' lang='lat' dir='ltr'>praecepti,</span> <span class='ocrx_word' id='word_1_10' title='bbox 1755 591 1823 643; x_wconf 90' lang='lat' dir='ltr'>ut</span> 
     </span>
     <span class='ocr_line' id='line_1_3' title="bbox 259 692 1824 778; baseline 0.001 -23"><span class='ocrx_word' id='word_1_11' title='bbox 259 692 626 777; x_wconf 86' lang='lat' dir='ltr'>Cajetanus</span> <span class='ocrx_word' id='word_1_12' title='bbox 667 694 730 758; x_wconf 89' lang='lat'>3.</span> <span class='ocrx_word' id='word_1_13' title='bbox 771 705 954 777; x_wconf 80' lang='lat' dir='ltr'>parc.</span> <span class='ocrx_word' id='word_1_14' title='bbox 991 705 1215 778; x_wconf 78' lang='lat' dir='ltr'>qucrst.</span> <span class='ocrx_word' id='word_1_15' title='bbox 1264 696 1371 759; x_wconf 71' lang='lat'>72.</span> <span class='ocrx_word' id='word_1_16' title='bbox 1423 705 1555 757; x_wconf 80' lang='lat' dir='ltr'>art.</span> <span class='ocrx_word' id='word_1_17' title='bbox 1604 693 1668 761; x_wconf 70' lang='grc'>4.</span> <span class='ocrx_word' id='word_1_18' title='bbox 1716 695 1824 758; x_wconf 90' lang='lat' dir='ltr'>So-</span> 
     </span>
     <span class='ocr_line' id='line_1_4' title="bbox 258 807 1817 875; baseline 0.001 -5"><span class='ocrx_word' id='word_1_19' title='bbox 258 817 384 871; x_wconf 86' lang='lat' dir='ltr'>tus</span> <span class='ocrx_word' id='word_1_20' title='bbox 420 808 492 871; x_wconf 85' lang='lat' dir='ltr'>in</span> <span class='ocrx_word' id='word_1_21' title='bbox 523 809 645 873; x_wconf 77' lang='lat' dir='ltr'>hac</span> <span class='ocrx_word' id='word_1_22' title='bbox 675 807 830 874; x_wconf 80' lang='lat' dir='ltr'>dist.</span> <span class='ocrx_word' id='word_1_23' title='bbox 875 818 1006 875; x_wconf 81' lang='lat' dir='ltr'>art.</span> <span class='ocrx_word' id='word_1_24' title='bbox 1045 811 1107 874; x_wconf 70' lang='lat'>⁶2.</span> <span class='ocrx_word' id='word_1_25' title='bbox 1145 808 1541 875; x_wconf 83' lang='lat' dir='ltr'>Covaruvias</span> <span class='ocrx_word' id='word_1_26' title='bbox 1594 809 1708 874; x_wconf 81' lang='lat' dir='ltr'>lib.</span> <span class='ocrx_word' id='word_1_27' title='bbox 1760 812 1817 872; x_wconf 84' lang='lat' dir='ltr'>l.</span> 
     </span>
     <span class='ocr_line' id='line_1_5' title="bbox 263 923 1825 1010; baseline 0.001 -24"><span class='ocrx_word' id='word_1_28' title='bbox 263 923 631 988; x_wconf 75' lang='lat' dir='ltr'>var-iarum</span> <span class='ocrx_word' id='word_1_29' title='bbox 705 923 1077 1002; x_wconf 79' lang='lat' dir='ltr'>lectionum,</span> <span class='ocrx_word' id='word_1_30' title='bbox 1151 946 1303 1010; x_wconf 82' lang='lat' dir='ltr'>cap.</span> <span class='ocrx_word' id='word_1_31' title='bbox 1386 927 1491 990; x_wconf 87' lang='grc'>10.</span> <span class='ocrx_word' id='word_1_32' title='bbox 1576 927 1825 989; x_wconf 81' lang='lat' dir='ltr'>Navar-</span> 
     </span>
     <span class='ocr_line' id='line_1_6' title="bbox 74 1040 1826 1130; baseline -0.001 -24"><span class='ocrx_word' id='word_1_33' title='bbox 74 1065 232 1130; x_wconf 66' lang='lat' dir='ltr'>tesso</span> <span class='ocrx_word' id='word_1_34' title='bbox 265 1059 395 1104; x_wconf 86' lang='lat' dir='ltr'>rus</span> <span class='ocrx_word' id='word_1_35' title='bbox 448 1040 521 1105; x_wconf 81' lang='lat' dir='ltr'>in</span> <span class='ocrx_word' id='word_1_36' title='bbox 553 1040 876 1118; x_wconf 79' lang='lat' dir='ltr'><strong><em>manuali,</em></strong></span> <span class='ocrx_word' id='word_1_37' title='bbox 915 1062 1062 1126; x_wconf 83' lang='lat' dir='ltr'>cap.</span> <span class='ocrx_word' id='word_1_38' title='bbox 1100 1043 1208 1106; x_wconf 59' lang='grc' dir='ltr'>ΞΗ.</span> <span class='ocrx_word' id='word_1_39' title='bbox 1254 1061 1418 1127; x_wconf 91' lang='lat' dir='ltr'>quos</span> <span class='ocrx_word' id='word_1_40' title='bbox 1460 1052 1826 1126; x_wconf 78' lang='lat' dir='ltr'>sequuntur</span> 
     </span>
     <span class='ocr_line' id='line_1_7' title="bbox 74 1129 1825 1240; baseline -0.001 -22"><span class='ocrx_word' id='word_1_41' title='bbox 74 1129 196 1186; x_wconf 66' lang='lat'>&#39;9²¹’</span> <span class='ocrx_word' id='word_1_42' title='bbox 260 1152 543 1240; x_wconf 88' lang='lat' dir='ltr'>quidam</span> <span class='ocrx_word' id='word_1_43' title='bbox 597 1154 915 1220; x_wconf 85' lang='lat' dir='ltr'>moderni.</span> <span class='ocrx_word' id='word_1_44' title='bbox 962 1153 1234 1229; x_wconf 82' lang='lat' dir='ltr'><strong>Quidam</strong></span> <span class='ocrx_word' id='word_1_45' title='bbox 1268 1166 1483 1219; x_wconf 88' lang='lat' dir='ltr'>autem</span> <span class='ocrx_word' id='word_1_46' title='bbox 1522 1164 1825 1220; x_wconf 89' lang='lat' dir='ltr'>asserunt</span> 
     </span>
     <span class='ocr_line' id='line_1_8' title="bbox 259 1269 1823 1356; baseline 0 -21"><span class='ocrx_word' id='word_1_47' title='bbox 259 1282 678 1356; x_wconf 86' lang='lat' dir='ltr'>praeceptum</span> <span class='ocrx_word' id='word_1_48' title='bbox 730 1270 1058 1351; x_wconf 84' lang='lat' dir='ltr'>divinum,</span> <span class='ocrx_word' id='word_1_49' title='bbox 1111 1269 1372 1356; x_wconf 89' lang='lat' dir='ltr'>quidam</span> <span class='ocrx_word' id='word_1_50' title='bbox 1424 1270 1823 1336; x_wconf 87' lang='lat' dir='ltr'>Ecclesiasti-</span> 
     </span>
     <span class='ocr_line' id='line_1_9' title="bbox 254 1386 1821 1473; baseline 0 -21"><span class='ocrx_word' id='word_1_51' title='bbox 254 1407 447 1466; x_wconf 90' lang='lat' dir='ltr'>cum,</span> <span class='ocrx_word' id='word_1_52' title='bbox 499 1400 561 1452; x_wconf 89' lang='lat' dir='ltr'>et</span> <span class='ocrx_word' id='word_1_53' title='bbox 599 1386 931 1473; x_wconf 82' lang='lat' dir='ltr'>explicant</span> <span class='ocrx_word' id='word_1_54' title='bbox 984 1407 1060 1452; x_wconf 93' lang='lat' dir='ltr'>eo</span> <span class='ocrx_word' id='word_1_55' title='bbox 1113 1387 1304 1451; x_wconf 87' lang='lat' dir='ltr'>modo</span> <span class='ocrx_word' id='word_1_56' title='bbox 1338 1408 1466 1473; x_wconf 88' lang='lat' dir='ltr'>quo</span> <span class='ocrx_word' id='word_1_57' title='bbox 1510 1388 1821 1452; x_wconf 86' lang='lat' dir='ltr'>commix-</span> 
     </span>
     <span class='ocr_line' id='line_1_10' title="bbox 256 1502 1505 1592; baseline 0.001 -23"><span class='ocrx_word' id='word_1_58' title='bbox 256 1517 334 1569; x_wconf 90' lang='lat' dir='ltr'>to</span> <span class='ocrx_word' id='word_1_59' title='bbox 372 1524 559 1592; x_wconf 73' lang='lat' dir='ltr'>aquae</span> <span class='ocrx_word' id='word_1_60' title='bbox 601 1502 665 1568; x_wconf 90' lang='lat' dir='ltr'>in</span> <span class='ocrx_word' id='word_1_61' title='bbox 698 1503 989 1583; x_wconf 83' lang='lat' dir='ltr'>calicem,</span> <span class='ocrx_word' id='word_1_62' title='bbox 1027 1516 1125 1570; x_wconf 90' lang='lat' dir='ltr'>est</span> <span class='ocrx_word' id='word_1_63' title='bbox 1174 1504 1505 1590; x_wconf 71' lang='lat' dir='ltr'>praecepti.</span> 
     </span>
     <span class='ocr_line' id='line_1_11' title="bbox 76 1619 1825 1706; baseline 0.001 -23"><span class='ocrx_word' id='word_1_64' title='bbox 76 1641 230 1698; x_wconf 67' lang='lat' dir='ltr'>:mem</span> <span class='ocrx_word' id='word_1_65' title='bbox 364 1619 775 1686; x_wconf 81' lang='lat' dir='ltr'>Contrarium</span> <span class='ocrx_word' id='word_1_66' title='bbox 837 1620 1036 1706; x_wconf 88' lang='lat' dir='ltr'>hujus</span> <span class='ocrx_word' id='word_1_67' title='bbox 1096 1619 1331 1686; x_wconf 84' lang='lat' dir='ltr'>docent</span> <span class='ocrx_word' id='word_1_68' title='bbox 1387 1620 1825 1685; x_wconf 88' lang='lat' dir='ltr'>communiter</span> 
     </span>
     <span class='ocr_line' id='line_1_12' title="bbox 74 1705 1820 1818; baseline -0.002 -18"><span class='ocrx_word' id='word_1_69' title='bbox 74 1705 236 1800; x_wconf 49' lang='lat'>:2¹3⁸-</span> <span class='ocrx_word' id='word_1_70' title='bbox 266 1735 611 1811; x_wconf 79' lang='lat' dir='ltr'>DoctoreS,</span> <span class='ocrx_word' id='word_1_71' title='bbox 664 1752 876 1818; x_wconf 83' lang='lat' dir='ltr'>neque</span> <span class='ocrx_word' id='word_1_72' title='bbox 908 1731 1082 1798; x_wconf 89' lang='lat' dir='ltr'>aliud</span> <span class='ocrx_word' id='word_1_73' title='bbox 1130 1752 1322 1818; x_wconf 89' lang='lat' dir='ltr'>posse</span> <span class='ocrx_word' id='word_1_74' title='bbox 1361 1731 1668 1799; x_wconf 88' lang='lat' dir='ltr'>sustineri</span> <span class='ocrx_word' id='word_1_75' title='bbox 1719 1732 1820 1796; x_wconf 79' lang='lat' dir='ltr'>vi-</span> 
     </span>
     <span class='ocr_line' id='line_1_13' title="bbox 74 1830 1823 1935; baseline -0.001 -22"><span class='ocrx_word' id='word_1_76' title='bbox 74 1830 213 1926; x_wconf 54' lang='lat' dir='ltr'>{³31²oe</span> <span class='ocrx_word' id='word_1_77' title='bbox 265 1847 468 1914; x_wconf 89' lang='lat' dir='ltr'>detur</span> <span class='ocrx_word' id='word_1_78' title='bbox 509 1858 655 1933; x_wconf 87' lang='lat' dir='ltr'>post</span> <span class='ocrx_word' id='word_1_79' title='bbox 709 1848 1181 1928; x_wconf 78' lang='lat' dir='ltr'>Florentinum,</span> <span class='ocrx_word' id='word_1_80' title='bbox 1228 1849 1397 1935; x_wconf 87' lang='lat' dir='ltr'>quod</span> <span class='ocrx_word' id='word_1_81' title='bbox 1448 1848 1633 1914; x_wconf 93' lang='lat' dir='ltr'>docet</span> <span class='ocrx_word' id='word_1_82' title='bbox 1694 1869 1823 1913; x_wconf 91' lang='lat' dir='ltr'>ma-</span> 
     </span>
     <span class='ocr_line' id='line_1_14' title="bbox 82 1954 1821 2050; baseline 0.002 -23"><span class='ocrx_word' id='word_1_83' title='bbox 82 1954 239 1988; x_wconf 74' lang='lat' dir='ltr'>men·</span> <span class='ocrx_word' id='word_1_84' title='bbox 269 1965 510 2029; x_wconf 90' lang='lat' dir='ltr'>teriam</span> <span class='ocrx_word' id='word_1_85' title='bbox 545 1965 744 2050; x_wconf 87' lang='lat' dir='ltr'>hujus</span> <span class='ocrx_word' id='word_1_86' title='bbox 784 1965 1180 2030; x_wconf 91' lang='lat' dir='ltr'>Sacramenti</span> <span class='ocrx_word' id='word_1_87' title='bbox 1221 1986 1365 2030; x_wconf 90' lang='lat' dir='ltr'>esse</span> <span class='ocrx_word' id='word_1_88' title='bbox 1409 1965 1692 2031; x_wconf 80' lang='lat' dir='ltr'>chrisma</span> <span class='ocrx_word' id='word_1_89' title='bbox 1742 1985 1821 2030; x_wconf 81' lang='lat' dir='ltr'>ex</span> 
     </span>
     <span class='ocr_line' id='line_1_15' title="bbox 268 2078 1825 2167; baseline 0.003 -24"><span class='ocrx_word' id='word_1_90' title='bbox 268 2080 424 2144; x_wconf 87' lang='lat' dir='ltr'>oleo</span> <span class='ocrx_word' id='word_1_91' title='bbox 490 2091 553 2146; x_wconf 89' lang='lat' dir='ltr'>et</span> <span class='ocrx_word' id='word_1_92' title='bbox 605 2078 894 2145; x_wconf 89' lang='lat' dir='ltr'>balsamo</span> <span class='ocrx_word' id='word_1_93' title='bbox 952 2080 1349 2146; x_wconf 86' lang='lat' dir='ltr'>confectum.</span> <span class='ocrx_word' id='word_1_94' title='bbox 1411 2081 1825 2167; x_wconf 81' lang='lat' dir='ltr'>Respondent</span> 
     </span>
     <span class='ocr_line' id='line_1_16' title="bbox 271 2195 1820 2285; baseline 0.001 -23"><span class='ocrx_word' id='word_1_95' title='bbox 271 2195 780 2283; x_wconf 89' lang='lat' dir='ltr'>intelligendum</span> <span class='ocrx_word' id='word_1_96' title='bbox 812 2217 960 2262; x_wconf 92' lang='lat' dir='ltr'>esse</span> <span class='ocrx_word' id='word_1_97' title='bbox 995 2196 1354 2263; x_wconf 88' lang='lat' dir='ltr'>Concilium</span> <span class='ocrx_word' id='word_1_98' title='bbox 1397 2212 1711 2285; x_wconf 89' lang='lat' dir='ltr'>quantum</span> <span class='ocrx_word' id='word_1_99' title='bbox 1744 2199 1820 2264; x_wconf 93' lang='lat' dir='ltr'>ad</span> 
     </span>
     <span class='ocr_line' id='line_1_17' title="bbox 271 2311 1819 2398; baseline 0.004 -23"><span class='ocrx_word' id='word_1_100' title='bbox 271 2311 733 2378; x_wconf 89' lang='lat' dir='ltr'>necessitatem</span> <span class='ocrx_word' id='word_1_101' title='bbox 811 2312 1116 2398; x_wconf 81' lang='lat' dir='ltr'>proecepti</span> <span class='ocrx_word' id='word_1_102' title='bbox 1165 2312 1375 2398; x_wconf 87' lang='lat' dir='ltr'>quoad</span> <span class='ocrx_word' id='word_1_103' title='bbox 1438 2313 1819 2381; x_wconf 82' lang='lat' dir='ltr'>mixtionem</span> 
     </span>
     <span class='ocr_line' id='line_1_18' title="bbox 272 2426 1824 2513; baseline 0.002 -21"><span class='ocrx_word' id='word_1_104' title='bbox 272 2426 574 2507; x_wconf 90' lang='lat' dir='ltr'>balsami,</span> <span class='ocrx_word' id='word_1_105' title='bbox 650 2448 777 2493; x_wconf 94' lang='lat' dir='ltr'>non</span> <span class='ocrx_word' id='word_1_106' title='bbox 848 2445 1004 2491; x_wconf 88' lang='lat' dir='ltr'>vero</span> <span class='ocrx_word' id='word_1_107' title='bbox 1048 2439 1364 2513; x_wconf 89' lang='lat' dir='ltr'>quantum</span> <span class='ocrx_word' id='word_1_108' title='bbox 1417 2428 1494 2492; x_wconf 87' lang='lat' dir='ltr'>ad</span> <span class='ocrx_word' id='word_1_109' title='bbox 1541 2429 1824 2495; x_wconf 89' lang='lat' dir='ltr'>necessi-</span> 
     </span>
     <span class='ocr_line' id='line_1_19' title="bbox 272 2541 1824 2621; baseline 0 -14"><span class='ocrx_word' id='word_1_110' title='bbox 272 2553 475 2607; x_wconf 88' lang='lat' dir='ltr'>tatem</span> <span class='ocrx_word' id='word_1_111' title='bbox 580 2542 1000 2608; x_wconf 91' lang='lat' dir='ltr'>Sacramenti.</span> <span class='ocrx_word' id='word_1_112' title='bbox 1077 2545 1337 2621; x_wconf 82' lang='lat' dir='ltr'>Contra,</span> <span class='ocrx_word' id='word_1_113' title='bbox 1427 2541 1549 2607; x_wconf 88' lang='lat' dir='ltr'>hoc</span> <span class='ocrx_word' id='word_1_114' title='bbox 1633 2542 1824 2607; x_wconf 87' lang='lat' dir='ltr'>modo</span> 
     </span>
     <span class='ocr_line' id='line_1_20' title="bbox 270 2658 1827 2747; baseline -0.001 -23"><span class='ocrx_word' id='word_1_115' title='bbox 270 2671 495 2747; x_wconf 87' lang='lat' dir='ltr'>posset</span> <span class='ocrx_word' id='word_1_116' title='bbox 601 2659 889 2726; x_wconf 86' lang='lat' dir='ltr'>revocari</span> <span class='ocrx_word' id='word_1_117' title='bbox 995 2661 1060 2725; x_wconf 91' lang='lat' dir='ltr'>in</span> <span class='ocrx_word' id='word_1_118' title='bbox 1165 2659 1434 2725; x_wconf 90' lang='lat' dir='ltr'>dubium</span> <span class='ocrx_word' id='word_1_119' title='bbox 1516 2658 1827 2745; x_wconf 85' lang='lat' dir='ltr'>quaelibet</span> 
     </span>
     <span class='ocr_line' id='line_1_21' title="bbox 270 2776 1817 2862; baseline 0 -21"><span class='ocrx_word' id='word_1_120' title='bbox 270 2776 547 2842; x_wconf 79' lang='lat' dir='ltr'>materia</span> <span class='ocrx_word' id='word_1_121' title='bbox 587 2777 983 2843; x_wconf 87' lang='lat' dir='ltr'>Sacramenti</span> <span class='ocrx_word' id='word_1_122' title='bbox 1024 2798 1104 2843; x_wconf 87' lang='lat' dir='ltr'>ex</span> <span class='ocrx_word' id='word_1_123' title='bbox 1141 2776 1437 2862; x_wconf 89' lang='lat' dir='ltr'>pluribus</span> <span class='ocrx_word' id='word_1_124' title='bbox 1485 2788 1817 2859; x_wconf 81' lang='lat' dir='ltr'>constans,</span> 
     </span>
     <span class='ocr_line' id='line_1_22' title="bbox 270 2892 1817 2980; baseline -0.001 -22"><span class='ocrx_word' id='word_1_125' title='bbox 270 2892 437 2980; x_wconf 90' lang='lat' dir='ltr'>quin</span> <span class='ocrx_word' id='word_1_126' title='bbox 522 2892 717 2958; x_wconf 88' lang='lat' dir='ltr'>etiam</span> <span class='ocrx_word' id='word_1_127' title='bbox 806 2912 887 2957; x_wconf 86' lang='lat' dir='ltr'>an</span> <span class='ocrx_word' id='word_1_128' title='bbox 936 2893 1151 2958; x_wconf 88' lang='lat' dir='ltr'>oleum</span> <span class='ocrx_word' id='word_1_129' title='bbox 1192 2892 1278 2958; x_wconf 88' lang='lat' dir='ltr'>sit</span> <span class='ocrx_word' id='word_1_130' title='bbox 1355 2892 1817 2971; x_wconf 88' lang='lat' dir='ltr'>necessarium,</span> 
     </span>
     <span class='ocr_line' id='line_1_23' title="bbox 271 3006 1817 3094; baseline -0.001 -20"><span class='ocrx_word' id='word_1_131' title='bbox 271 3008 508 3074; x_wconf 90' lang='lat' dir='ltr'>saltem</span> <span class='ocrx_word' id='word_1_132' title='bbox 584 3006 932 3088; x_wconf 90' lang='lat' dir='ltr'>olivarum,</span> <span class='ocrx_word' id='word_1_133' title='bbox 1011 3007 1169 3094; x_wconf 90' lang='lat' dir='ltr'>quin</span> <span class='ocrx_word' id='word_1_134' title='bbox 1226 3007 1554 3074; x_wconf 81' lang='lat' dir='ltr'>sufficeret</span> <span class='ocrx_word' id='word_1_135' title='bbox 1619 3006 1817 3085; x_wconf 90' lang='lat' dir='ltr'>aliud,</span> 
     </span>
     <span class='ocr_line' id='line_1_24' title="bbox 272 3123 1590 3213; baseline 0.002 -21"><span class='ocrx_word' id='word_1_136' title='bbox 272 3124 382 3194; x_wconf 87' lang='lat' dir='ltr'>vel</span> <span class='ocrx_word' id='word_1_137' title='bbox 443 3123 715 3207; x_wconf 89' lang='lat' dir='ltr'>nullum,</span> <span class='ocrx_word' id='word_1_138' title='bbox 780 3124 894 3192; x_wconf 90' lang='lat' dir='ltr'>sed</span> <span class='ocrx_word' id='word_1_139' title='bbox 944 3126 1157 3213; x_wconf 89' lang='lat' dir='ltr'>ipsum</span> <span class='ocrx_word' id='word_1_140' title='bbox 1202 3127 1590 3194; x_wconf 82' lang='lat' dir='ltr'>balsamum.</span> 
     </span>
     <span class='ocr_line' id='line_1_25' title="bbox 112 3242 1823 3334; baseline 0.004 -28"><span class='ocrx_word' id='word_1_141' title='bbox 112 3311 126 3322; x_wconf 65' lang='grc'><em>,</em></span> <span class='ocrx_word' id='word_1_142' title='bbox 368 3245 714 3322; x_wconf 86' lang='lat' dir='ltr'>Praeterea,</span> <span class='ocrx_word' id='word_1_143' title='bbox 763 3242 887 3308; x_wconf 89' lang='lat' dir='ltr'>hoc</span> <span class='ocrx_word' id='word_1_144' title='bbox 936 3264 1064 3309; x_wconf 91' lang='lat' dir='ltr'>non</span> <span class='ocrx_word' id='word_1_145' title='bbox 1121 3256 1220 3309; x_wconf 91' lang='lat' dir='ltr'>est</span> <span class='ocrx_word' id='word_1_146' title='bbox 1261 3245 1623 3311; x_wconf 89' lang='lat' dir='ltr'>secundum</span> <span class='ocrx_word' id='word_1_147' title='bbox 1685 3257 1823 3334; x_wconf 86' lang='lat' dir='ltr'>sty-</span> 
     </span>
     <span class='ocr_line' id='line_1_26' title="bbox 76 3337 1825 3451; baseline 0.002 -26"><span class='ocrx_word' id='word_1_148' title='bbox 76 3337 225 3451; x_wconf 44' lang='lat'>{322¹}</span> <span class='ocrx_word' id='word_1_149' title='bbox 276 3358 414 3425; x_wconf 93' lang='lat' dir='ltr'>lum</span> <span class='ocrx_word' id='word_1_150' title='bbox 468 3358 761 3437; x_wconf 90' lang='lat' dir='ltr'>Concilii,</span> <span class='ocrx_word' id='word_1_151' title='bbox 825 3359 978 3445; x_wconf 91' lang='lat' dir='ltr'>quia</span> <span class='ocrx_word' id='word_1_152' title='bbox 1023 3359 1357 3425; x_wconf 84' lang='lat' dir='ltr'>materiam</span> <span class='ocrx_word' id='word_1_153' title='bbox 1408 3380 1534 3426; x_wconf 93' lang='lat' dir='ltr'>non</span> <span class='ocrx_word' id='word_1_154' title='bbox 1603 3382 1825 3428; x_wconf 91' lang='lat' dir='ltr'>neces-</span> 
     </span>
     <span class='ocr_line' id='line_1_27' title="bbox 74 3475 1822 3577; baseline 0.002 -35"><span class='ocrx_word' id='word_1_155' title='bbox 74 3478 232 3577; x_wconf 51' lang='lat'>{13¹¹}</span> <span class='ocrx_word' id='word_1_156' title='bbox 276 3475 544 3555; x_wconf 91' lang='lat' dir='ltr'>sariam,</span> <span class='ocrx_word' id='word_1_157' title='bbox 581 3476 845 3542; x_wconf 86' lang='lat' dir='ltr'>sicutet</span> <span class='ocrx_word' id='word_1_158' title='bbox 896 3477 1166 3541; x_wconf 81' lang='lat' dir='ltr'>formam</span> <span class='ocrx_word' id='word_1_159' title='bbox 1220 3476 1459 3542; x_wconf 89' lang='lat' dir='ltr'>ibidem</span> <span class='ocrx_word' id='word_1_160' title='bbox 1513 3477 1822 3548; x_wconf 89' lang='lat' dir='ltr'>declarat.</span> 
     </span>
     <span class='ocr_line' id='line_1_28' title="bbox 76 3588 1823 3680; baseline 0.003 -24"><span class='ocrx_word' id='word_1_161' title='bbox 76 3588 238 3642; x_wconf 76' lang='lat' dir='ltr'>saria.</span> <span class='ocrx_word' id='word_1_162' title='bbox 273 3606 587 3678; x_wconf 89' lang='lat' dir='ltr'>tanquam</span> <span class='ocrx_word' id='word_1_163' title='bbox 639 3590 813 3671; x_wconf 87' lang='lat' dir='ltr'>talia,</span> <span class='ocrx_word' id='word_1_164' title='bbox 895 3603 967 3656; x_wconf 92' lang='lat' dir='ltr'>ut</span> <span class='ocrx_word' id='word_1_165' title='bbox 1013 3591 1182 3678; x_wconf 84' lang='lat' dir='ltr'>quod</span> <span class='ocrx_word' id='word_1_166' title='bbox 1238 3592 1466 3657; x_wconf 80' lang='lat' dir='ltr'>mixtio</span> <span class='ocrx_word' id='word_1_167' title='bbox 1519 3614 1708 3680; x_wconf 82' lang='lat' dir='ltr'>aquae</span> <span class='ocrx_word' id='word_1_168' title='bbox 1758 3596 1823 3661; x_wconf 91' lang='lat' dir='ltr'>in</span> 
     </span>
     <span class='ocr_line' id='line_1_29' title="bbox 268 3706 1822 3794; baseline 0.002 -20"><span class='ocrx_word' id='word_1_169' title='bbox 268 3706 473 3774; x_wconf 89' lang='lat' dir='ltr'>calice</span> <span class='ocrx_word' id='word_1_170' title='bbox 514 3707 599 3774; x_wconf 87' lang='lat' dir='ltr'>sit</span> <span class='ocrx_word' id='word_1_171' title='bbox 630 3718 881 3772; x_wconf 89' lang='lat' dir='ltr'>tantum</span> <span class='ocrx_word' id='word_1_172' title='bbox 916 3707 995 3772; x_wconf 89' lang='lat' dir='ltr'>de</span> <span class='ocrx_word' id='word_1_173' title='bbox 1036 3720 1360 3794; x_wconf 84' lang='lat' dir='ltr'>praecepto</span> <span class='ocrx_word' id='word_1_174' title='bbox 1420 3710 1822 3778; x_wconf 85' lang='lat' dir='ltr'>Ecclesiasti-</span> 
     </span>
     <span class='ocr_line' id='line_1_30' title="bbox 268 3822 1825 3907; baseline 0.001 -17"><span class='ocrx_word' id='word_1_175' title='bbox 268 3846 371 3905; x_wconf 81' lang='lat' dir='ltr'>cO,</span> <span class='ocrx_word' id='word_1_176' title='bbox 408 3822 810 3890; x_wconf 90' lang='lat' dir='ltr'>consecratio</span> <span class='ocrx_word' id='word_1_177' title='bbox 842 3822 907 3888; x_wconf 94' lang='lat' dir='ltr'>in</span> <span class='ocrx_word' id='word_1_178' title='bbox 941 3842 1105 3907; x_wconf 90' lang='lat' dir='ltr'>pane</span> <span class='ocrx_word' id='word_1_179' title='bbox 1138 3822 1369 3901; x_wconf 87' lang='lat' dir='ltr'>azim0,</span> <span class='ocrx_word' id='word_1_180' title='bbox 1400 3837 1510 3889; x_wconf 90' lang='lat' dir='ltr'>aut</span> <span class='ocrx_word' id='word_1_181' title='bbox 1542 3825 1825 3892; x_wconf 83' lang='lat' dir='ltr'>fermen-</span> 
     </span>
     <span class='ocr_line' id='line_1_31' title="bbox 267 3939 1823 4027; baseline 0 -19"><span class='ocrx_word' id='word_1_182' title='bbox 267 3954 403 4008; x_wconf 92' lang='lat' dir='ltr'>tato</span> <span class='ocrx_word' id='word_1_183' title='bbox 434 3940 704 4027; x_wconf 87' lang='lat' dir='ltr'>perinde</span> <span class='ocrx_word' id='word_1_184' title='bbox 746 3940 956 4006; x_wconf 85' lang='lat' dir='ltr'>facere</span> <span class='ocrx_word' id='word_1_185' title='bbox 995 3939 1072 4005; x_wconf 87' lang='lat' dir='ltr'>ad</span> <span class='ocrx_word' id='word_1_186' title='bbox 1133 3941 1557 4006; x_wconf 87' lang='lat' dir='ltr'>substantiam</span> <span class='ocrx_word' id='word_1_187' title='bbox 1602 3944 1823 4009; x_wconf 90' lang='lat' dir='ltr'>Sacra-</span> 
     </span>
     <span class='ocr_line' id='line_1_32' title="bbox 275 4057 1819 4147; baseline 0.001 -24"><span class='ocrx_word' id='word_1_188' title='bbox 275 4057 477 4124; x_wconf 91' lang='lat' dir='ltr'>menti</span> <span class='ocrx_word' id='word_1_189' title='bbox 520 4058 824 4143; x_wconf 85' lang='lat' dir='ltr'>Corporis</span> <span class='ocrx_word' id='word_1_190' title='bbox 860 4057 1125 4135; x_wconf 83' lang='lat' dir='ltr'>Christi,</span> <span class='ocrx_word' id='word_1_191' title='bbox 1183 4070 1248 4123; x_wconf 88' lang='lat' dir='ltr'>et</span> <span class='ocrx_word' id='word_1_192' title='bbox 1280 4058 1616 4124; x_wconf 86' lang='lat' dir='ltr'>materiam</span> <span class='ocrx_word' id='word_1_193' title='bbox 1652 4061 1819 4147; x_wconf 82' lang='lat' dir='ltr'>ejuS,</span> 
     </span>
     <span class='ocr_line' id='line_1_33' title="bbox 272 4174 1823 4263; baseline 0.002 -22"><span class='ocrx_word' id='word_1_194' title='bbox 272 4174 447 4263; x_wconf 91' lang='lat' dir='ltr'>quod</span> <span class='ocrx_word' id='word_1_195' title='bbox 507 4176 649 4240; x_wconf 88' lang='lat' dir='ltr'>sive</span> <span class='ocrx_word' id='word_1_196' title='bbox 698 4185 915 4241; x_wconf 90' lang='lat' dir='ltr'>utatur</span> <span class='ocrx_word' id='word_1_197' title='bbox 963 4175 1112 4261; x_wconf 90' lang='lat' dir='ltr'>quis</span> <span class='ocrx_word' id='word_1_198' title='bbox 1175 4176 1386 4240; x_wconf 84' lang='lat' dir='ltr'>forma</span> <span class='ocrx_word' id='word_1_199' title='bbox 1448 4177 1823 4244; x_wconf 87' lang='lat' dir='ltr'>Latinorum</span> 
     </span>
     <span class='ocr_line' id='line_1_34' title="bbox 277 4292 1826 4377; baseline 0.002 -20"><span class='ocrx_word' id='word_1_200' title='bbox 277 4303 392 4358; x_wconf 81' lang='lat' dir='ltr'>aut</span> <span class='ocrx_word' id='word_1_201' title='bbox 459 4294 832 4358; x_wconf 73' lang='lat' dir='ltr'>Graecorum</span> <span class='ocrx_word' id='word_1_202' title='bbox 899 4292 965 4356; x_wconf 90' lang='lat' dir='ltr'>in</span> <span class='ocrx_word' id='word_1_203' title='bbox 1028 4292 1380 4377; x_wconf 82' lang='lat' dir='ltr'>Baptismo,</span> <span class='ocrx_word' id='word_1_204' title='bbox 1445 4292 1660 4359; x_wconf 89' lang='lat' dir='ltr'>valide</span> <span class='ocrx_word' id='word_1_205' title='bbox 1718 4295 1826 4360; x_wconf 91' lang='lat' dir='ltr'>ba-</span> 
     </span>
     <span class='ocr_line' id='line_1_35' title="bbox 74 4409 1826 4495; baseline 0.005 -27"><span class='ocrx_word' id='word_1_206' title='bbox 74 4419 227 4478; x_wconf 76' lang='lat' dir='ltr'>1uitu1·</span> <span class='ocrx_word' id='word_1_207' title='bbox 283 4409 501 4495; x_wconf 91' lang='lat' dir='ltr'>ptizat.</span> <span class='ocrx_word' id='word_1_208' title='bbox 543 4412 628 4474; x_wconf 90' lang='lat' dir='ltr'>De</span> <span class='ocrx_word' id='word_1_209' title='bbox 661 4410 932 4474; x_wconf 79' lang='lat' dir='ltr'>materia</span> <span class='ocrx_word' id='word_1_210' title='bbox 970 4419 1185 4474; x_wconf 72' lang='lat' dir='ltr'>autem</span> <span class='ocrx_word' id='word_1_211' title='bbox 1222 4411 1621 4476; x_wconf 86' lang='lat' dir='ltr'>Sacramenti</span> <span class='ocrx_word' id='word_1_212' title='bbox 1664 4415 1826 4477; x_wconf 88' lang='lat' dir='ltr'>Con-</span> 
     </span>
    </p>
   </div>
   <div class='ocr_carea' id='block_1_3' title="bbox 76 4486 1825 4611">
    <p class='ocr_par' dir='ltr' id='par_1_3' title="bbox 76 4486 1825 4611">
     <span class='ocr_line' id='line_1_36' title="bbox 76 4486 1825 4611; baseline 0.004 -25"><span class='ocrx_word' id='word_1_213' title='bbox 76 4486 259 4590; x_wconf 40' lang='lat' dir='ltr'>:gigaat</span> <span class='ocrx_word' id='word_1_214' title='bbox 282 4522 668 4589; x_wconf 85' lang='lat' dir='ltr'>firmationis</span> <span class='ocrx_word' id='word_1_215' title='bbox 696 4523 986 4611; x_wconf 90' lang='lat' dir='ltr'>loquitur</span> <span class='ocrx_word' id='word_1_216' title='bbox 1045 4525 1339 4592; x_wconf 89' lang='lat' dir='ltr'>absolute</span> <span class='ocrx_word' id='word_1_217' title='bbox 1381 4536 1445 4591; x_wconf 87' lang='lat' dir='ltr'>et</span> <span class='ocrx_word' id='word_1_218' title='bbox 1484 4527 1626 4592; x_wconf 88' lang='lat' dir='ltr'>sine</span> <span class='ocrx_word' id='word_1_219' title='bbox 1657 4526 1825 4593; x_wconf 91' lang='lat' dir='ltr'>limi-</span> 
     </span>
    </p>
   </div>
   <div class='ocr_carea' id='block_1_4' title="bbox 74 4611 1824 5544">
    <p class='ocr_par' dir='ltr' id='par_1_4' title="bbox 74 4611 1824 5544">
     <span class='ocr_line' id='line_1_37' title="bbox 74 4611 1824 4714; baseline 0.003 -10"><span class='ocrx_word' id='word_1_220' title='bbox 74 4611 238 4714; x_wconf 39' lang='lat' dir='ltr'>agone</span> <span class='ocrx_word' id='word_1_221' title='bbox 283 4638 527 4705; x_wconf 91' lang='lat' dir='ltr'>tatione</span> <span class='ocrx_word' id='word_1_222' title='bbox 557 4660 858 4705; x_wconf 89' lang='lat' dir='ltr'>asserens</span> <span class='ocrx_word' id='word_1_223' title='bbox 889 4660 1035 4706; x_wconf 91' lang='lat' dir='ltr'>esse</span> <span class='ocrx_word' id='word_1_224' title='bbox 1091 4640 1377 4707; x_wconf 82' lang='lat' dir='ltr'>chrisma</span> <span class='ocrx_word' id='word_1_225' title='bbox 1414 4640 1605 4706; x_wconf 86' lang='lat' dir='ltr'>modo</span> <span class='ocrx_word' id='word_1_226' title='bbox 1653 4642 1824 4710; x_wconf 87' lang='lat' dir='ltr'>dicto</span> 
     </span>
     <span class='ocr_line' id='line_1_38' title="bbox 78 4736 1824 4843; baseline 0.003 -23"><span class='ocrx_word' id='word_1_227' title='bbox 78 4736 254 4784; x_wconf 55' lang='lat' dir='ltr'>mm·</span> <span class='ocrx_word' id='word_1_228' title='bbox 280 4752 685 4831; x_wconf 79' lang='lat' dir='ltr'>consectum3</span> <span class='ocrx_word' id='word_1_229' title='bbox 715 4775 872 4842; x_wconf 84' lang='lat' dir='ltr'>ergo</span> <span class='ocrx_word' id='word_1_230' title='bbox 896 4756 1284 4843; x_wconf 86' lang='lat' dir='ltr'>intelligitur</span> <span class='ocrx_word' id='word_1_231' title='bbox 1311 4757 1578 4823; x_wconf 89' lang='lat' dir='ltr'>materia</span> <span class='ocrx_word' id='word_1_232' title='bbox 1604 4778 1824 4825; x_wconf 92' lang='lat' dir='ltr'>neces-</span> 
     </span>
     <span class='ocr_line' id='line_1_39' title="bbox 279 4870 1822 4963; baseline 0.003 -26"><span class='ocrx_word' id='word_1_233' title='bbox 279 4870 452 4937; x_wconf 85' lang='lat' dir='ltr'>saria</span> <span class='ocrx_word' id='word_1_234' title='bbox 493 4871 881 4938; x_wconf 74' lang='lat' dir='ltr'>necessitate</span> <span class='ocrx_word' id='word_1_235' title='bbox 921 4872 1347 4951; x_wconf 89' lang='lat' dir='ltr'>Sacramenti,</span> <span class='ocrx_word' id='word_1_236' title='bbox 1382 4874 1483 4940; x_wconf 91' lang='lat' dir='ltr'>vel</span> <span class='ocrx_word' id='word_1_237' title='bbox 1534 4874 1822 4963; x_wconf 88' lang='lat' dir='ltr'>alioquin</span> 
     </span>
     <span class='ocr_line' id='line_1_40' title="bbox 278 4987 1821 5079; baseline 0.002 -23"><span class='ocrx_word' id='word_1_238' title='bbox 278 4987 603 5075; x_wconf 89' lang='lat' dir='ltr'>loquendo</span> <span class='ocrx_word' id='word_1_239' title='bbox 650 4988 731 5055; x_wconf 89' lang='lat' dir='ltr'>de</span> <span class='ocrx_word' id='word_1_240' title='bbox 797 4992 1065 5055; x_wconf 89' lang='lat' dir='ltr'>materia</span> <span class='ocrx_word' id='word_1_241' title='bbox 1106 4990 1404 5076; x_wconf 88' lang='lat' dir='ltr'>proxima</span> <span class='ocrx_word' id='word_1_242' title='bbox 1447 4992 1645 5079; x_wconf 89' lang='lat' dir='ltr'>hujus</span> <span class='ocrx_word' id='word_1_243' title='bbox 1704 4995 1821 5059; x_wconf 90' lang='lat' dir='ltr'>Sa-</span> 
     </span>
     <span class='ocr_line' id='line_1_41' title="bbox 275 5103 1822 5192; baseline 0.003 -23"><span class='ocrx_word' id='word_1_244' title='bbox 275 5103 617 5184; x_wconf 85' lang='lat' dir='ltr'>cramenti,</span> <span class='ocrx_word' id='word_1_245' title='bbox 680 5104 761 5170; x_wconf 91' lang='lat' dir='ltr'>de</span> <span class='ocrx_word' id='word_1_246' title='bbox 808 5123 933 5192; x_wconf 87' lang='lat' dir='ltr'>qua</span> <span class='ocrx_word' id='word_1_247' title='bbox 982 5105 1229 5171; x_wconf 91' lang='lat' dir='ltr'>dictum</span> <span class='ocrx_word' id='word_1_248' title='bbox 1275 5123 1396 5186; x_wconf 88' lang='lat' dir='ltr'>est,</span> <span class='ocrx_word' id='word_1_249' title='bbox 1453 5125 1686 5192; x_wconf 89' lang='lat' dir='ltr'>nempe</span> <span class='ocrx_word' id='word_1_250' title='bbox 1742 5107 1822 5173; x_wconf 93' lang='lat' dir='ltr'>de</span> 
     </span>
     <span class='ocr_line' id='line_1_42' title="bbox 275 5221 1820 5310; baseline 0.002 -23"><span class='ocrx_word' id='word_1_251' title='bbox 275 5221 581 5288; x_wconf 89' lang='lat' dir='ltr'>unctione</span> <span class='ocrx_word' id='word_1_252' title='bbox 620 5221 684 5286; x_wconf 91' lang='lat' dir='ltr'>in</span> <span class='ocrx_word' id='word_1_253' title='bbox 730 5223 964 5302; x_wconf 84' lang='lat' dir='ltr'>fronte,</span> <span class='ocrx_word' id='word_1_254' title='bbox 1024 5224 1194 5289; x_wconf 92' lang='lat' dir='ltr'>unde</span> <span class='ocrx_word' id='word_1_255' title='bbox 1242 5223 1544 5310; x_wconf 86' lang='lat' dir='ltr'>colligam</span> <span class='ocrx_word' id='word_1_256' title='bbox 1608 5225 1820 5290; x_wconf 88' lang='lat' dir='ltr'>uncti-</span> 
     </span>
     <span class='ocr_line' id='line_1_43' title="bbox 274 5337 1821 5424; baseline 0.003 -21"><span class='ocrx_word' id='word_1_257' title='bbox 274 5358 468 5403; x_wconf 90' lang='lat' dir='ltr'>onem</span> <span class='ocrx_word' id='word_1_258' title='bbox 516 5338 582 5403; x_wconf 93' lang='lat' dir='ltr'>in</span> <span class='ocrx_word' id='word_1_259' title='bbox 631 5337 737 5403; x_wconf 89' lang='lat' dir='ltr'>illa</span> <span class='ocrx_word' id='word_1_260' title='bbox 779 5351 960 5424; x_wconf 90' lang='lat' dir='ltr'>parte</span> <span class='ocrx_word' id='word_1_261' title='bbox 1017 5339 1444 5405; x_wconf 84' lang='lat' dir='ltr'>determinata</span> <span class='ocrx_word' id='word_1_262' title='bbox 1498 5360 1645 5407; x_wconf 92' lang='lat' dir='ltr'>esse</span> <span class='ocrx_word' id='word_1_263' title='bbox 1687 5363 1821 5407; x_wconf 85' lang='lat' dir='ltr'>ma-</span> 
     </span>
     <span class='ocr_line' id='line_1_44' title="bbox 272 5452 1818 5544; baseline 0.005 -27"><span class='ocrx_word' id='word_1_264' title='bbox 272 5452 379 5539; x_wconf 89' lang='lat' dir='ltr'>gis</span> <span class='ocrx_word' id='word_1_265' title='bbox 489 5453 568 5518; x_wconf 89' lang='lat' dir='ltr'>de</span> <span class='ocrx_word' id='word_1_266' title='bbox 645 5454 1029 5520; x_wconf 89' lang='lat' dir='ltr'>necessitate</span> <span class='ocrx_word' id='word_1_267' title='bbox 1110 5456 1532 5536; x_wconf 80' lang='lat' dir='ltr'>Sacramenti,</span> <span class='ocrx_word' id='word_1_268' title='bbox 1623 5479 1818 5544; x_wconf 88' lang='lat' dir='ltr'>quam</span> 
     </span>
    </p>
   </div>
   <div class='ocr_carea' id='block_1_5' title="bbox 273 5567 1820 5655">
    <p class='ocr_par' dir='ltr' id='par_1_5' title="bbox 273 5567 1820 5655">
     <span class='ocr_line' id='line_1_45' title="bbox 273 5567 1820 5655; baseline 0.003 -21"><span class='ocrx_word' id='word_1_269' title='bbox 273 5567 479 5634; x_wconf 88' lang='lat' dir='ltr'>solius</span> <span class='ocrx_word' id='word_1_270' title='bbox 534 5569 898 5655; x_wconf 78' lang='lat' dir='ltr'>praecepti?</span> <span class='ocrx_word' id='word_1_271' title='bbox 949 5589 1095 5637; x_wconf 89' lang='lat' dir='ltr'>nam</span> <span class='ocrx_word' id='word_1_272' title='bbox 1144 5571 1197 5636; x_wconf 84' lang='lat' dir='ltr'>si</span> <span class='ocrx_word' id='word_1_273' title='bbox 1259 5571 1410 5638; x_wconf 90' lang='lat' dir='ltr'>licet</span> <span class='ocrx_word' id='word_1_274' title='bbox 1460 5572 1658 5638; x_wconf 88' lang='lat' dir='ltr'>verba</span> <span class='ocrx_word' id='word_1_275' title='bbox 1708 5578 1820 5639; x_wconf 90' lang='lat' dir='ltr'>Ca-</span> 
     </span>
    </p>
   </div>
   <div class='ocr_carea' id='block_1_6' title="bbox 3378 413 3499 476">
    <p class='ocr_par' dir='ltr' id='par_1_6' title="bbox 3378 413 3499 476">
     <span class='ocr_line' id='line_1_46' title="bbox 3378 413 3499 476; baseline 0.008 -1"><span class='ocrx_word' id='word_1_276' title='bbox 3378 413 3499 476; x_wconf 80' lang='lat'>667</span> 
     </span>
    </p>
   </div>
   <div class='ocr_carea' id='block_1_7' title="bbox 1936 575 3834 2049">
    <p class='ocr_par' dir='ltr' id='par_1_7' title="bbox 1937 575 3494 780">
     <span class='ocr_line' id='line_1_47' title="bbox 1948 575 3494 655; baseline 0 -14"><span class='ocrx_word' id='word_1_277' title='bbox 1948 577 2137 642; x_wconf 90' lang='lat' dir='ltr'>nonis</span> <span class='ocrx_word' id='word_1_278' title='bbox 2199 577 2263 642; x_wconf 93' lang='lat' dir='ltr'>in</span> <span class='ocrx_word' id='word_1_279' title='bbox 2323 576 2703 643; x_wconf 81' lang='lat' dir='ltr'>definitione</span> <span class='ocrx_word' id='word_1_280' title='bbox 2761 575 2908 642; x_wconf 89' lang='lat' dir='ltr'>fidei</span> <span class='ocrx_word' id='word_1_281' title='bbox 2950 575 3335 655; x_wconf 87' lang='lat' dir='ltr'>distrahere,</span> <span class='ocrx_word' id='word_1_282' title='bbox 3381 588 3494 641; x_wconf 87' lang='lat' dir='ltr'>aut</span> 
     </span>
     <span class='ocr_line' id='line_1_48' title="bbox 1937 691 3488 780; baseline -0.001 -23"><span class='ocrx_word' id='word_1_283' title='bbox 1937 692 2220 759; x_wconf 88' lang='lat' dir='ltr'>limitare</span> <span class='ocrx_word' id='word_1_284' title='bbox 2252 693 2329 758; x_wconf 88' lang='lat' dir='ltr'>ad</span> <span class='ocrx_word' id='word_1_285' title='bbox 2384 714 2510 758; x_wconf 90' lang='lat' dir='ltr'>non</span> <span class='ocrx_word' id='word_1_286' title='bbox 2542 693 2816 780; x_wconf 89' lang='lat' dir='ltr'>adjecta,</span> <span class='ocrx_word' id='word_1_287' title='bbox 2864 692 2977 757; x_wconf 88' lang='lat' dir='ltr'>vix</span> <span class='ocrx_word' id='word_1_288' title='bbox 3012 691 3249 778; x_wconf 88' lang='lat' dir='ltr'>poterit</span> <span class='ocrx_word' id='word_1_289' title='bbox 3300 691 3488 757; x_wconf 88' lang='lat' dir='ltr'>certi·</span> 
     </span>
    </p>

    <p class='ocr_par' dir='ltr' id='par_1_8' title="bbox 1941 804 3490 892">
     <span class='ocr_line' id='line_1_49' title="bbox 1941 804 3490 892; baseline -0.001 -22"><span class='ocrx_word' id='word_1_290' title='bbox 1941 808 2095 873; x_wconf 91' lang='lat' dir='ltr'>tudo</span> <span class='ocrx_word' id='word_1_291' title='bbox 2164 807 2522 872; x_wconf 88' lang='lat' dir='ltr'>necessaria</span> <span class='ocrx_word' id='word_1_292' title='bbox 2568 806 2836 892; x_wconf 88' lang='lat' dir='ltr'>reperiri</span> <span class='ocrx_word' id='word_1_293' title='bbox 2880 818 2943 871; x_wconf 91' lang='lat' dir='ltr'>et</span> <span class='ocrx_word' id='word_1_294' title='bbox 2998 804 3229 883; x_wconf 88' lang='lat' dir='ltr'>notari,</span> <span class='ocrx_word' id='word_1_295' title='bbox 3270 814 3490 890; x_wconf 86' lang='lat' dir='ltr'>posset</span> 
     </span>
    </p>

    <p class='ocr_par' dir='ltr' id='par_1_9' title="bbox 1941 918 3486 1008">
     <span class='ocr_line' id='line_1_50' title="bbox 1941 918 3486 1008; baseline -0.002 -21"><span class='ocrx_word' id='word_1_296' title='bbox 1941 923 2048 988; x_wconf 84' lang='lat' dir='ltr'>ille</span> <span class='ocrx_word' id='word_1_297' title='bbox 2117 943 2465 1008; x_wconf 89' lang='lat' dir='ltr'>processus</span> <span class='ocrx_word' id='word_1_298' title='bbox 2523 922 2603 988; x_wconf 91' lang='lat' dir='ltr'>de</span> <span class='ocrx_word' id='word_1_299' title='bbox 2652 920 3050 987; x_wconf 84' lang='lat' dir='ltr'>obscuritate</span> <span class='ocrx_word' id='word_1_300' title='bbox 3109 931 3173 985; x_wconf 93' lang='lat' dir='ltr'>et</span> <span class='ocrx_word' id='word_1_301' title='bbox 3229 918 3486 986; x_wconf 81' lang='lat' dir='ltr'>insuffi-</span> 
     </span>
    </p>

    <p class='ocr_par' dir='ltr' id='par_1_10' title="bbox 1936 1033 3483 1123">
     <span class='ocr_line' id='line_1_51' title="bbox 1936 1033 3483 1123; baseline -0.003 -20"><span class='ocrx_word' id='word_1_302' title='bbox 1936 1037 2196 1116; x_wconf 89' lang='lat' dir='ltr'>cientia,</span> <span class='ocrx_word' id='word_1_303' title='bbox 2245 1036 2395 1123; x_wconf 89' lang='lat' dir='ltr'>quia</span> <span class='ocrx_word' id='word_1_304' title='bbox 2440 1051 2612 1102; x_wconf 89' lang='lat' dir='ltr'>certa</span> <span class='ocrx_word' id='word_1_305' title='bbox 2653 1036 2733 1102; x_wconf 91' lang='lat' dir='ltr'>ab</span> <span class='ocrx_word' id='word_1_306' title='bbox 2766 1034 3034 1102; x_wconf 89' lang='lat' dir='ltr'>incertis</span> <span class='ocrx_word' id='word_1_307' title='bbox 3074 1053 3202 1099; x_wconf 91' lang='lat' dir='ltr'>non</span> <span class='ocrx_word' id='word_1_308' title='bbox 3254 1033 3483 1099; x_wconf 90' lang='lat' dir='ltr'>distin-</span> 
     </span>
    </p>

    <p class='ocr_par' dir='ltr' id='par_1_11' title="bbox 1936 1137 3834 2049">
     <span class='ocr_line' id='line_1_52' title="bbox 1939 1137 3833 1250; baseline -0.003 -31"><span class='ocrx_word' id='word_1_309' title='bbox 1939 1164 2169 1239; x_wconf 90' lang='lat' dir='ltr'>gueret</span> <span class='ocrx_word' id='word_1_310' title='bbox 2201 1172 2321 1219; x_wconf 91' lang='lat' dir='ltr'>nec</span> <span class='ocrx_word' id='word_1_311' title='bbox 2351 1152 2704 1219; x_wconf 88' lang='lat' dir='ltr'>declararet</span> <span class='ocrx_word' id='word_1_312' title='bbox 2735 1150 2907 1239; x_wconf 90' lang='lat' dir='ltr'>quod</span> <span class='ocrx_word' id='word_1_313' title='bbox 2940 1172 3053 1237; x_wconf 89' lang='lat' dir='ltr'>per</span> <span class='ocrx_word' id='word_1_314' title='bbox 3086 1171 3157 1216; x_wconf 91' lang='lat' dir='ltr'>se</span> <span class='ocrx_word' id='word_1_315' title='bbox 3187 1169 3484 1215; x_wconf 87' lang='lat' dir='ltr'>necessa·</span> <span class='ocrx_word' id='word_1_316' title='bbox 3513 1137 3833 1250; x_wconf 52' lang='lat' dir='ltr'>omui-‘13</span> 
     </span>
     <span class='ocr_line' id='line_1_53' title="bbox 1936 1261 3834 1377; baseline -0.003 -44"><span class='ocrx_word' id='word_1_317' title='bbox 1936 1269 2108 1334; x_wconf 88' lang='lat' dir='ltr'>rium</span> <span class='ocrx_word' id='word_1_318' title='bbox 2151 1281 2271 1352; x_wconf 91' lang='lat' dir='ltr'>est,</span> <span class='ocrx_word' id='word_1_319' title='bbox 2317 1281 2379 1335; x_wconf 92' lang='lat' dir='ltr'>et</span> <span class='ocrx_word' id='word_1_320' title='bbox 2418 1268 2787 1347; x_wconf 86' lang='lat' dir='ltr'>essentiale,</span> <span class='ocrx_word' id='word_1_321' title='bbox 2832 1268 2912 1333; x_wconf 93' lang='lat' dir='ltr'>ab</span> <span class='ocrx_word' id='word_1_322' title='bbox 2980 1288 3057 1333; x_wconf 93' lang='lat' dir='ltr'>eo</span> <span class='ocrx_word' id='word_1_323' title='bbox 3096 1265 3269 1353; x_wconf 90' lang='lat' dir='ltr'>quod</span> <span class='ocrx_word' id='word_1_324' title='bbox 3319 1263 3482 1351; x_wconf 88' lang='lat' dir='ltr'>adji-</span> <span class='ocrx_word' id='word_1_325' title='bbox 3527 1261 3834 1377; x_wconf 50' lang='grc' dir='ltr'>(ὲῖίῖἳὶῑὲἓὲθ</span> 
     </span>
     <span class='ocr_line' id='line_1_54' title="bbox 1937 1380 3832 1499; baseline -0.003 -49"><span class='ocrx_word' id='word_1_326' title='bbox 1937 1386 2107 1451; x_wconf 90' lang='lat' dir='ltr'>citur</span> <span class='ocrx_word' id='word_1_327' title='bbox 2187 1408 2302 1473; x_wconf 91' lang='lat' dir='ltr'>per</span> <span class='ocrx_word' id='word_1_328' title='bbox 2373 1386 2633 1451; x_wconf 90' lang='lat' dir='ltr'>modum</span> <span class='ocrx_word' id='word_1_329' title='bbox 2703 1384 3080 1462; x_wconf 88' lang='lat' dir='ltr'>accidentis,</span> <span class='ocrx_word' id='word_1_330' title='bbox 3168 1380 3340 1470; x_wconf 89' lang='lat' dir='ltr'>quod</span> <span class='ocrx_word' id='word_1_331' title='bbox 3416 1382 3482 1447; x_wconf 90' lang='lat' dir='ltr'>in</span> <span class='ocrx_word' id='word_1_332' title='bbox 3541 1387 3832 1499; x_wconf 54' lang='grc' dir='ltr'>αάιᾶιὲξῑου-</span> 
     </span>
     <span class='ocr_line' id='line_1_55' title="bbox 1937 1486 3728 1589; baseline -0.002 -22"><span class='ocrx_word' id='word_1_333' title='bbox 1937 1502 2113 1567; x_wconf 90' lang='lat' dir='ltr'>omni</span> <span class='ocrx_word' id='word_1_334' title='bbox 2157 1501 2559 1582; x_wconf 86' lang='lat' dir='ltr'>definitione,</span> <span class='ocrx_word' id='word_1_335' title='bbox 2605 1502 2670 1567; x_wconf 92' lang='lat' dir='ltr'>in</span> <span class='ocrx_word' id='word_1_336' title='bbox 2722 1520 3134 1589; x_wconf 89' lang='lat' dir='ltr'>quacumque</span> <span class='ocrx_word' id='word_1_337' title='bbox 3184 1499 3479 1578; x_wconf 90' lang='lat' dir='ltr'>materia,</span> <span class='ocrx_word' id='word_1_338' title='bbox 3714 1486 3728 1500; x_wconf 76' lang='grc'><strong><em>’</em></strong></span> 
     </span>
     <span class='ocr_line' id='line_1_56' title="bbox 1937 1615 3489 1703; baseline -0.002 -22"><span class='ocrx_word' id='word_1_339' title='bbox 1937 1630 1998 1681; x_wconf 91' lang='lat' dir='ltr'>et</span> <span class='ocrx_word' id='word_1_340' title='bbox 2049 1616 2459 1703; x_wconf 90' lang='lat' dir='ltr'>potissimum</span> <span class='ocrx_word' id='word_1_341' title='bbox 2516 1615 2687 1695; x_wconf 87' lang='lat' dir='ltr'>fidei,</span> <span class='ocrx_word' id='word_1_342' title='bbox 2743 1636 2892 1702; x_wconf 86' lang='lat' dir='ltr'>quae</span> <span class='ocrx_word' id='word_1_343' title='bbox 2930 1615 3123 1680; x_wconf 91' lang='lat' dir='ltr'>debet</span> <span class='ocrx_word' id='word_1_344' title='bbox 3171 1634 3299 1679; x_wconf 92' lang='lat' dir='ltr'>non</span> <span class='ocrx_word' id='word_1_345' title='bbox 3340 1633 3489 1679; x_wconf 91' lang='lat' dir='ltr'>esse</span> 
     </span>
     <span class='ocr_line' id='line_1_57' title="bbox 1937 1729 3488 1818; baseline -0.003 -20"><span class='ocrx_word' id='word_1_346' title='bbox 1937 1732 2267 1818; x_wconf 85' lang='lat' dir='ltr'>ambigua,</span> <span class='ocrx_word' id='word_1_347' title='bbox 2321 1743 2420 1798; x_wconf 87' lang='lat' dir='ltr'>est</span> <span class='ocrx_word' id='word_1_348' title='bbox 2476 1732 2807 1798; x_wconf 89' lang='lat' dir='ltr'>vitiosum.</span> <span class='ocrx_word' id='word_1_349' title='bbox 2865 1730 3047 1797; x_wconf 89' lang='lat' dir='ltr'>Unde</span> <span class='ocrx_word' id='word_1_350' title='bbox 3100 1730 3206 1797; x_wconf 89' lang='lat' dir='ltr'>hic</span> <span class='ocrx_word' id='word_1_351' title='bbox 3258 1729 3488 1796; x_wconf 89' lang='lat' dir='ltr'>modus</span> 
     </span>
     <span class='ocr_line' id='line_1_58' title="bbox 1940 1843 3488 1934; baseline -0.003 -21"><span class='ocrx_word' id='word_1_352' title='bbox 1940 1847 2409 1934; x_wconf 90' lang='lat' dir='ltr'>interpretandi</span> <span class='ocrx_word' id='word_1_353' title='bbox 2471 1848 2831 1913; x_wconf 90' lang='lat' dir='ltr'>locutiones</span> <span class='ocrx_word' id='word_1_354' title='bbox 2878 1845 3208 1912; x_wconf 88' lang='lat' dir='ltr'>absolutas</span> <span class='ocrx_word' id='word_1_355' title='bbox 3260 1855 3324 1910; x_wconf 88' lang='lat' dir='ltr'>et</span> <span class='ocrx_word' id='word_1_356' title='bbox 3379 1843 3488 1909; x_wconf 91' lang='lat' dir='ltr'>do·</span> 
     </span>
     <span class='ocr_line' id='line_1_59' title="bbox 1936 1959 3484 2049; baseline -0.003 -20"><span class='ocrx_word' id='word_1_357' title='bbox 1936 1964 2245 2029; x_wconf 88' lang='lat' dir='ltr'>ctrinales</span> <span class='ocrx_word' id='word_1_358' title='bbox 2297 1963 2576 2049; x_wconf 88' lang='lat' dir='ltr'>plurima</span> <span class='ocrx_word' id='word_1_359' title='bbox 2627 1962 2986 2028; x_wconf 90' lang='lat' dir='ltr'>ministeria</span> <span class='ocrx_word' id='word_1_360' title='bbox 3040 1960 3189 2027; x_wconf 89' lang='lat' dir='ltr'>fidei</span> <span class='ocrx_word' id='word_1_361' title='bbox 3258 1959 3484 2026; x_wconf 88' lang='lat' dir='ltr'>redde·</span> 
     </span>
    </p>
   </div>
   <div class='ocr_carea' id='block_1_8' title="bbox 1938 2080 2408 2165">
    <p class='ocr_par' dir='ltr' id='par_1_12' title="bbox 1938 2080 2408 2165">
     <span class='ocr_line' id='line_1_60' title="bbox 1938 2080 2408 2165; baseline -0.002 -20"><span class='ocrx_word' id='word_1_362' title='bbox 1938 2090 2037 2145; x_wconf 90' lang='lat' dir='ltr'>ret</span> <span class='ocrx_word' id='word_1_363' title='bbox 2075 2080 2408 2165; x_wconf 90' lang='lat' dir='ltr'>ambigua.</span> 
     </span>
    </p>
   </div>
   <div class='ocr_carea' id='block_1_9' title="bbox 1934 2182 3842 2390">
    <p class='ocr_par' dir='ltr' id='par_1_13' title="bbox 1934 2182 3842 2390">
     <span class='ocr_line' id='line_1_61' title="bbox 2023 2182 3806 2274; baseline -0.002 -22"><span class='ocrx_word' id='word_1_364' title='bbox 2023 2187 2482 2264; x_wconf 87' lang='lat' dir='ltr'>Confirmatur,</span> <span class='ocrx_word' id='word_1_365' title='bbox 2568 2185 2719 2271; x_wconf 90' lang='lat' dir='ltr'>quia</span> <span class='ocrx_word' id='word_1_366' title='bbox 2803 2182 3161 2251; x_wconf 90' lang='lat' dir='ltr'>Concilium</span> <span class='ocrx_word' id='word_1_367' title='bbox 3240 2184 3476 2251; x_wconf 89' lang='lat' dir='ltr'>ibidem</span> <span class='ocrx_word' id='word_1_368' title='bbox 3638 2197 3719 2249; x_wconf 84' lang='lat'>19.</span> <span class='ocrx_word' id='word_1_369' title='bbox 3794 2262 3806 2274; x_wconf 44' lang='lat'>‚</span> 
     </span>
     <span class='ocr_line' id='line_1_62' title="bbox 1934 2262 3842 2390; baseline -0.003 -19"><span class='ocrx_word' id='word_1_370' title='bbox 1934 2326 2141 2390; x_wconf 85' lang='lat' dir='ltr'>agens</span> <span class='ocrx_word' id='word_1_371' title='bbox 2200 2303 2280 2369; x_wconf 86' lang='lat' dir='ltr'>de</span> <span class='ocrx_word' id='word_1_372' title='bbox 2337 2304 2544 2369; x_wconf 85' lang='lat' dir='ltr'>forma</span> <span class='ocrx_word' id='word_1_373' title='bbox 2596 2302 2906 2388; x_wconf 89' lang='lat' dir='ltr'>Baptismi</span> <span class='ocrx_word' id='word_1_374' title='bbox 2959 2303 3146 2368; x_wconf 91' lang='lat' dir='ltr'>docet</span> <span class='ocrx_word' id='word_1_375' title='bbox 3204 2302 3361 2390; x_wconf 89' lang='lat' dir='ltr'>quid</span> <span class='ocrx_word' id='word_1_376' title='bbox 3415 2302 3480 2366; x_wconf 86' lang='lat' dir='ltr'>in</span> <span class='ocrx_word' id='word_1_377' title='bbox 3513 2262 3842 2374; x_wconf 47' lang='lat' dir='ltr'>cgssgffianuo</span> 
     </span>
    </p>
   </div>
   <div class='ocr_carea' id='block_1_10' title="bbox 1937 2387 3797 2624">
    <p class='ocr_par' dir='ltr' id='par_1_14' title="bbox 1937 2387 3797 2624">
     <span class='ocr_line' id='line_1_63' title="bbox 1937 2387 3797 2507; baseline -0.003 -19"><span class='ocrx_word' id='word_1_378' title='bbox 1937 2443 2009 2488; x_wconf 88' lang='lat' dir='ltr'>ea</span> <span class='ocrx_word' id='word_1_379' title='bbox 2081 2421 2453 2507; x_wconf 83' lang='lat' dir='ltr'>requiratur</span> <span class='ocrx_word' id='word_1_380' title='bbox 2526 2419 2833 2505; x_wconf 82' lang='lat' dir='ltr'>exprimi,</span> <span class='ocrx_word' id='word_1_381' title='bbox 2908 2418 3191 2485; x_wconf 89' lang='lat' dir='ltr'>declarat</span> <span class='ocrx_word' id='word_1_382' title='bbox 3268 2428 3484 2484; x_wconf 85' lang='lat' dir='ltr'>actum</span> <span class='ocrx_word' id='word_1_383' title='bbox 3567 2387 3797 2500; x_wconf 49' lang='lat' dir='ltr'>5212}ss</span> 
     </span>
     <span class='ocr_line' id='line_1_64' title="bbox 1939 2536 3486 2624; baseline -0.002 -21"><span class='ocrx_word' id='word_1_384' title='bbox 1939 2537 2325 2624; x_wconf 82' lang='lat' dir='ltr'>baptizandi,</span> <span class='ocrx_word' id='word_1_385' title='bbox 2442 2551 2502 2603; x_wconf 92' lang='lat' dir='ltr'>et</span> <span class='ocrx_word' id='word_1_386' title='bbox 2544 2556 2886 2624; x_wconf 86' lang='lat' dir='ltr'>personam</span> <span class='ocrx_word' id='word_1_387' title='bbox 2958 2536 3284 2621; x_wconf 88' lang='lat' dir='ltr'>baptizati,</span> <span class='ocrx_word' id='word_1_388' title='bbox 3339 2554 3486 2601; x_wconf 90' lang='lat' dir='ltr'>cum</span> 
     </span>
    </p>
   </div>
   <div class='ocr_carea' id='block_1_11' title="bbox 1940 2654 3493 2741">
    <p class='ocr_par' dir='ltr' id='par_1_15' title="bbox 1940 2654 3493 2741">
     <span class='ocr_line' id='line_1_65' title="bbox 1940 2654 3493 2741; baseline 0 -21"><span class='ocrx_word' id='word_1_389' title='bbox 1940 2657 2351 2722; x_wconf 89' lang='lat' dir='ltr'>invocatione</span> <span class='ocrx_word' id='word_1_390' title='bbox 2418 2656 2753 2722; x_wconf 88' lang='lat' dir='ltr'>Trinitatis</span> <span class='ocrx_word' id='word_1_391' title='bbox 2805 2654 2884 2722; x_wconf 89' lang='lat' dir='ltr'>de</span> <span class='ocrx_word' id='word_1_392' title='bbox 2922 2675 3041 2741; x_wconf 89' lang='lat' dir='ltr'>per</span> <span class='ocrx_word' id='word_1_393' title='bbox 3079 2674 3151 2720; x_wconf 88' lang='lat' dir='ltr'>se</span> <span class='ocrx_word' id='word_1_394' title='bbox 3180 2673 3326 2720; x_wconf 90' lang='lat' dir='ltr'>esse</span> <span class='ocrx_word' id='word_1_395' title='bbox 3377 2675 3493 2720; x_wconf 90' lang='lat' dir='ltr'>ne-</span> 
     </span>
    </p>
   </div>
   <div class='ocr_carea' id='block_1_12' title="bbox 1884 2771 3492 2861">
    <p class='ocr_par' dir='ltr' id='par_1_16' title="bbox 1884 2771 3492 2861">
     <span class='ocr_line' id='line_1_66' title="bbox 1884 2771 3492 2861; baseline -0.002 -22"><span class='ocrx_word' id='word_1_396' title='bbox 1884 2807 1887 2812; x_wconf 95' lang='lat'>·</span> <span class='ocrx_word' id='word_1_397' title='bbox 1937 2775 2222 2840; x_wconf 91' lang='lat' dir='ltr'>cessario</span> <span class='ocrx_word' id='word_1_398' title='bbox 2261 2773 2712 2861; x_wconf 88' lang='lat' dir='ltr'>exprimenda,</span> <span class='ocrx_word' id='word_1_399' title='bbox 2757 2793 2832 2840; x_wconf 88' lang='lat' dir='ltr'>ac</span> <span class='ocrx_word' id='word_1_400' title='bbox 2893 2772 3165 2860; x_wconf 90' lang='lat' dir='ltr'>proinde</span> <span class='ocrx_word' id='word_1_401' title='bbox 3211 2771 3492 2837; x_wconf 90' lang='lat' dir='ltr'>validam</span> 
     </span>
    </p>
   </div>
   <div class='ocr_carea' id='block_1_13' title="bbox 1932 2889 3827 5540">
    <p class='ocr_par' dir='ltr' id='par_1_17' title="bbox 1938 2889 3494 3094">
     <span class='ocr_line' id='line_1_67' title="bbox 1938 2889 3494 2976; baseline -0.001 -20"><span class='ocrx_word' id='word_1_402' title='bbox 1938 2913 2085 2958; x_wconf 88' lang='lat' dir='ltr'>esse</span> <span class='ocrx_word' id='word_1_403' title='bbox 2153 2893 2428 2958; x_wconf 84' lang='lat' dir='ltr'>formam</span> <span class='ocrx_word' id='word_1_404' title='bbox 2491 2893 2890 2968; x_wconf 76' lang='lat' dir='ltr'>Graecorum,</span> <span class='ocrx_word' id='word_1_405' title='bbox 2983 2889 3287 2976; x_wconf 85' lang='lat' dir='ltr'>quamvis</span> <span class='ocrx_word' id='word_1_406' title='bbox 3364 2910 3494 2955; x_wconf 93' lang='lat' dir='ltr'>non</span> 
     </span>
     <span class='ocr_line' id='line_1_68' title="bbox 1938 3005 3491 3094; baseline -0.001 -21"><span class='ocrx_word' id='word_1_407' title='bbox 1938 3007 2344 3093; x_wconf 85' lang='lat' dir='ltr'>exprimatur</span> <span class='ocrx_word' id='word_1_408' title='bbox 2394 3007 2460 3072; x_wconf 93' lang='lat' dir='ltr'>in</span> <span class='ocrx_word' id='word_1_409' title='bbox 2513 3028 2587 3074; x_wconf 91' lang='lat' dir='ltr'>ea</span> <span class='ocrx_word' id='word_1_410' title='bbox 2637 3027 2913 3094; x_wconf 86' lang='lat' dir='ltr'>persona</span> <span class='ocrx_word' id='word_1_411' title='bbox 2966 3005 3276 3086; x_wconf 90' lang='lat' dir='ltr'>ministri,</span> <span class='ocrx_word' id='word_1_412' title='bbox 3340 3007 3491 3093; x_wconf 91' lang='lat' dir='ltr'>quia</span> 
     </span>
    </p>

    <p class='ocr_par' dir='ltr' id='par_1_18' title="bbox 1938 3121 3494 3329">
     <span class='ocr_line' id='line_1_69' title="bbox 1938 3121 3494 3205; baseline 0.003 -19"><span class='ocrx_word' id='word_1_413' title='bbox 1938 3121 2017 3186; x_wconf 88' lang='lat' dir='ltr'>de</span> <span class='ocrx_word' id='word_1_414' title='bbox 2050 3121 2154 3186; x_wconf 85' lang='lat' dir='ltr'>his</span> <span class='ocrx_word' id='word_1_415' title='bbox 2195 3121 2316 3187; x_wconf 81' lang='lat' dir='ltr'>fuit</span> <span class='ocrx_word' id='word_1_416' title='bbox 2347 3122 2816 3205; x_wconf 90' lang='lat' dir='ltr'>controversia,</span> <span class='ocrx_word' id='word_1_417' title='bbox 2852 3135 2965 3191; x_wconf 89' lang='lat' dir='ltr'>aut</span> <span class='ocrx_word' id='word_1_418' title='bbox 3003 3123 3276 3190; x_wconf 89' lang='lat' dir='ltr'>dubium</span> <span class='ocrx_word' id='word_1_419' title='bbox 3325 3123 3494 3190; x_wconf 91' lang='lat' dir='ltr'>inter</span> 
     </span>
     <span class='ocr_line' id='line_1_70' title="bbox 1938 3239 3489 3329; baseline 0.001 -25"><span class='ocrx_word' id='word_1_420' title='bbox 1938 3239 2217 3326; x_wconf 81' lang='lat' dir='ltr'>aliquoS,</span> <span class='ocrx_word' id='word_1_421' title='bbox 2299 3240 2634 3307; x_wconf 87' lang='lat' dir='ltr'>declarans</span> <span class='ocrx_word' id='word_1_422' title='bbox 2674 3241 2868 3307; x_wconf 90' lang='lat' dir='ltr'>etiam</span> <span class='ocrx_word' id='word_1_423' title='bbox 2913 3261 3143 3329; x_wconf 88' lang='lat' dir='ltr'>aquam</span> <span class='ocrx_word' id='word_1_424' title='bbox 3211 3241 3489 3308; x_wconf 89' lang='lat' dir='ltr'>miscen-</span> 
     </span>
    </p>

    <p class='ocr_par' dir='ltr' id='par_1_19' title="bbox 1941 3354 3487 3444">
     <span class='ocr_line' id='line_1_71' title="bbox 1941 3354 3487 3444; baseline 0.001 -24"><span class='ocrx_word' id='word_1_425' title='bbox 1941 3354 2090 3420; x_wconf 88' lang='lat' dir='ltr'>dam</span> <span class='ocrx_word' id='word_1_426' title='bbox 2172 3356 2331 3420; x_wconf 85' lang='lat' dir='ltr'>vino</span> <span class='ocrx_word' id='word_1_427' title='bbox 2407 3376 2551 3423; x_wconf 90' lang='lat' dir='ltr'>esse</span> <span class='ocrx_word' id='word_1_428' title='bbox 2600 3376 2680 3422; x_wconf 85' lang='lat' dir='ltr'>ex</span> <span class='ocrx_word' id='word_1_429' title='bbox 2752 3370 3114 3444; x_wconf 77' lang='lat' dir='ltr'>praecept03</span> <span class='ocrx_word' id='word_1_430' title='bbox 3216 3357 3487 3444; x_wconf 85' lang='lat' dir='ltr'>exponit</span> 
     </span>
    </p>

    <p class='ocr_par' dir='ltr' id='par_1_20' title="bbox 1944 3473 3494 3558">
     <span class='ocr_line' id='line_1_72' title="bbox 1944 3473 3494 3558; baseline 0.001 -21"><span class='ocrx_word' id='word_1_431' title='bbox 1944 3473 2140 3538; x_wconf 90' lang='lat' dir='ltr'>etiam</span> <span class='ocrx_word' id='word_1_432' title='bbox 2175 3485 2573 3558; x_wconf 75' lang='lat' dir='ltr'>praeceptum</span> <span class='ocrx_word' id='word_1_433' title='bbox 2617 3495 2760 3540; x_wconf 90' lang='lat' dir='ltr'>esse</span> <span class='ocrx_word' id='word_1_434' title='bbox 2800 3474 3315 3541; x_wconf 88' lang='lat' dir='ltr'>ecclesiasticum</span> <span class='ocrx_word' id='word_1_435' title='bbox 3351 3485 3494 3539; x_wconf 91' lang='lat' dir='ltr'>tan-</span> 
     </span>
    </p>

    <p class='ocr_par' dir='ltr' id='par_1_21' title="bbox 1939 3590 3489 3678">
     <span class='ocr_line' id='line_1_73' title="bbox 1939 3590 3489 3678; baseline 0.002 -24"><span class='ocrx_word' id='word_1_436' title='bbox 1939 3601 2102 3669; x_wconf 89' lang='lat' dir='ltr'>tum,</span> <span class='ocrx_word' id='word_1_437' title='bbox 2160 3590 2333 3676; x_wconf 88' lang='lat' dir='ltr'>quod</span> <span class='ocrx_word' id='word_1_438' title='bbox 2383 3591 2653 3678; x_wconf 89' lang='lat' dir='ltr'>perinde</span> <span class='ocrx_word' id='word_1_439' title='bbox 2701 3591 2989 3658; x_wconf 92' lang='lat' dir='ltr'>declarat</span> <span class='ocrx_word' id='word_1_440' title='bbox 3031 3591 3489 3657; x_wconf 89' lang='lat' dir='ltr'>Tridentinum</span> 
     </span>
    </p>

    <p class='ocr_par' dir='ltr' id='par_1_22' title="bbox 1937 3706 3486 3794">
     <span class='ocr_line' id='line_1_74' title="bbox 1937 3706 3486 3794; baseline 0.001 -25"><span class='ocrx_word' id='word_1_441' title='bbox 1937 3727 2091 3773; x_wconf 68' lang='lat' dir='ltr'>scs-8.</span> <span class='ocrx_word' id='word_1_442' title='bbox 2139 3709 2255 3772; x_wconf 69' lang='lat'>22.</span> <span class='ocrx_word' id='word_1_443' title='bbox 2302 3728 2448 3792; x_wconf 84' lang='lat' dir='ltr'>cap.</span> <span class='ocrx_word' id='word_1_444' title='bbox 2496 3711 2558 3773; x_wconf 82' lang='lat'>7.</span> <span class='ocrx_word' id='word_1_445' title='bbox 2605 3710 2953 3787; x_wconf 76' lang='lat' dir='ltr'>Praeterea,</span> <span class='ocrx_word' id='word_1_446' title='bbox 3010 3728 3217 3794; x_wconf 86' lang='lat' dir='ltr'>agens</span> <span class='ocrx_word' id='word_1_447' title='bbox 3248 3706 3328 3773; x_wconf 93' lang='lat' dir='ltr'>de</span> <span class='ocrx_word' id='word_1_448' title='bbox 3360 3707 3486 3773; x_wconf 86' lang='lat' dir='ltr'>mi-</span> 
     </span>
    </p>

    <p class='ocr_par' dir='ltr' id='par_1_23' title="bbox 1939 3823 3485 3909">
     <span class='ocr_line' id='line_1_75' title="bbox 1939 3823 3485 3909; baseline -0.001 -19"><span class='ocrx_word' id='word_1_449' title='bbox 1939 3825 2148 3890; x_wconf 90' lang='lat' dir='ltr'>nistro</span> <span class='ocrx_word' id='word_1_450' title='bbox 2188 3823 2390 3909; x_wconf 88' lang='lat' dir='ltr'>hujus</span> <span class='ocrx_word' id='word_1_451' title='bbox 2452 3824 2854 3889; x_wconf 90' lang='lat' dir='ltr'>Sacramenti</span> <span class='ocrx_word' id='word_1_452' title='bbox 2887 3824 3045 3890; x_wconf 90' lang='lat' dir='ltr'>dicit</span> <span class='ocrx_word' id='word_1_453' title='bbox 3084 3824 3485 3890; x_wconf 88' lang='lat' dir='ltr'>ordinarium</span> 
     </span>
    </p>

    <p class='ocr_par' dir='ltr' id='par_1_24' title="bbox 1939 3940 3488 4254">
     <span class='ocr_line' id='line_1_76' title="bbox 1939 3940 3486 4026; baseline -0.002 -18"><span class='ocrx_word' id='word_1_454' title='bbox 1939 3962 2085 4007; x_wconf 88' lang='lat' dir='ltr'>esse</span> <span class='ocrx_word' id='word_1_455' title='bbox 2159 3940 2581 4026; x_wconf 86' lang='lat' dir='ltr'>Episcopum,</span> <span class='ocrx_word' id='word_1_456' title='bbox 2671 3940 3260 4006; x_wconf 84' lang='lat' dir='ltr'>extraordinarium</span> <span class='ocrx_word' id='word_1_457' title='bbox 3329 3961 3486 4006; x_wconf 90' lang='lat' dir='ltr'>vero</span> 
     </span>
     <span class='ocr_line' id='line_1_77' title="bbox 1939 4055 3488 4135; baseline -0.002 -10"><span class='ocrx_word' id='word_1_458' title='bbox 1939 4056 2401 4135; x_wconf 87' lang='lat' dir='ltr'>Sacerdotem;</span> <span class='ocrx_word' id='word_1_459' title='bbox 2459 4076 2607 4123; x_wconf 91' lang='lat' dir='ltr'>cum</span> <span class='ocrx_word' id='word_1_460' title='bbox 2648 4055 2872 4121; x_wconf 90' lang='lat' dir='ltr'>eadem</span> <span class='ocrx_word' id='word_1_461' title='bbox 2904 4055 3293 4122; x_wconf 89' lang='lat' dir='ltr'>limitatione</span> <span class='ocrx_word' id='word_1_462' title='bbox 3342 4057 3488 4122; x_wconf 90' lang='lat' dir='ltr'>Tri-</span> 
     </span>
     <span class='ocr_line' id='line_1_78' title="bbox 1939 4171 3484 4254; baseline -0.002 -15"><span class='ocrx_word' id='word_1_463' title='bbox 1939 4173 2279 4239; x_wconf 90' lang='lat' dir='ltr'>dentinum</span> <span class='ocrx_word' id='word_1_464' title='bbox 2332 4194 2486 4238; x_wconf 79' lang='lat' dir='ltr'>sess.</span> <span class='ocrx_word' id='word_1_465' title='bbox 2541 4176 2604 4238; x_wconf 81' lang='lat'>7.</span> <span class='ocrx_word' id='word_1_466' title='bbox 2669 4171 2751 4237; x_wconf 84' lang='lat' dir='ltr'>de</span> <span class='ocrx_word' id='word_1_467' title='bbox 2803 4173 3330 4254; x_wconf 58' lang='lat' dir='ltr'>Consti-macione</span> <span class='ocrx_word' id='word_1_468' title='bbox 3378 4193 3484 4237; x_wconf 80' lang='lat' dir='ltr'>ca-</span> 
     </span>
    </p>

    <p class='ocr_par' dir='ltr' id='par_1_25' title="bbox 1934 4287 3483 4377">
     <span class='ocr_line' id='line_1_79' title="bbox 1934 4287 3483 4377; baseline -0.002 -21"><span class='ocrx_word' id='word_1_469' title='bbox 1934 4312 2106 4356; x_wconf 76' lang='lat' dir='ltr'>none</span> <span class='ocrx_word' id='word_1_470' title='bbox 2138 4294 2200 4355; x_wconf 88' lang='lat'>3.</span> <span class='ocrx_word' id='word_1_471' title='bbox 2235 4289 2547 4377; x_wconf 89' lang='lat' dir='ltr'>loquitur.</span> <span class='ocrx_word' id='word_1_472' title='bbox 2585 4288 2760 4354; x_wconf 86' lang='lat' dir='ltr'>Idem</span> <span class='ocrx_word' id='word_1_473' title='bbox 2803 4287 2996 4353; x_wconf 90' lang='lat' dir='ltr'>etiam</span> <span class='ocrx_word' id='word_1_474' title='bbox 3031 4287 3483 4354; x_wconf 88' lang='lat' dir='ltr'>Tridentinum</span> 
     </span>
    </p>

    <p class='ocr_par' dir='ltr' id='par_1_26' title="bbox 1932 4403 3827 5540">
     <span class='ocr_line' id='line_1_80' title="bbox 1932 4403 3485 4492; baseline -0.003 -19"><span class='ocrx_word' id='word_1_475' title='bbox 1932 4428 2086 4473; x_wconf 69' lang='lat' dir='ltr'>sesS.</span> <span class='ocrx_word' id='word_1_476' title='bbox 2174 4410 2277 4473; x_wconf 78' lang='lat'>14.</span> <span class='ocrx_word' id='word_1_477' title='bbox 2350 4428 2495 4492; x_wconf 86' lang='lat' dir='ltr'>cap.</span> <span class='ocrx_word' id='word_1_478' title='bbox 2558 4410 2615 4474; x_wconf 72' lang='grc' dir='ltr'>ὃ.</span> <span class='ocrx_word' id='word_1_479' title='bbox 2670 4403 2953 4471; x_wconf 90' lang='lat' dir='ltr'>declarat</span> <span class='ocrx_word' id='word_1_480' title='bbox 3010 4417 3076 4470; x_wconf 89' lang='lat' dir='ltr'>et</span> <span class='ocrx_word' id='word_1_481' title='bbox 3133 4404 3485 4490; x_wconf 86' lang='lat' dir='ltr'>distinguit</span> 
     </span>
     <span class='ocr_line' id='line_1_81' title="bbox 1937 4523 3748 4610; baseline -0.002 -17"><span class='ocrx_word' id='word_1_482' title='bbox 1937 4525 2273 4593; x_wconf 86' lang='lat' dir='ltr'>materiam</span> <span class='ocrx_word' id='word_1_483' title='bbox 2317 4525 2752 4591; x_wconf 89' lang='lat' dir='ltr'>necessariam</span> <span class='ocrx_word' id='word_1_484' title='bbox 2783 4523 3214 4591; x_wconf 85' lang='lat' dir='ltr'>confessionis</span> <span class='ocrx_word' id='word_1_485' title='bbox 3246 4544 3278 4590; x_wconf 88' lang='lat' dir='ltr'>a</span> <span class='ocrx_word' id='word_1_486' title='bbox 3324 4524 3481 4590; x_wconf 90' lang='lat' dir='ltr'>libe·</span> <span class='ocrx_word' id='word_1_487' title='bbox 3737 4601 3748 4610; x_wconf 91' lang='lat'><strong>.</strong></span> 
     </span>
     <span class='ocr_line' id='line_1_82' title="bbox 1939 4600 3816 4735; baseline 0.002 -26"><span class='ocrx_word' id='word_1_488' title='bbox 1939 4664 2031 4722; x_wconf 91' lang='lat' dir='ltr'>ra,</span> <span class='ocrx_word' id='word_1_489' title='bbox 2080 4641 2250 4708; x_wconf 92' lang='lat' dir='ltr'>unde</span> <span class='ocrx_word' id='word_1_490' title='bbox 2314 4642 2650 4729; x_wconf 91' lang='lat' dir='ltr'>colligitur</span> <span class='ocrx_word' id='word_1_491' title='bbox 2689 4640 3055 4708; x_wconf 88' lang='lat' dir='ltr'>absolutam</span> <span class='ocrx_word' id='word_1_492' title='bbox 3087 4640 3480 4708; x_wconf 90' lang='lat' dir='ltr'>locutionem</span> <span class='ocrx_word' id='word_1_493' title='bbox 3511 4600 3816 4735; x_wconf 49' lang='lat' dir='ltr'>neffirffl,</span> 
     </span>
     <span class='ocr_line' id='line_1_83' title="bbox 1936 4727 3808 4843; baseline 0 -21"><span class='ocrx_word' id='word_1_494' title='bbox 1936 4757 2370 4823; x_wconf 88' lang='lat' dir='ltr'>Conciliorum</span> <span class='ocrx_word' id='word_1_495' title='bbox 2422 4756 2488 4821; x_wconf 92' lang='lat' dir='ltr'>in</span> <span class='ocrx_word' id='word_1_496' title='bbox 2550 4756 2818 4821; x_wconf 91' lang='lat' dir='ltr'>materia</span> <span class='ocrx_word' id='word_1_497' title='bbox 2878 4755 3030 4821; x_wconf 89' lang='lat' dir='ltr'>fidei</span> <span class='ocrx_word' id='word_1_498' title='bbox 3083 4755 3477 4836; x_wconf 86' lang='lat' dir='ltr'>definienda,</span> <span class='ocrx_word' id='word_1_499' title='bbox 3526 4727 3808 4843; x_wconf 58' lang='grc' dir='ltr'>ξὲῃςξξζῖξῖ</span> 
     </span>
     <span class='ocr_line' id='line_1_84' title="bbox 1934 4852 3727 4960; baseline -0.001 -22"><span class='ocrx_word' id='word_1_500' title='bbox 1934 4883 2044 4938; x_wconf 92' lang='lat' dir='ltr'>aut</span> <span class='ocrx_word' id='word_1_501' title='bbox 2120 4870 2503 4939; x_wconf 85' lang='lat' dir='ltr'>declaranda</span> <span class='ocrx_word' id='word_1_502' title='bbox 2581 4870 3040 4937; x_wconf 88' lang='lat' dir='ltr'>universaliter</span> <span class='ocrx_word' id='word_1_503' title='bbox 3110 4871 3480 4960; x_wconf 88' lang='lat' dir='ltr'>intelligen-</span> <span class='ocrx_word' id='word_1_504' title='bbox 3626 4852 3727 4904; x_wconf 62' lang='lat'>¹¹³⁸·</span> 
     </span>
     <span class='ocr_line' id='line_1_85' title="bbox 1933 4986 3479 5068; baseline -0.001 -13"><span class='ocrx_word' id='word_1_505' title='bbox 1933 4990 2081 5056; x_wconf 90' lang='lat' dir='ltr'>dam</span> <span class='ocrx_word' id='word_1_506' title='bbox 2121 5009 2290 5067; x_wconf 89' lang='lat' dir='ltr'>esse,</span> <span class='ocrx_word' id='word_1_507' title='bbox 2324 4999 2388 5053; x_wconf 93' lang='lat' dir='ltr'>et</span> <span class='ocrx_word' id='word_1_508' title='bbox 2417 4988 2559 5054; x_wconf 84' lang='lat' dir='ltr'>sine</span> <span class='ocrx_word' id='word_1_509' title='bbox 2600 4986 2726 5052; x_wconf 92' lang='lat' dir='ltr'>ulla</span> <span class='ocrx_word' id='word_1_510' title='bbox 2755 4986 3168 5068; x_wconf 89' lang='lat' dir='ltr'>limitatione,</span> <span class='ocrx_word' id='word_1_511' title='bbox 3205 5001 3265 5054; x_wconf 91' lang='lat' dir='ltr'>et</span> <span class='ocrx_word' id='word_1_512' title='bbox 3304 5009 3479 5054; x_wconf 90' lang='lat' dir='ltr'>com·</span> 
     </span>
     <span class='ocr_line' id='line_1_86' title="bbox 1933 5105 3827 5195; baseline -0.001 -22"><span class='ocrx_word' id='word_1_513' title='bbox 1933 5106 2335 5195; x_wconf 90' lang='lat' dir='ltr'>prehendere</span> <span class='ocrx_word' id='word_1_514' title='bbox 2388 5105 2661 5191; x_wconf 78' lang='lat' dir='ltr'>praecise</span> <span class='ocrx_word' id='word_1_515' title='bbox 2719 5105 3110 5171; x_wconf 88' lang='lat' dir='ltr'>necessaria.</span> <span class='ocrx_word' id='word_1_516' title='bbox 3158 5109 3478 5172; x_wconf 84' lang='lat' dir='ltr'>Praeterea</span> <span class='ocrx_word' id='word_1_517' title='bbox 3508 5125 3827 5174; x_wconf 73' lang='lat' dir='ltr'>sacramen-</span> 
     </span>
     <span class='ocr_line' id='line_1_87' title="bbox 1933 5190 3755 5313; baseline -0.002 -22"><span class='ocrx_word' id='word_1_518' title='bbox 1933 5245 2081 5291; x_wconf 91' lang='lat' dir='ltr'>cum</span> <span class='ocrx_word' id='word_1_519' title='bbox 2125 5223 2479 5310; x_wconf 84' lang='lat' dir='ltr'>praemittat</span> <span class='ocrx_word' id='word_1_520' title='bbox 2519 5225 2930 5288; x_wconf 90' lang='lat' dir='ltr'>Sacramenta</span> <span class='ocrx_word' id='word_1_521' title='bbox 2973 5221 3196 5307; x_wconf 88' lang='lat' dir='ltr'>perfici</span> <span class='ocrx_word' id='word_1_522' title='bbox 3246 5243 3327 5288; x_wconf 81' lang='lat' dir='ltr'>ex</span> <span class='ocrx_word' id='word_1_523' title='bbox 3362 5221 3483 5288; x_wconf 88' lang='lat' dir='ltr'>tri·</span> <span class='ocrx_word' id='word_1_524' title='bbox 3573 5190 3755 5313; x_wconf 55' lang='lat' dir='ltr'>pertssci</span> 
     </span>
     <span class='ocr_line' id='line_1_88' title="bbox 1932 5311 3762 5426; baseline -0.002 -20"><span class='ocrx_word' id='word_1_525' title='bbox 1932 5342 2077 5420; x_wconf 92' lang='lat' dir='ltr'>bus,</span> <span class='ocrx_word' id='word_1_526' title='bbox 2118 5360 2354 5426; x_wconf 90' lang='lat' dir='ltr'>nempe</span> <span class='ocrx_word' id='word_1_527' title='bbox 2397 5337 2663 5404; x_wconf 90' lang='lat' dir='ltr'>materia</span> <span class='ocrx_word' id='word_1_528' title='bbox 2715 5348 2777 5402; x_wconf 91' lang='lat' dir='ltr'>et</span> <span class='ocrx_word' id='word_1_529' title='bbox 2818 5337 3049 5415; x_wconf 80' lang='lat' dir='ltr'>forma,</span> <span class='ocrx_word' id='word_1_530' title='bbox 3095 5348 3157 5402; x_wconf 92' lang='lat' dir='ltr'>et</span> <span class='ocrx_word' id='word_1_531' title='bbox 3207 5356 3483 5423; x_wconf 91' lang='lat' dir='ltr'>persona</span> <span class='ocrx_word' id='word_1_532' title='bbox 3573 5311 3762 5362; x_wconf 80' lang='lat' dir='ltr'>tribus.</span> 
     </span>
     <span class='ocr_line' id='line_1_89' title="bbox 1935 5451 3486 5540; baseline -0.002 -16"><span class='ocrx_word' id='word_1_533' title='bbox 1935 5456 2218 5524; x_wconf 88' lang='lat' dir='ltr'>ministri</span> <span class='ocrx_word' id='word_1_534' title='bbox 2303 5454 2703 5522; x_wconf 88' lang='lat' dir='ltr'>intendentis</span> <span class='ocrx_word' id='word_1_535' title='bbox 2764 5454 2999 5533; x_wconf 80' lang='lat' dir='ltr'>facere,</span> <span class='ocrx_word' id='word_1_536' title='bbox 3081 5451 3254 5540; x_wconf 90' lang='lat' dir='ltr'>quod</span> <span class='ocrx_word' id='word_1_537' title='bbox 3331 5454 3486 5521; x_wconf 85' lang='lat' dir='ltr'>facit</span> 
     </span>
    </p>
   </div>
   <div class='ocr_carea' id='block_1_14' title="bbox 1930 5571 3487 5660">
    <p class='ocr_par' dir='ltr' id='par_1_27' title="bbox 1930 5571 3487 5660">
     <span class='ocr_line' id='line_1_90' title="bbox 1930 5571 3487 5660; baseline -0.001 -20"><span class='ocrx_word' id='word_1_538' title='bbox 1930 5573 2243 5653; x_wconf 85' lang='lat' dir='ltr'>Ecclesia,</span> <span class='ocrx_word' id='word_1_539' title='bbox 2315 5572 2594 5640; x_wconf 91' lang='lat' dir='ltr'>intendit</span> <span class='ocrx_word' id='word_1_540' title='bbox 2655 5571 2953 5660; x_wconf 73' lang='lat' dir='ltr'>praecise,</span> <span class='ocrx_word' id='word_1_541' title='bbox 2993 5592 3143 5658; x_wconf 85' lang='lat' dir='ltr'>quae</span> <span class='ocrx_word' id='word_1_542' title='bbox 3210 5571 3487 5639; x_wconf 86' lang='lat' dir='ltr'>essenti-</span> 
     </span>
    </p>
   </div>
  </div>
 </body>
</html>
