4255 6375
1490 366 1695 430 Dis'r.
1728 367 1856 428 Vll.
1905 366 2273 443 QUAESTlo
2321 369 2369 432 1.

270 544 412 598 tur
446 556 461 611 ;
515 552 640 599 non
692 532 1040 599 utebantur
1078 544 1293 600 autem
1333 530 1626 619 Apostoli
1658 529 1848 596 modo

267 647 624 715 contrario
709 646 1102 715 institutioni
1156 646 1420 727 Christi,
1504 645 1853 713 utebantur

272 775 519 831 tamen
553 762 743 831 modo
792 762 1231 851 deprecativo,
1276 764 1505 831 saltem
1560 762 1853 850 aequiva-

274 879 510 946 lenter
573 891 860 959 orantes,
934 891 1006 946 ut
1074 883 1450 967 acciperent
1520 882 1853 967 Spiritum

278 1009 605 1065 sanctum
637 998 1087 1064 Samaritani.

398 1114 577 1181 Unde
622 1113 1033 1201 Augustinus
1082 1113 1196 1179 lib.
1252 1118 1354 1183 15.
1403 1112 1485 1179 de
1540 1112 1856 1179 Trinitate

280 1249 446 1316 cap.
484 1231 592 1294 ⁶20.
638 1228 858 1314 Neque
884 1229 1060 1293 enim
1092 1230 1339 1315 aliquis
1370 1228 1855 1314 discipulorum

284 1348 444 1432 ejus
501 1344 686 1410 dedit
753 1345 1086 1430 Spiritum
1151 1356 1498 1424 sanctum,·
1576 1343 1859 1409 orabant

284 1463 544 1551 quippe
585 1474 658 1526 ut
714 1463 969 1528 veniret
1014 1463 1089 1527 in
1147 1483 1273 1541 eos,
1340 1461 1573 1547 quibus
1619 1481 1857 1526 ‚nanus

288 1579 747 1666 imponebant,
785 1599 919 1644 non
971 1580 1105 1664 ipsi
1156 1599 1302 1644 eum
1344 1578 1615 1655 dabant,
1672 1598 1857 1664 quem

284 1715 549 1761 morem
580 1696 655 1759 in
691 1696 829 1759 suis
864 1694 1249 1780 prcepositis
1290 1695 1492 1759 etiam
1520 1713 1700 1758 nunc
1727 1713 1860 1758 ser-

289 1822 417 1877 vat
494 1811 810 1891 Ecclesia,
882 1821 1003 1876 etc.
1074 1813 1216 1876 Non
1287 1810 1648 1896 incongrue
1698 1829 1859 1896 ergo

291 1929 457 1995 hinc
498 1928 908 2014 interpretari
968 1926 1120 1994 licet
1162 1926 1429 1993 modum
1488 1925 1856 2012 deprecati-

296 2064 467 2111 vum
505 2063 649 2109 esse
680 2042 1153 2120 sufficienten13
1198 2063 1348 2108 eum
1393 2053 1610 2108 autem
1651 2041 1857 2108 fuisse

300 2159 376 2226 in
429 2181 551 2227 usu
619 2159 960 2248 colligitur
1014 2181 1093 2225 ex
1136 2159 1365 2238 forma,
1404 2179 1531 2246 qua
1572 2179 1732 2225 usus
1761 2170 1862 2225 est

291 2278 679 2364 Sylvester3
716 2287 780 2343 et
811 2276 1073 2343 videtur
1113 2276 1523 2363 Augustinus
1576 2275 1859 2342 similem

292 2393 565 2462 modum
611 2393 678 2459 in
721 2413 843 2460 suo
889 2405 1204 2480 tempore,
1240 2404 1551 2481 tanquam
1621 2414 1861 2460 consu-

290 2521 477 2578 etum
520 2510 831 2577 indicare.
890 2513 1114 2597 Neque
1138 2509 1503 2597 incongrue
1548 2508 1858 2596 intelligi-

294 2639 408 2694 tur
474 2627 584 2693 ille
627 2627 808 2694 locus
887 2629 952 2693 S.
1034 2626 1360 2692 Ambrosii
1443 2626 1560 2692 lib.
1636 2629 1702 2691 2.
1785 2626 1867 2691 de

292 2748 773 2825 Sacramentis,
862 2766 1009 2831 cap.
1075 2749 1134 2814 Ἴ.
1187 2743 1265 2810 ad
1350 2745 1524 2810 hunc
1589 2742 1855 2809 modum

292 2860 726 2929 confirmandi
784 2860 1108 2928 alludere:
1185 2857 1433 2925 Venisti
1487 2860 1577 2926 ad
1611 2862 1860 2926 Sacer-

294 2981 540 3057 dotem,
572 2978 735 3066 quid
767 2977 887 3042 tibi
918 2974 1148 3042 dixit?
1179 2977 1352 3041 Deus
1385 2977 1587 3041 Pater
1625 2977 1854 3041 Omni-

284 3106 545 3183 potens,
592 3095 709 3180 qui
739 3104 800 3159 te
831 3094 1254 3180 reyeneravit
1284 3113 1368 3157 em
1400 3113 1575 3179 aqua
1608 3103 1669 3157 et
1702 3093 1858 3179 Spi-

288 3216 435 3279 ritu
465 3223 710 3291 sancto,
753 3211 1193 3297 concessitque
1241 3210 1362 3276 tibi
1386 3221 1661 3297 peccata
1710 3222 1848 3290 tua,

294 3333 438 3418 ipse
478 3341 538 3395 te
570 3338 773 3415 unyat
831 3329 905 3393 in
966 3329 1173 3393 vitam
1213 3340 1553 3407 (eternam,
1615 3339 1740 3395 etc.
1778 3332 1856 3395 Et

295 3446 600 3534 quamvis
639 3445 783 3510 haec
848 3464 992 3510 esse
1048 3444 1249 3510 verba
1311 3444 1680 3510 Sacerdotis
1733 3466 1852 3512 un-

296 3562 514 3650 gentis
547 3562 611 3626 in
644 3560 885 3627 vertice
916 3558 1087 3625 dicat
1115 3559 1482 3625 Amalarius
1515 3558 1634 3625 tib.
1675 3565 1736 3626 1,
1771 3560 1853 3625 de

297 3679 566 3763 officiis,
624 3698 770 3763 cap.
814 3678 924 3742 27.
987 3688 1204 3741 tamen
1256 3675 1456 3741 verba
1511 3675 1841 3762 Episcopi,

297 3816 445 3882 quae
510 3791 877 3881 subjungit,
923 3791 1117 3857 etiam
1168 3790 1609 3876 deprecatoria
1660 3801 1840 3869 sunt,

291 3921 355 3977 et
395 3931 524 3978 non
556 3909 904 3977 indicativa
947 3907 1310 3995 potestatiS‚
1358 3907 1528 3973 unde
1580 3907 1721 3993 ipse
1749 3907 1844 3973 di-

286 4027 413 4093 cit:
463 4027 710 4091 Emitte
748 4026 821 4091 in
861 4044 1008 4089 eum
1048 4024 1071 4113 (
1105 4026 1301 4091 verba
1324 4034 1477 4089 sunt
1508 4021 1841 4111 Episcopi)

282 4143 741 4229 septiformem
774 4141 1103 4226 Spiritum
1143 4150 1450 4206 sanctum
1503 4150 1687 4205 tuum
1720 4161 1846 4225 pa-

284 4260 607 4326 racletum
638 4257 720 4323 de
783 4257 982 4335 coelis,
1031 4257 1367 4342 Spiritum
1403 4256 1754 4342 sapientiae
1784 4266 1844 4321 et

286 4377 682 4455 intellectus,
732 4376 1061 4462 Spiritum
1095 4376 1367 4439 consilii
1397 4386 1456 4439 et
1484 4374 1842 4459 fortitudi-

286 4496 415 4571 nis,
446 4492 778 4579 Spiritum
807 4493 1104 4558 scientioe
1134 4503 1194 4557 et
1216 4492 1512 4579 pietatis,
1542 4490 1844 4576 adimple

292 4631 438 4674 cum
467 4609 740 4695 Spiritu
780 4609 1041 4672 timoris
1070 4608 1364 4686 Domini,
1406 4618 1466 4672 et
1524 4609 1838 4694 consiyna

295 4748 441 4792 cum
481 4727 673 4812 siqno
717 4724 950 4790 Crucis
1006 4726 1079 4789 in
1146 4724 1351 4789 vitam
1428 4725 1842 4809 propitiatus

298 4853 639 4921 aeternam,
695 4851 818 4909 ete.
871 4839 965 4906 Ad
1014 4840 1158 4905 haec
1197 4849 1412 4905 autem
1447 4839 1644 4905 verba
1683 4843 1839 4905 Am-

297 4958 496 5023 brosii
541 4968 714 5023 recte
744 4966 1019 5042 possunt
1048 4953 1360 5035 alludere,
1408 4954 1519 5042 qui
1568 4955 1633 5021 in
1673 4953 1840 5021 clau-

295 5072 436 5140 sula
469 5072 769 5159 sequenti
815 5071 1097 5137 declarat
1152 5071 1455 5138 effectum
1487 5069 1840 5137 Confirma-

297 5189 537 5256 tionis:
607 5188 787 5269 Vide,
845 5187 1076 5275 inquit,
1150 5188 1261 5254 nbi
1318 5200 1549 5253 unctus
1606 5208 1692 5255 es,
1754 5189 1837 5257 In

294 5309 521 5386 vitam,
570 5304 803 5391 inquit,
842 5317 1179 5371 (eternam.
1225 5305 1382 5371 Noli
1429 5306 1600 5370 hanc
1630 5307 1833 5370 vitam

294 5425 401 5489 illi
430 5425 586 5489 vitoe
612 5424 972 5507 anteferre,
1021 5422 1204 5487 verbi
1255 5422 1464 5508 gratia
1495 5444 1508 5486 ε
1545 5422 1610 5487 Si
1645 5443 1833 5488 exur-

292 5551 402 5626 gat
446 5536 752 5605 inimicus
819 5536 1081 5624 aliquiS,
1148 5535 1202 5603 si
1242 5534 1399 5602 velit
1456 5535 1573 5602 tibi
1632 5535 1831 5603 vitam

3435 361 3555 424 697

1966 539 2143 596 tuam
2177 531 2459 609 auferre,
2495 531 2550 597 si
2585 530 2873 598 minatur
2903 539 3201 611 mortem,
3251 538 3319 594 ut
3361 545 3527 614 prae-

1968 647 2296 716 varicetur
2337 649 2712 736 quisquam,
2750 648 2902 715 vide
2931 647 3087 736 quid
3131 645 3361 733 eligas.
3399 645 3526 709 No-

1965 764 2009 830 li
2045 764 2291 852 eligere
2341 765 2521 843 illud,
2561 765 2626 830 in
2659 787 2787 853 quo
2828 785 2957 831 non
2997 785 3067 831 es
3105 773 3363 840 unctuS,
3405 757 3520 826 sed

1965 879 2136 967 elige
2179 880 2243 946 in
2277 902 2404 969 quo
2438 892 2673 948 unctus
2713 903 2807 963 63,
2843 891 2914 948 ut
2954 881 3157 948 vitam
3207 889 3517 945 aeternam

1966 998 2127 1063 vitae
2161 997 2469 1085 praeferas
2501 998 2867 1085 temporali,
2903 1009 3028 1065 etc.
3073 1008 3133 1062 ct
3165 996 3278 1062 lib.
3325 1000 3388 1062 3.
3424 1016 3520 1060 se·

1968 1115 2197 1199 quenti
2229 1125 2572 1201 postquam
2604 1135 2748 1199 cap.
2782 1119 2842 1180 1.
2871 1111 3519 1198 explicuiteffectum

1969 1228 2306 1313 Baptismi,
2341 1249 2482 1315 cap.
2518 1233 2582 1298 2.
2619 1230 2956 1315 Sequitur,
3012 1227 3249 1314 inquit,
3300 1227 3510 1313 spiri-

1970 1346 2098 1411 tale
2188 1347 2629 1433 siynaculum,
2702 1345 2876 1433 quod
2942 1345 3228 1410 audistis
3324 1342 3526 1409 hodie

1971 1464 2125 1550 leyi,
2175 1465 2332 1549 quia
2378 1474 2526 1550 post
2573 1463 2826 1547 sontem
2863 1471 3178 1549 superest,
3238 1471 3309 1525 ut
3373 1480 3525 1546 per-

1969 1580 2178 1662 fectio
2207 1580 2355 1662 fiat,
2411 1580 2674 1666 quando
2723 1579 3139 1645 invocatione
3196 1577 3522 1643 Sacerdo-

1973 1697 2058 1760 tis
2095 1696 2393 1780 Spiritus
2429 1707 2696 1762 sanctus
2751 1694 3168 1780 infunditur,
3229 1694 3528 1779 Spiritus

1970 1814 2322 1899 sapientise
2353 1824 2412 1879 et
2463 1813 2851 1886 intellectus,
2934 1813 3225 1898 Spiritus
3255 1811 3528 1877 consilii

1972 1941 2032 1995 et
2070 1932 2363 2012 virtutis,
2401 1940 2522 1996 etc.
2563 1929 2674 1996 ubi
2706 1929 2843 2016 agit
2874 1928 2953 1995 de
2984 1927 3514 2007 Confirmatione,

1975 2067 2122 2134 quae
2163 2047 2492 2132 Baptismo
2532 2045 2800 2126 accedit,
2833 2056 3141 2131 tanquam
3186 2043 3518 2131 perfectiO.

1975 2165 2111 2228 Huc
2141 2183 2298 2248 ergo
2338 2162 2537 2228 verba
2567 2162 2761 2228 etiam
2787 2160 2992 2228 ultimi
3027 2159 3260 2247 capitis
3293 2160 3406 2226 tib.
3454 2164 3519 2227 Ξ.

1975 2281 2160 2367 quasi
2203 2279 2495 2366 ejusdem
2555 2278 2844 2345 materiae
2919 2277 3319 2345 continuatio
3393 2298 3520 2343 non

1978 2393 2375 2476 intermissa,
2422 2394 2760 2462 referenda
2801 2405 2980 2461 sunt.

2064 2512 2156 2602 (b)
2200 2514 2283 2578 Et
2321 2514 2382 2578 si
2409 2513 2768 2599 objiciatur
2790 2513 3013 2598 primo
3045 2521 3277 2577 contra
3317 2522 3520 2577 mate-

1972 2632 2150 2696 riam
2192 2611 2250 2696 et
2298 2633 2584 2715 sormam
2629 2630 2849 2709 simul,
2897 2638 3019 2695 etc.
3094 2631 3209 2695 Hic
3267 2627 3511 2715 objicit,

1973 2746 2146 2834 quod
2187 2747 2484 2813 Christus
2523 2745 2782 2834 quando
2815 2744 3181 2812 insufflavit
3222 2745 3284 2812 in
3325 2743 3517 2811 disci-

1974 2862 2184 2950 pulos,
2261 2864 2528 2931 dicens:
2612 2865 2902 2950 Accipite
2970 2864 3305 2950 Spiritum
3366 2883 3519 2927 san-

1971 2992 2165 3058 ctum,
2211 2980 2477 3047 Joannis
2518 2983 2626 3045 ΞΟ.
2692 2991 2753 3046 et
2807 2990 3126 3065 praeterea
3175 2980 3394 3045 Actor.
3448 2981 3511 3046 2.

1972 3095 2230 3185 quando
2261 3097 2442 3163 venit
2473 3117 2672 3183 super
2705 3116 2817 3163 eos
2879 3094 3162 3182 Spiritus
3227 3106 3512 3177 sanctus,

1972 3237 2099 3282 non
2143 3236 2302 3282 usus
2344 3215 2428 3281 sit
2459 3213 2750 3292 materia,
2788 3225 2896 3280 aut
2937 3213 3143 3279 forma
3190 3215 3293 3280 hic
3352 3234 3514 3301 prae-

1969 3334 2250 3421 sc1·ipta;
2288 3354 2446 3420 ergo
2489 3353 2615 3399 non
2647 3343 2747 3399 est
2780 3331 3169 3398 neccssaria.
3216 3331 3517 3399 Secundo

1965 3450 2059 3517 eis
2101 3471 2230 3516 non
2262 3459 2413 3515 sunt
2446 3449 2545 3516 usi
2587 3448 2714 3534 ipsi
2746 3448 3059 3534 Apostoli,
3107 3468 3289 3534 erg0,
3326 3459 3457 3515 etc.

2054 3564 2468 3653 Paragrapho
2532 3565 2638 3630 Ad
2679 3566 2978 3650 primum
3026 3564 3376 3650 respondet
3434 3564 3512 3631 ad
3560 3597 3838 3662 Responsio

1964 3690 2309 3766 utramque
2339 3676 2816 3755 difficultatem,
2846 3687 2909 3743 et
2941 3676 3150 3763 primo
3181 3677 3509 3743 Christum
3580 3659 3824 3788 priss‘ssm.

1961 3794 2252 3883 potuisse
2283 3793 2433 3860 dare
2487 3792 2804 3880 Spiritum
2872 3803 3216 3887 sanctum,
3275 3793 3416 3859 sive
3448 3793 3513 3859 in

1959 3923 2130 3978 terra
2181 3910 2494 3990 existenS,
2575 3908 2817 3975 sivein
2893 3907 3082 3987 coelo,
3152 3907 3506 3994 ApostoliS‚

1956 4028 2135 4115 ipsos
2196 4024 2642 4093 confirmando
2692 4025 2834 4090 sine
2884 4022 3152 4090 materia
3203 4024 3504 4110 praescri-

1956 4154 2065 4231 pta
2112 4154 2224 4209 aut
2262 4141 2492 4220 forma,
2540 4139 2692 4227 quia
2743 4159 2872 4205 non
2932 4137 3230 4224 alligavit
3282 4153 3511 4226 poten-

1957 4259 2110 4324 tiam
2162 4278 2345 4324 suam
2415 4256 2877 4323 SacramentiS.
2950 4254 3186 4321 Tribus
3252 4256 3507 4323 vicibus

1954 4371 2509 4439 communicatum
2571 4372 2773 4437 fuisse
2832 4369 3147 4456 Spiritum
3208 4382 3503 4438 sanctum

1956 4488 2307 4575 Apostolis,
2345 4488 2530 4554 docet
2569 4488 2953 4556 Nazianzen.
2997 4497 3169 4554 orat.
3216 4492 3322 4554 44.
3378 4488 3508 4575 pri-

2498 4605 2509 4616 ,
2594 4604 2606 4617 ,
3339 4605 3348 4615 .
3559 4564 3659 4614 Ter
3687 4566 3836 4615 datus

1956 4626 2088 4685 mo,
2124 4605 2383 4690 quando
2425 4625 2610 4671 missi
2683 4604 2946 4670 fuerunt
3009 4603 3085 4669 ad
3149 4603 3507 4689 praedican·
3538 4630 3612 4675 est
3635 4628 3855 4692 Spiritus

1954 4722 2146 4801 dum;
2212 4719 2497 4789 secundo
2573 4721 2876 4786 Ioannis.
2922 4722 3006 4785 20
3112 4719 3371 4807 quando
3441 4720 3506 4786 in
3567 4695 3848 4817 ssssssffisig,

1958 4839 2138 4927 ipsos
2190 4837 2596 4916 insufflavit;
2658 4837 2850 4902 tertio
2922 4838 3064 4902 Act.
3139 4838 3209 4901 2.
3265 4836 3329 4902 in
3402 4836 3506 4902 die

1957 4957 2411 5020 Pentecostes:
2459 4950 2715 5032 Verum,
2755 4951 2991 5039 inquit,
3037 4950 3375 5016 obscurius
3433 4952 3500 5015 in
3589 5016 3602 5033 ‚

1948 5071 2043 5134 eis
2082 5070 2334 5153 efficax
2370 5079 2539 5147 erat,
2583 5067 2868 5133 secundo
2900 5067 3296 5153 cmpressius,
3325 5088 3500 5132 nunc

1949 5206 2100 5250 vero
2146 5185 2432 5272 plenius,
2480 5194 2604 5250 etc.
2661 5196 2722 5249 et
2771 5184 2939 5249 hanc
2971 5181 3262 5248 ultimam
3294 5181 3497 5248 fuisse

1950 5322 2064 5387 per
2105 5299 2367 5366 modum
2417 5297 2967 5377 confirmationis,
3048 5298 3509 5363 consummati-

1947 5416 2093 5482 onis
2161 5416 2506 5496 donorum,
2589 5435 2736 5502 quae
2811 5415 3146 5481 inchoavit
3204 5426 3267 5481 et
3332 5414 3508 5480 dedit

1947 5528 2271 5611 ChristuS,
2317 5529 2551 5597 asserit
2609 5529 3018 5615 Augustinus
3077 5549 3271 5596 serm.
3331 5529 3490 5595 185.
3557 5551 3830 5619 Angustia.

3672 2576 3751 2626 72.

3618 2637 3816 2701 Duplex

3593 2699 3827 2765 objectio.
