4255 6375
676 360 756 423 32
1848 359 1991 420 LIB.
2027 358 2126 420 IV.
2164 355 2765 422 SENTEN'rtARUM

352 536 586 649 Solvittiur
689 523 829 600 pria
870 522 1292 586 instrumenti
1359 522 1814 585 universaliter
1859 527 1960 582 est
2018 520 2238 598 dispo·

430 618 486 650 ra
534 615 565 649 Ο

370 661 625 727 Doctoris.
690 638 871 701 sitiva
930 638 1015 701 ad
1073 639 1383 702 effectum
1444 656 1649 701 causae
1705 639 2107 716 principalis,
2172 643 2237 698 et

694 756 786 817 sic
834 763 1120 835 negatur
1172 757 1467 818 secunda
1513 757 1870 833 propositio
1939 758 2237 816 Doctoris

690 873 844 934 huic
911 873 1237 953 opposita,
1331 875 1435 936 vel
1523 875 1668 953 ejus
1739 874 2237 951 consequentia,

694 988 842 1065 quia
926 1004 1056 1051 non
1130 990 1429 1069 sequitur
1499 1008 1512 1047 :
1590 989 1847 1065 attingit
1928 988 2236 1048 effectum

694 1120 902 1165 causae
956 1105 1364 1183 principalis;
1427 1122 1585 1184 ergo
1643 1122 1774 1165 non
1838 1104 2239 1181 dispositive,

698 1220 848 1298 quia
896 1221 1103 1296 primo
1166 1220 1475 1299 disponit,
1533 1222 1828 1283 secundo
1881 1220 2159 1297 attingit.

778 1339 1160 1416 Exemplum
1190 1344 1407 1400 autem
1454 1337 1612 1399 illud
1646 1338 1729 1397 de
1775 1339 2014 1407 securi,
2063 1332 2243 1412 quod

694 1454 1042 1534 impugnat
1085 1457 1346 1529 Doctor,
1397 1455 1624 1517 dicunt
1679 1473 1810 1516 non
1868 1454 2107 1515 adduci
2160 1452 2245 1514 ad

697 1574 1177 1647 probationem,
1223 1571 1341 1632 sed
1404 1571 1481 1631 ad
1545 1572 2052 1648 explicationem
2096 1576 2239 1632 tan-

700 1704 897 1767 quam
943 1687 1153 1763 magis
1200 1694 1448 1748 notum.
1496 1688 1634 1748 Alia
1678 1687 1871 1747 etiam
1915 1686 2240 1760 exempla,

348 1763 633 1830 Responsio
795 1804 808 1815 .
1564 1802 1577 1815 .
2152 1800 2162 1811 .

350 1828 664 1899 adexefnpla
701 1804 937 1878 quihus
993 1803 1233 1861 Doctor
1280 1802 1510 1875 probat
1561 1805 1988 1862 instrumenta
2052 1803 2243 1859 attin-

366 1906 644 1957 praemnssa.
699 1933 860 1995 gere
895 1917 1205 1977 effectum
1243 1933 1453 1978 causae
1500 1916 1893 1993 principalis,
1954 1919 2027 1976 ut
2067 1919 2248 1992 patet

704 2032 786 2091 de
840 2032 1273 2109 impressione
1330 2031 1547 2111 sigilli,
1607 2031 1833 2091 dicunt
1882 2029 2061 2108 quod
2098 2029 2247 2089 haec

2094 2147 2246 2224 quia

706 2264 1004 2328 dividunt
1058 2266 1416 2336 materiam,
1464 2265 1674 2342 inquit
1714 2265 2163 2325 Ferrariensis

783 2382 1040 2453 Contra,
1089 2381 1403 2457 probatur
1446 2381 1649 2458 prima
1708 2380 2067 2458 propositio
2123 2379 2247 2439 Do·

391 2476 634 2577 probatio
708 2499 899 2559 ctoris
955 2515 969 2556 :
1031 2498 1133 2559 hic
1188 2500 1401 2575 agitur
1462 2496 1545 2558 de
1591 2496 2022 2558 instrumento
2090 2510 2246 2570 pro-

352 2581 674 2693 Ρζᾎᾟῗῗοῗιῖἴ
703 2615 843 2690 prie
927 2618 1215 2689 sumpte,
1290 2612 1469 2691 quod
1558 2616 1775 2672 movet
1856 2611 2248 2687 inquantum

353 2698 672 2819 ζ’ᾉῗὲῖἓῃζέ
706 2737 975 2800 motum,
1009 2736 1074 2792 et
1103 2746 1223 2807 per
1263 2731 1572 2791 virtutem
1609 2732 1942 2804 receptam
1978 2744 2010 2786 a
2049 2743 2246 2787 causa

703 2846 1064 2924 principali,
1111 2850 1184 2906 ut
1218 2850 1391 2923 patet
1445 2862 1527 2906 ex
1573 2846 1785 2905 littera
1842 2844 1904 2905 S.
1950 2843 2243 2904 Thomae.

700 2964 1032 3042 Contingit
1069 2967 1312 3033 autem,
1367 2961 1546 3039 quod
1600 2959 1845 3039 aliquid
1902 2959 2252 3037 participet

700 3078 1021 3139 actionem
1083 3077 1412 3152 propriam
1469 3074 1746 3152 aliquus
1791 3073 2079 3146 alteriuS,
2117 3090 2250 3132 non

700 3197 936 3257 virtute
988 3196 1273 3271 propria,
1332 3192 1453 3254 sed
1497 3192 2105 3264 instrumentaliter,
2157 3192 2249 3251 in-

706 3315 1024 3391 quantum
1089 3310 1222 3387 agit
1288 3309 1352 3369 in
1410 3310 1640 3371 virtute
1711 3307 1999 3380 alteriuS,
2079 3309 2251 3369 sicut

473 3446 549 3495 Ex
597 3507 607 3516 ι
706 3445 820 3490 aer
873 3445 993 3505 per
1046 3428 1354 3490 virtutem
1396 3426 1567 3504 ignis
1626 3425 1828 3487 habet
1885 3423 2248 3486 calefacere

358 3513 674 3620 ῃῗθὲῗέζζξ,
709 3549 776 3606 et
832 3544 1067 3622 ignire,
1114 3547 1238 3603 etc.
1296 3540 1396 3601 Sic
1454 3543 1649 3603 etiam
1708 3538 2062 3600 intendunt
2117 3541 2248 3610 alii,

709 3681 875 3743 quos
955 3663 1322 3739 impugnat,
1404 3675 1643 3737 nempe
1737 3675 1855 3734 per
1947 3660 2250 3719 virtutem

709 3778 1260 3841 communicatam
1316 3778 1824 3837 instrumentum
1883 3791 2110 3852 agere,
2179 3778 2254 3835 ut

710 3898 1070 3957 creaturam
1125 3892 1210 3954 ad
1270 3893 1690 3964 creationem,
1744 3908 1965 3952 aerem
2012 3891 2095 3953 ad
2152 3895 2248 3969 ig-

707 4008 1025 4071 niendum
1058 4013 1124 4069 et
1169 4005 1688 4067 calefaciendum
1746 4007 1809 4065 in
1869 4007 2099 4067 virtute
2143 4023 2249 4067 ca-

703 2152 894 2211 etiam
950 2150 1200 2210 habent
1259 2151 1587 2209 actionem
1656 2146 2003 2225 propriam,

469 2443 530 2491 23

709 4126 884 4196 loris,
946 4140 1144 4201 quem
1203 4123 1431 4199 recipit
1491 4123 1571 4182 ab
1632 4124 1811 4200 igne.

788 4245 901 4304 ilic
945 4245 1165 4300 autem
1226 4256 1339 4298 aer
1393 4239 1644 4299 nullum
1702 4239 1901 4299 habet
1945 4239 2253 4299 effectum

712 4359 1071 4437 proprium,
1106 4356 1225 4417 sed
1255 4372 1440 4416 mere
1475 4358 1898 4416 materialiter
1927 4374 1996 4417 se
2028 4357 2253 4427 habet,

712 4476 804 4537 sic
851 4476 1296 4543 Sacramenta,
1357 4488 1507 4551 quae
1567 4480 1744 4544 sunt,
1806 4473 1871 4532 in
1929 4475 2255 4534 sententia

712 4594 787 4653 D.
837 4592 1119 4661 Thomae,
1178 4590 1607 4650 instrumenta
1668 4588 1933 4666 physica
1994 4591 2252 4667 gratiae,

713 4705 956 4767 nullam
1044 4704 1292 4764 habent
1386 4705 1713 4764 actionem
1808 4702 2256 4779 dispositivam

713 4823 1000 4899 priorem
1047 4825 1114 4880 et
1168 4818 1535 4879 naturalem
1585 4835 1666 4879 ex
1732 4821 1994 4896 propria
2045 4817 2254 4880 forma

714 4939 1010 5016 physica,
1071 4950 1216 5013 quae
1270 4935 1345 4995 sit
1402 4933 1739 5008 dispositio
1797 4934 1881 4996 ad
1954 4935 2252 5012 gratiam,

389 5088 663 5155 Applican·
717 5070 858 5131 quae
935 5053 1132 5113 etiam
1209 5049 1276 5110 in
1350 5049 1676 5109 sententia
1754 5049 1897 5127 ejus
1973 5054 2254 5109 creatur.

391 5159 642 5278 exeffigla.
712 5170 908 5247 Ergo,
969 5168 1168 5228 etiam
1243 5165 1422 5226 idem
1495 5164 1620 5226 dici
1680 5170 1902 5241 posset
1971 5164 2054 5227 de
2113 5182 2258 5227 cre-

715 5291 923 5358 atura,
999 5284 1069 5345 in
1153 5287 1473 5360 quantum
1532 5282 1588 5341 ei
1667 5284 2261 5344 communicaretur

713 5401 940 5471 virtus,
992 5413 1119 5475 qua
1177 5398 1534 5477 attingeret
1587 5396 2098 5457 ministerialiter
2139 5414 2258 5458 seu

714 5512 1298 5574 instrumentaliter
1344 5511 1648 5573 effectum
1702 5511 2070 5574 creationis.

2429 521 2565 582 Alia
2598 521 2795 581 etiam
2826 519 3127 597 exempla
3158 518 3222 578 in
3254 517 3579 579 sententia
3610 519 3686 577 D.
3719 515 3889 576 Tho·

2350 654 2469 699 mae
2520 637 2785 699 adducit
2817 621 3151 716 “Vasquez,
3214 638 3280 698 in
3323 637 3559 715 quibus
3601 633 3690 694 ad
3730 634 3903 693 effe·

2353 760 2529 815 ctum
2590 770 2808 816 causae
2872 755 3268 832 principaliS,
3343 757 3740 814 concurrunt
3799 751 3899 810 in-

2352 875 2712 931 strumenta
2774 871 2915 931 sine
2987 870 3117 930 ulla
3190 871 3449 929 actione
3526 865 3900 944 dispositiva

2352 987 2582 1062 praevia
2637 987 2717 1046 ad
2767 986 3069 1046 effectum
3125 1000 3341 1046 causae
3389 981 3786 1062 principalis,
3831 985 3906 1041 ut

2353 1103 2722 1163 humanitas
2768 1101 2996 1162 Christi
3028 1100 3111 1161 ad
3139 1101 3479 1171 miracula,
3522 1099 3724 1160 verba
3758 1096 3906 1173 ejus

2353 1216 2436 1277 ad
2467 1216 2938 1279 infundendam
2972 1217 3243 1296 gratiam
3268 1214 3766 1293 justificantem,
3813 1212 3898 1271 ad

2358 1335 2645 1396 tollenda
2698 1341 2969 1414 peccata
3020 1338 3214 1396 etiam
3265 1334 3558 1413 physice,
3606 1340 3678 1391 ut
3722 1330 3901 1404 infra

2356 1450 2623 1525 patebit,
2685 1455 2755 1510 ut
2814 1450 2917 1509 illa
2954 1469 2968 1509 :
3008 1450 3430 1510 Dimittuntur
3474 1448 3593 1509 tibi
3637 1451 3904 1523 peccata

2354 1572 2492 1638 ιιια,
2554 1574 2678 1628 ete.
2733 1569 3120 1645 phantasma
3192 1567 3284 1627 sic
3370 1582 3491 1643 per
3560 1562 3903 1636 eumdem,

2357 1684 2490 1761 agit
2562 1683 3144 1745 instrumentaliter
3230 1681 3312 1743 ad
3402 1678 3906 1758 productionem

2357 1800 2602 1877 speciei
2673 1800 3125 1878 intelligibilis,
3218 1798 3407 1877 quus
3484 1796 3660 1858 nulla
3732 1798 3906 1857 actio

2360 1922 2461 1978 est
2540 1919 2770 1993 praevia
2845 1916 3248 1993 dispositiva,
3333 1915 3520 1993 cujus
3585 1914 3909 1973 terminus

2358 2032 2675 2110 assignari
2720 2035 2961 2108 potest.

2439 2149 2500 2208 Si
2559 2147 2740 2208 dicas
2806 2146 2986 2225 quod
3045 2151 3094 2209 si
3157 2147 3594 2207 Sacramentis
3641 2150 3708 2205 et
3767 2144 3905 2206 aliis
3932 2157 4228 2222 Responsa

2356 2266 2811 2325 instrumentis
2868 2264 3481 2343 supernaturalibus
3564 2265 3756 2324 detur
3801 2280 3907 2323 ac·

2361 2380 2445 2440 tio
2494 2381 2787 2459 physica,
2832 2380 2896 2440 in
2945 2398 3072 2459 qua
3126 2378 3573 2458 perficiuntur,
3630 2384 3704 2440 ut
3748 2380 3904 2441 lotio

2360 2514 2544 2575 aquae
2574 2498 3001 2574 Baptismalis,
3051 2498 3322 2576 prolatio
3363 2497 3739 2565 verborum,
3774 2501 3902 2558 etc.

2362 2619 2612 2686 contra,
2669 2615 2810 2675 haec
2863 2614 3017 2674 nihil
3070 2611 3315 2675 faciunt
3373 2630 3453 2673 ex
3513 2620 3743 2674 natura
3806 2613 3902 2671 rei

2361 2726 2447 2788 ad
2488 2730 2790 2807 gratiam,
2838 2729 2986 2807 quia
3031 2727 3308 2805 perinde
3353 2730 3494 2790 sine
3551 2728 3709 2805 ipsis
3754 2745 3904 2806 pro-

2364 2842 2512 2903 duci
2585 2849 2831 2921 posset‚
2893 2851 2960 2905 et
3028 2843 3241 2905 solum
3317 2844 3516 2904 habet
3588 2858 3737 2904 cum
3811 2842 3907 2904 eis

2363 2960 2842 3021 connexionem
2937 2975 3018 3020 ex
3103 2960 3442 3020 voluntate
3535 2959 3910 3036 principalis

2361 3079 2643 3156 agentis,
2717 3093 2860 3154 quae
2943 3076 3213 3137 denotat
3299 3077 3777 3138 institutionem
3851 3082 3913 3137 et

2361 3198 2665 3255 virtutem
2753 3196 3323 3263 communicatam,
3410 3193 3543 3253 sive
3639 3193 3907 3272 physica

2363 3311 2466 3382 sit,
2499 3310 2635 3372 sive
2682 3313 2930 3371 tantum
2984 3310 3266 3380 moraliS,
3313 3313 3384 3368 ut
3431 3310 3609 3384 infra
3661 3307 3907 3369 discer-

2364 3433 2604 3498 netur;
2657 3444 2817 3504 ergo
2864 3428 3103 3489 nullam
3149 3427 3397 3488 habent
3451 3429 3780 3488 actionem
3832 3442 3911 3487 ex

2364 3545 2623 3622 propria
2688 3543 2893 3604 forma
2954 3543 3398 3620 dispositivam
3457 3543 3540 3605 ad
3609 3548 3914 3625 gratiam.

2446 3659 2660 3735 DiceS,
2719 3669 2790 3720 ut
2841 3658 3103 3738 quidam
3166 3661 3413 3735 volunt,
3474 3678 3604 3722 non
3665 3661 3911 3740 requiri
4058 3665 4176 3750 ἐμ

2361 3779 2436 3834 ut
2481 3777 2645 3835 actio
2682 3773 3056 3853 dispositiva
3111 3793 3189 3837 ex
3241 3782 3472 3838 natura
3524 3782 3616 3840 rei
3669 3731 4221 3862 habeatssffissssssfss

2366 3891 2841 3951 connexionem
2950 3909 3097 3952 cum
3198 3893 3438 3953 effectu
3536 3894 3914 3970 principalis
4053 3861 4135 3902 ω’

3990 1336 4003 1345 .
4031 1275 4142 1322 Ali·

3956 1339 4186 1384 Similiter

3958 1406 4211 1462 urgentur.

3963 2700 4108 2814 lmzu
4118 2716 4214 2765 gm-

4089 2782 4153 2813 l-J.

2367 4008 2645 4083 agentis.
2700 4007 2960 4081 Contra,
3016 4011 3137 4069 hoc
3193 4009 3466 4071 destruit
3520 4014 3727 4070 totum
3767 4008 3914 4069 fun-

2369 4125 2749 4184 damentum
2795 4131 3133 4186 sententiaa
3175 4128 3488 4203 opposiiae
3543 4127 3625 4187 de
3677 4129 3917 4187 instrue

2367 4241 2627 4312 mentiS,
2664 4243 2814 4317 quia
2857 4241 3003 4301 ideo
3046 4249 3469 4301 assumuntur
3519 4244 3883 4303 instrumen

2372 4360 2430 4416 ta
2488 4357 2926 4432 particularia,
3008 4358 3155 4435 quia
3239 4359 3485 4418 habent
3557 4375 3635 4418 ex
3699 4357 3912 4418 forma

2369 4474 2627 4548 propria
2686 4477 3013 4533 actionem
3092 4473 3540 4549 dispositivam
3598 4473 3682 4533 ad
3745 4474 3917 4534 effe-

2371 4595 2543 4648 ctum
2629 4605 2838 4649 causae
2922 4590 3321 4667 principalis,
3420 4591 3576 4651 alias
3665 4588 3910 4650 frustra

2369 4711 2879 4776 assumerentur,
2957 4706 3299 4782 inquiunt;
3365 4721 3522 4783 ergo
3596 4721 3913 4766 necessa-

2367 4819 2534 4880 rium
2593 4825 2693 4880 est
2747 4819 3255 4881 instrumentum
3301 4821 3544 4882 habere
3616 4837 3694 4882 ex
3758 4838 3917 4897 pro-

2372 4937 2507 5012 pria
2579 4934 2781 4996 forma
2853 4937 3184 4998 actionem
3270 4936 3739 5015 dispositivam,
3826 4952 3911 4997 ne
4063 4962 4157 5012 cur
4233 5013 4234 5027 χ

2367 5052 2603 5114 frustra
2664 5055 2840 5113 esset
2896 5059 3325 5130 assumptum,
3385 5057 3525 5116 sine
3581 5072 3710 5133 quo
3758 5055 3912 5114 alio·
3965 5024 4213 5138 ''aeffisssijffi

2371 5169 2526 5247 quin
2567 5169 2818 5247 absque
2868 5170 2974 5229 tali
3009 5170 3152 5249 ejus
3201 5188 3326 5231 usu
3371 5171 3560 5234 fieret
3606 5173 3909 5244 effectuS,
3944 5158 4218 5262 εῑωῗξξῦω

2370 5286 2667 5362 sequitur
2738 5284 2916 5362 quod
3002 5287 3165 5348 actio
3246 5285 3348 5347 illa
3412 5289 3493 5348 sit
3563 5290 3759 5349 etiam
3835 5306 3914 5350 ex
4233 5271 4234 5294 ¹

2373 5406 2602 5461 natura
2675 5402 2765 5461 rei
2846 5401 3210 5479 dispositiO,
3273 5404 3430 5464 alias
3487 5402 3540 5464 si
3598 5405 3752 5465 nihil
3834 5422 3916 5466 ex

2372 5521 2607 5577 natura
2689 5516 2786 5578 rei
2859 5516 3192 5590 conducit,
3264 5516 3501 5581 frustra
3561 5521 3918 5599 requiritur
