4255 6375
762 295 881 357 544

763 453 982 535 sivae,
1019 456 1096 525 et
1134 476 1280 547 per
1315 477 1812 550 consequens
1856 458 2133 549 plures
2167 458 2314 529 Ba·

766 569 1070 661 ptismi.

434 760 516 808 An
544 698 713 823 {ium
851 685 964 757 Ad
1006 686 1385 778 primum,
1423 691 1768 762 concedo
1803 690 2029 763 illam
2067 692 2313 784 majo-

414 820 723 934 ml'ssffss‘issssie‘*
765 821 935 873 rem
1003 803 1094 875 de
1160 824 1407 876 causa
1477 806 1899 880 inducente
1961 805 2313 878 formam

494 959 644 995 unam
762 918 1177 1001 effective;
1245 919 1373 992 hic
1443 928 1716 995 autem
1783 923 2088 998 inducit
2156 922 2316 995 for-

467 1020 678 1141 ῗὲἳζιῖἳ)
766 1056 980 1107 mam
1011 1037 1253 1116 Deus,
1288 1057 1447 1109 non
1500 1037 1897 1111 minister.

430 1130 711 1197 B³P²¹⁸¹¹¹¹³
849 1154 951 1225 Et
1021 1153 1088 1225 si
1171 1153 1534 1245 objicias,
1601 1154 1892 1228 saltem
1960 1154 2312 1227 formam

761 1268 1187 1361 Baptismi,
1228 1275 1313 1343 ut
1346 1274 1468 1343 est
1512 1274 2157 1352 Sacramentum,
2204 1270 2316 1343 in-

758 1386 978 1458 ducit
1058 1386 1456 1468 minister,
1529 1394 1609 1461 et
1678 1387 1795 1460 sic
1865 1392 2056 1461 sunt
2141 1389 2313 1460 duae

757 1522 1048 1586 causae,
1103 1510 1183 1577 et
1236 1507 1580 1597 utraque
1617 1507 1921 1580 totalis.
1961 1508 2318 1599 Respon-

760 1629 931 1711 deo,
997 1628 1064 1701 si
1116 1633 1458 1723 uterque
1527 1633 1828 1714 abluat,
1883 1637 2174 1707 neuter
2236 1632 2316 1705 in

760 1745 1149 1818 abluendo
1200 1752 1324 1819 est
1377 1768 1623 1819 eausa
1684 1748 1992 1829 totalis,
2047 1752 2129 1822 et
2163 1747 2312 1820 hoc

767 1862 935 1933 sive
968 1863 1273 1936 ablutio
1310 1864 1448 1935 fiat
1491 1864 2042 1957 immergendo
2092 1866 2314 1951 (tunc

764 1978 979 2049 enim
1067 1979 1301 2050 ambo
1374 1985 1700 2053 movent
1784 2002 2084 2074 corpus
2174 1981 2313 2053 im-

769 2095 1014 2166 mersi
1061 2116 1217 2167 uno
1273 2101 1492 2170 motu
1547 2102 1882 2171 causato
1918 2118 1963 2169 a
2004 2097 2314 2171 virtute

772 2210 1079 2283 motiva
1154 2211 1616 2294 amborum;
1689 2219 1769 2287 et
1842 2213 2033 2287 licet
2103 2213 2318 2287 alter

774 2332 1046 2419 posset
1116 2327 1343 2400 illum
1409 2334 1721 2403 motum
1776 2350 2152 2413 causare,
2207 2336 2317 2404 ta-

767 2463 945 2515 men
989 2445 1298 2535 quando
1343 2446 1586 2518 simul
1632 2450 1980 2530 movent,
2024 2448 2316 2520 neuter

765 2559 1030 2632 utitur
1101 2564 1279 2634 tota
1366 2581 1511 2633 sua
1592 2561 1902 2635 virtute
1974 2561 2312 2645 motiva,

762 2694 918 2767 qua
979 2681 1257 2768 posset
1300 2696 1394 2748 ea
1466 2676 1610 2759 uti,
1678 2677 1889 2750 sicut
1938 2682 2307 2775 apparet,

763 2792 1081 2884 quando
1115 2792 1266 2865 duo
1316 2799 1649 2884 portant
1693 2816 1938 2867 unum
1975 2796 2309 2887 pondus,

766 2909 968 3000 quod
1028 2909 1275 2982 aliter
1317 2909 1538 2981 solus
1583 2915 1860 3002 posset
1917 2914 2311 3003 portare),

767 3025 935 3097 sive
992 3025 1133 3099 fiat
1203 3025 1774 3118 perfundendO,
1842 3028 1969 3100 vel
2038 3047 2314 3120 asper-

766 3141 1046 3233 gendO,
1143 3141 1330 3215 licet
1420 3146 1760 3234 uterque
1832 3141 2314 3219 madefaciat

770 3279 979 3351 aqua
1047 3279 1094 3330 a
1169 3280 1253 3331 se
1322 3259 1678 3352 perfusa,
1760 3260 1885 3332 vel
1942 3281 2308 3353 aspersa,

765 3381 1051 3450 neuter
1122 3381 1389 3450 tamen
1443 3377 1871 3451 madefacit
1932 3381 2110 3451 tota
2173 3377 2314 3451 illa

767 3491 1377 3573 madefactione,
1453 3513 1627 3585 quae
1673 3497 1800 3566 est
1859 3513 2002 3585 per
2042 3513 2316 3586 asper-

767 3608 1080 3682 sionem
1124 3610 1577 3682 amborum.

853 3725 1000 3798 Sed
1049 3724 1301 3798 adhuc
1334 3725 1656 3797 videtur
1699 3727 1924 3797 stare
1973 3723 2310 3796 difficul-

765 3846 918 3922 tas,
966 3840 1153 3933 quia
1195 3845 1534 3933 uterque
1582 3845 1707 3914 est
1745 3859 1996 3913 eausa
2030 3840 2314 3914 totalis

766 3961 1140 4051 respectu
1193 3957 1680 4051 prolationis
1721 3957 2188 4040 verborum,
2233 3960 2315 4029 et

767 4076 880 4149 sic
928 4081 1317 4168 quantum
1382 4074 1477 4146 ad
1531 4093 1770 4146 unam
1843 4077 2163 4166 partem
2208 4073 2314 4146 ef-

768 4193 1026 4267 fectus
1093 4191 1561 4272 exterioris,
1618 4189 1751 4282 qui
1830 4195 1954 4264 est
2033 4194 2314 4263 Sacra-

776 4314 1159 4392 mentum,
1231 4313 1472 4382 erunt
1537 4308 1707 4380 duae
1779 4327 2046 4380 causae
2098 4312 2314 4382 tota-

773 4429 915 4509 lcs,
989 4432 1070 4501 et
1129 4425 1279 4499 hoc
1337 4429 1462 4499 est
1504 4423 2031 4516 impossibile,
2072 4424 2188 4498 ita
2219 4424 2311 4496 de

774 4549 1009 4638 parte
1063 4544 1421 4624 effectus,
1487 4542 1695 4614 sicut
1748 4541 1838 4614 de
1889 4544 2093 4615 tote.

867 4661 1369 4754 Respondeo,
1417 4657 1741 4731 difficile
1789 4662 1915 4730 est
1971 4655 2159 4749 quin
2207 4658 2315 4729 al-

430 4814 735 4865 „bsfflvendo
772 4778 1031 4854 terius
1082 4777 1332 4850 verba
1384 4774 1910 4868 superfluant,
1959 4773 2074 4845 ita
2108 4760 2314 4865 quod

424 4877 743 4990 alffg‘ssnffiffl„
772 4916 931 4968 non
982 4894 1143 4968 sint
1196 4913 1339 4987 per
1380 4913 1464 4965 se
1510 4909 1700 4984 pars
1756 4888 1989 4961 unius
2034 4891 2316 4962 Sacra-

514 5002 649 5052 Μὴ
774 5014 1048 5096 menti,
1114 5012 1299 5105 quia
1368 5029 1669 5104 ponere
1743 5009 1893 5081 duo
1955 5007 2312 5099 ejusdem

771 5129 1118 5205 rationis
1177 5150 1354 5201 esse
1414 5131 1691 5220 partes
1771 5124 2033 5207 unius,
2109 5125 2314 5217 quod

770 5247 1257 5342 simpliciter
1321 5249 1537 5319 esset
1634 5242 2107 5337 perfeetum,
2179 5240 2315 5312 ha-

766 5366 1016 5438 bendo
1061 5365 1413 5438 alterum
1472 5380 1757 5434 eorum
1829 5378 1975 5451 pro
2049 5361 2308 5450 parte,

766 5481 1088 5554 videtur
1156 5477 1680 5572 superfluum.
1773 5478 1961 5556 Quae
2039 5477 2308 5547 autem

476 4628 529 4678 Si
556 4629 686 4677 alter

475 4691 689 4761 alterurn

441 4756 718 4817 praeveniat

1937 300 2073 361 ΜΒ.
2121 301 2221 362 lv,
2263 300 2860 364 SENTENTIARUM

2427 460 2953 551 superfluant,
3007 465 3087 533 et
3160 462 3395 554 cnjus
3447 458 3909 551 proferentis,

2425 576 2746 650 difficile
2817 581 2941 650 est
3010 578 3462 669 assignare,
3551 574 3728 666 quia
3792 594 3912 664 qua

2431 695 2750 768 ratione
2786 695 2961 778 illa,
2994 700 3073 769 et
3108 695 3295 776 ista,
3337 698 3420 767 et
3468 694 3587 766 ita
3628 698 3913 783 utraque

2423 810 2551 882 vel
2630 814 2950 892 neutra,
3045 810 3234 902 quia
3332 815 3668 899 uterque
3738 828 3913 898 aeque

2427 928 2830 1020 complete
2913 931 2994 1000 et
3052 925 3459 999 consimili
3525 923 3914 997 intentione

2427 1044 2767 1136 profert.
2833 1045 3478 1137 Responsionem
3539 1062 3812 1134 quaere.

2515 1165 2669 1228 Dici
2696 1174 2925 1250 potest,
2974 1164 3147 1249 qnod
3186 1164 3557 1249 baptizatio
3601 1163 3801 1247 hujus,
3841 1161 3915 1225 rel

2429 1281 2616 1345 illius
2657 1282 2855 1364 valet,
2906 1282 3182 1360 scilicet,
3229 1284 3418 1367 cujus
3452 1279 3912 1365 baptizationem

2430 1397 2599 1461 Deus
2629 1398 3015 1483 acceptavit.
3065 1397 3272 1483 Cujus
3303 1419 3454 1461 vero
3507 1395 3910 1471 determinate,

2427 1511 2614 1577 nobis
2668 1513 2938 1597 penitus
2979 1513 3301 1577 incertum
3363 1524 3478 1592 est,
3544 1512 3719 1576 solus
3775 1511 3915 1574 novit

2429 1626 2622 1705 Deus,
2660 1629 2858 1691 eleni
2897 1627 3186 1693 voluerit
3222 1629 3546 1694 revelare.

2517 1740 2629 1812 Ad
2717 1741 3150 1813 secundum
3233 1744 3796 1832 argumentum
3849 1738 3916 1810 de

2427 1856 2771 1940 actione,
2845 1858 2912 1930 si
2975 1862 3326 1950 ponatur
3395 1859 3476 1929 in
3537 1877 3768 1950 passo
3825 1854 3920 1926 vel

2431 1972 2504 2043 in
2542 1977 2855 2063 agente,
2901 1974 3222 2046 dubium
3268 1980 3417 2047 est.
3466 1975 3548 2049 Si
3592 1974 3668 2044 in
3700 1992 3921 2065 passo,

2427 2109 2582 2160 non
2654 2093 2776 2162 est
2841 2096 3068 2179 plures
3131 2091 3497 2173 realiter,
3579 2090 3730 2163 nisi
3785 2107 3923 2181 pas-

2428 2206 2696 2277 siones
2758 2209 2922 2281 sint
2985 2208 3303 2300 plures;
3349 2228 3492 2279 nec
3559 2205 3923 2298 passiones

2429 2326 2614 2394 sunt
2663 2324 2960 2415 plures,
3037 2324 3349 2415 quando
3421 2322 3690 2395 forma
3753 2342 3924 2393 rece-

2431 2445 2567 2532 pta
2652 2438 2730 2510 in
2804 2459 3087 2531 passo,
3177 2459 3334 2511 una
3415 2444 3568 2512 est.
3649 2441 3741 2510 Et
3806 2435 3922 2507 hoc

2430 2556 2794 2637 tenendo,
2867 2557 3235 2647 neganda
3302 2560 3520 2629 esset
3587 2556 3726 2628 illa
3787 2573 3923 2645 pro-

2430 2674 2727 2768 positio
2813 2676 3103 2767 ma-jor,
3198 2696 3371 2767 quae
3466 2672 3921 2765 accipitura

2428 2796 3122 2867 Commentatore.
3216 2792 3296 2866 Si
3393 2795 3666 2863 autem
3756 2786 3920 2860 actio

2431 2913 2786 3001 ponatur
2858 2909 2936 2981 in
3018 2912 3335 2999 agente,
3419 2907 3591 2979 sive
3667 2904 3922 2977 absolu·

2429 3030 2628 3108 tum,
2708 3025 2876 3098 sive
2956 3029 3376 3118 respectus
3453 3023 3550 3095 ad
3623 3038 3925 3115 passum,

2428 3146 2617 3217 tunc
2692 3147 2961 3236 potest
3039 3141 3365 3215 concedi
3438 3141 3747 3234 major:
3825 3135 3923 3208 sed

2428 3264 2617 3332 tunc
2686 3259 2826 3331 illa
2901 3263 3027 3331 est
3088 3258 3336 3330 falsa:
3385 3256 3729 3331 diversis
3774 3250 3924 3326 acti-

2430 3375 2713 3452 onibus
2747 3375 3390 3468 correspondent
3423 3375 3758 3447 diversae
3789 3389 3924 3463 pas·

2430 3496 2722 3567 siones.
2771 3499 3290 3585 Quocumque
3340 3511 3540 3584 ergo
3585 3490 3803 3563 modo
3842 3485 3922 3558 di-

2427 3617 2665 3686 catur
2704 3611 2795 3683 de
2846 3609 3191 3691 actione,
3228 3629 3388 3681 non
3422 3608 3754 3702 ponitur
3792 3605 3921 3698 plu·

2430 3749 2561 3802 res
2630 3749 2808 3801 esse
2889 3725 3258 3820 passivas
3347 3724 3918 3817 baptizationes‚

2429 3846 2563 3919 sed
2609 3846 2958 3919 unicam.

2517 3965 2616 4036 Et
2671 3984 2768 4034 ex
2831 3961 2990 4034 isto
3039 3960 3359 4032 videtur
3420 3957 3648 4050 sequi
3714 3950 3922 4027 corol-

3962 1144 4089 1195 Affifoe„

2428 4079 2752 4161 larium,
2847 4077 3052 4171 quod
3132 4079 3745 4150 Sacramentum
3807 4069 3922 4140 Ba·
4007 4059 4013 4070 ’

2428 4195 2704 4290 ptismi
2769 4192 3029 4284 magis
3088 4197 3213 4266 est
3283 4189 3723 4285 baptizatio
3785 4205 3922 4279 pas-

2427 4313 2602 4387 siva
2645 4332 2883 4404 quam
2947 4310 3240 4389 activa,
3306 4307 3440 4401 qui
3513 4304 3920 4401 plurificata

2424 4429 2976 4524 baptizatione
3026 4426 3320 4509 activa,
3366 4447 3527 4499 non
3571 4420 3918 4518 plurifica-

2428 4555 2565 4624 tur
2633 4547 2983 4641 passiva,
3038 4566 3181 4618 nec
3233 4544 3724 4638 Baptismus,
3773 4535 3917 4631 quia

2429 4663 2757 4758 passiva
2797 4667 2923 4735 est
2977 4682 3157 4733 una.
3211 4661 3432 4733 Istud
3486 4663 3749 4732 autem
3785 4654 3916 4726 illa·

2425 4784 2599 4853 tum
2642 4779 2961 4852 videtur
3005 4776 3443 4871 probabile,
3493 4776 3675 4869 quia
3712 4766 3913 4863 bapti·

2424 4903 2657 4970 zatus
2710 4895 3043 4989 proprie
3105 4894 3444 4987 suscipit
3497 4897 3913 4967 Sacramen-

2426 5021 2644 5096 tum3
2721 5012 3062 5105 suscipit
3129 5014 3401 5083 autem
3453 5008 3771 5103 proprie
3811 5001 3911 5075 ab·

2423 5132 2818 5206 lutionem
2895 5128 3331 5222 passivam,
3422 5130 3504 5199 et
3567 5146 3719 5197 non
3763 5116 3908 5194 acti·

2423 5273 2634 5334 vam,
2688 5249 2847 5323 nisi
2887 5249 3205 5323 dicatur
3252 5246 3458 5319 idem
3514 5245 3840 5317 realiter.
