4255 6375
506 918 682 968 Prima
715 923 767 967 et

495 981 759 1158 Υῗεοὲἓῖρ
820 1040 1127 1129 quando
1191 1048 1546 1134 poenitet,
1591 1051 1780 1142 quia
1813 1059 1937 1126 est
1976 1054 2190 1127 filius
2237 1078 2358 1129 re·
2459 1066 2806 1136 purqetur,
2841 1066 3015 1139 quod
3037 1081 3160 1129 non
3211 1074 3415 1144 posset
3474 1070 3609 1128 sine
3651 1069 3939 1144 Baptismo,

492 1123 766 1219 praes-¹¹·
815 1154 976 1244 gni,
1061 1161 1139 1230 et
1210 1181 1366 1232 non
1442 1166 1854 1258 obligatur
1939 1172 2068 1259 adj
2103 1173 2358 1246 susci·
2470 1178 2581 1237 s'ed
2621 1182 2687 1237 ut
2720 1179 2894 1253 quod
2920 1186 3062 1241 ante
3091 1184 3318 1242 datum
3361 1188 3449 1244 est
3491 1190 3641 1244 tunc
3668 1183 3858 1242 valere
3884 1186 3947 1241 in·
3993 1173 4042 1257 'f

556 1260 694 1304 ⁸⁰⁰²·
813 1270 1186 1360 piendum
1239 1279 1748 1370 Baptismum
1792 1287 1886 1357 ad
1929 1287 2076 1359 hoe
2124 1294 2211 1363 ut
2253 1292 2356 1363 sit
2469 1295 2667 1368 cipiet
2717 1297 2806 1356 ad
2845 1297 3143 1370 salutem,
3194 1315 3343 1359 cum
3398 1299 3519 1359 illa
3565 1300 3732 1376 fictio
3787 1306 3952 1360 υεναεῑ
3988 1286 4014 1329 5²

806 1388 1022 1460 filius
1070 1395 1325 1483 regni,
1384 1401 1571 1488 quia
1627 1400 1818 1475 illud
1860 1411 2357 1499 praeceptum
2471 1411 2861 1486 confessione
2896 1416 3251 1484 recesserit,
3315 1418 3442 1474 etc.
3495 1416 3572 1475 Et
3614 1413 3773 1475 infra
3824 1413 3953 1483 dicit,

810 1502 1203 1596 implevit,
1263 1516 1344 1584 et
1393 1512 1542 1585 hoc
1598 1521 1791 1590 nota
1849 1522 2052 1610 quod
2087 1528 2356 1597 actua·
2472 1527 2651 1604 quod
2682 1528 3048 1605 Baptismus
3096 1529 3549 1592 haereticorum
3593 1537 3657 1592 et
3708 1531 3955 1591 schisma-

811 1619 1004 1693 liter
1067 1644 1409 1715 peccans
1473 1635 1941 1708 mortaliter
2032 1640 2110 1709 in
2163 1640 2351 1721 alio,
2475 1645 2775 1718 ticorum,
2809 1650 2920 1725 qui
2962 1649 3029 1709 in
3092 1665 3170 1710 eo
3215 1655 3388 1709 statu
3444 1664 3580 1709 non
3627 1646 3865 1710 valebat
3899 1647 3956 1706 ad

815 1734 984 1807 sive
1065 1737 1145 1809 in
1217 1742 1356 1816 illo
1428 1751 1612 1820 actu
1677 1755 1942 1841 potest
2015 1754 2357 1847 implere
2473 1762 2782 1833 salutem,
2832 1768 2983 1824 tunc
3024 1764 3290 1842 incipiat
3332 1764 3554 1825 valere
3600 1763 3686 1823 ad
3727 1764 3953 1823 remissi-

818 1864 1314 1950 praeeeptum
1410 1865 2000 1943 affirmativum
2105 1875 2369 1947 etiam.
2470 1895 3144 1965 onempeccatorum,
3192 1904 3335 1949 cum
3393 1889 3628 1964 recipit
3687 1890 3950 1946 unitatem

819 1970 896 2039 in
967 1972 1108 2045 illo
1153 1982 1366 2048 actu.
2472 2005 2537 2063 et
2601 2019 2833 2080 pacem
2888 2002 3244 2077 Ecclesiae,·
3289 2001 3469 2064 idem
3516 2002 3723 2063 habet
3771 2002 3867 2063 lib.
3915 2003 3953 2061 3.

464 2047 686 2175 Argtiih.
728 2115 751 2164 1
905 2089 1018 2159 Ad
1109 2092 1465 2181 primum
1540 2098 1668 2187 (h)
1741 2109 2353 2191 argumentum,
2468 2138 2609 2195 cap.
2679 2122 2737 2180 3.
2788 2126 2855 2181 et
2902 2120 3015 2181 tib.
3051 2121 3111 2182 6.
3148 2138 3289 2197 cap.
3346 2121 3399 2182 l.
3449 2122 3631 2181 Hanc
3677 2121 3958 2179 veritatem

481 2175 763 2302 bffifflffis
814 2200 1016 2288 dice,
1102 2211 1304 2299 quod
1374 2215 1636 2286 omnis
1701 2217 2163 2309 baptizatus
2245 2226 2354 2297 in·
2472 2235 2860 2297 confirmant
2890 2236 3252 2298 Concilium
3282 2236 3632 2306 Nicetium,
3678 2235 3959 2296 Pontifices

482 2304 763 2428 Cssffiffi}„‚
813 2319 983 2394 duit
1061 2323 1502 2411 Christum,
1569 2338 1960 2423 quantum
2031 2341 2124 2411 ad
2205 2340 2351 2413 hoc
2469 2358 2535 2415 et
2566 2354 2790 2415 Patres
2834 2354 3075 2416 citandi
3122 2352 3288 2415 infra
3334 2360 3551 2428 quaest.
3610 2356 3665 2416 1.
3725 2355 3854 2415 dist.
3898 2369 3959 2410 se·

463 2428 1019 2542 {ffiassgfioftqssffll
1063 2443 1370 2519 Christi
1433 2450 1767 2525 familiae
1831 2458 2347 2541 adscribitur,
2466 2473 2702 2548 quenti,
2740 2474 2852 2550 qui
2883 2472 3230 2533 haereticos
3257 2472 3674 2549 recipiebant
3721 2471 3957 2547 baptiza·

811 2556 943 2627 sed
1011 2579 1166 2631 non
1230 2563 1483 2639 induit
1552 2569 1969 2646 Christum
2032 2597 2354 2670 semper
2467 2592 2568 2647 tos
2598 2590 2664 2650 in
2692 2588 3076 2662 Ecclesiam,
3109 2604 3231 2665 per
3258 2589 3465 2648 solam
3510 2602 3751 2647 manus
3794 2589 4015 2669 impo-IL

810 2695 954 2766 per
1037 2678 1530 2757 charitatem
1609 2690 1734 2760 vel
1806 2694 2189 2781 gratiam,
2271 2702 2351 2771 et
2464 2710 2791 2779 sitionem,
2839 2722 3006 2786 quos
3061 2709 3429 2783 sequuntur
3464 2720 3707 2765 omnes
3750 2702 4062 2789 Schola--

807 2799 1164 2890 primum
1234 2803 1787 2882 indumentum
1858 2820 2124 2903 potest
2194 2820 2348 2892 dici
2462 2836 2626 2898 stici.
2676 2835 2824 2895 Sola
2871 2829 3215 2894 difficultas
3260 2837 3358 2891 est
3405 2828 3746 2908 quomodo
3814 2828 4048 2887 rece-h

799 2938 1227 2992 commune
1289 2926 1656 2998 omnibus
1689 2929 1779 3000 de
1830 2930 2187 3012 familia,
2237 2959 2346 3009 se·
2466 2950 2662 3012 dente
2693 2949 2956 3012 fictione
3008 2950 3221 3011 valeat
3270 2949 3671 3027 Baptismus,
3732 2953 3793 3007 et
3841 2942 3955 3022 quid
4014 2988 4056 3041 ,-

799 3035 1143 3106 eundum
1185 3044 1309 3111 est
1373 3041 1924 3121 indumentum
1988 3053 2343 3143 speciali·
2463 3068 2777 3140 conferat,
2868 3084 2950 3128 an
3023 3068 3479 3129 remissionem
3586 3070 3959 3142 peccatorum
3986 3081 4058 3123 ’v

802 3155 931 3223 ter
980 3153 1365 3229 filiorum.
1419 3162 1558 3232 Vel
1599 3168 1864 3255 potest
1914 3169 2096 3250 dici,
2139 3175 2344 3264 quod
2459 3185 2720 3247 solum?
2767 3202 2849 3246 an
2883 3184 3078 3246 etiam
3136 3183 3465 3262 gratiam?
3508 3189 3630 3245 aut
3684 3184 3954 3244 remissio·

801 3266 938 3338 ille
979 3289 1133 3341 non
1187 3279 1309 3347 est
1344 3276 1805 3370 baptizatus
1872 3284 1949 3356 in
1987 3287 2340 3371 Christo,
2461 3309 2614 3356 nem
2672 3300 2920 3355 tantum
2986 3293 3201 3353 omnis
3263 3295 3522 3369 poenae?
3584 3295 3761 3353 lianc
3834 3307 3953 3368 ergo

802 3386 933 3456 sed
993 3387 1073 3458 in
1139 3389 1443 3468 Christi
1497 3397 1845 3482 nomine,
1930 3404 2119 3494 quia
2186 3427 2345 3479 non
2461 3413 2886 3493 quaestionem
2958 3414 3174 3472 movet
3229 3411 3472 3471 Doctor
3564 3412 3635 3471 in
3710 3407 3959 3487 praesenti

803 3502 884 3575 in
941 3506 1249 3582 virtute
1312 3511 1621 3589 Christi
1674 3518 2024 3594 interius
2088 3525 2349 3618 bapti-
2463 3532 2684 3593 dubio.

805 3623 1093 3696 Zantis.
2536 3644 2919 3724 Respondet
2960 3645 3152 3706 variis
3197 3641 3460 3704 modis:
3510 3643 3722 3719 primo
3766 3641 3956 3703 admit·
4023 3728 4038 3760 ἶ

463 3753 684 3815 Argum.
716 3753 768 3833 ,²-
893 3740 1006 3811 Ad
1049 3745 1503 3828 secundum,
1557 3752 1775 3840 patet
1828 3775 1926 3824 ex
1976 3756 2213 3830 (lictis
2267 3758 2344 3830 in
2463 3764 2661 3826 tendo
2713 3779 2960 3832 casum,
3027 3759 3207 3841 quod
3294 3760 3667 3839 baptizatus
3732 3760 4032 3830 haberet..

463 3818 662 3878 Argum
715 3820 766 3867 δ’
806 3877 1154 3950 corpore
1231 3864 1731 3953 quaestionis.
1823 3873 1934 3943 Ad
2008 3877 2343 3949 tertium
2457 3885 2714 3958 septem
2762 3883 3030 3956 peccata
3078 3877 3396 3950 mortalia,
3424 3877 3823 3938 attritionem
3872 3889 3955 3934 au·

804 3973 1005 4056 dico,
1054 3979 1259 4067 quod
1301 3981 1765 4071 Baptismus
1807 3989 2142 4079 expellit
2187 4014 2347 4065 om-
2457 4003 2590 4058 tem
2666 3996 2747 4057 de
2818 4010 2959 4066 sex,
3042 3992 3123 4055 de
3196 3996 3478 4068 septimo
3570 3996 3803 4065 autem,
3884 3990 3957 4048 *⁸¹

802 4110 900 4161 ne
979 4099 1426 4183 peccatum,
1471 4118 1631 4169 non
1683 4103 1870 4192 quia
1930 4104 2009 4176 in
2069 4111 2345 4182 eodem
2457 4114 3025 4189 complacentiam,
3141 4110 3244 4172 vel
3356 4108 3610 4170 nullam
3729 4107 3952 4170 attritio·

803 4208 1140 4283 instanti
1187 4213 1381 4287 insit
1422 4216 1695 4305 gratia
1740 4225 1817 4292 et
1883 4232 2340 4312 peccatun1;
2454 4246 2649 4304 nem3
2711 4228 3064 4305 septimum
3148 4241 3304 4305 ergo
3384 4226 3604 4289 solum
3674 4224 3793 4286 fuit
3841 4235 3957 4282 cau·

802 4326 934 4395 sed
1039 4327 1313 4418 gratia
1408 4330 1922 4425 baptismalis
2010 4343 2346 4434 expellit
2455 4362 2525 4407 sa
2608 4344 2910 4415 fictioniS,
3001 4353 3065 4407 et
3156 4348 3417 4420 oportet
3474 4347 3550 4403 ut
3613 4343 3825 4406 doleat
3900 4335 3958 4396 de

803 4461 1037 4514 Omne
1111 4451 1555 4535 peecatum,
1630 4457 1835 4543 quod
1905 4455 2143 4529 infuit
2222 4483 2345 4532 us-
2453 4462 2559 4522 illo
2605 4465 2672 4524 in
2703 4478 2798 4535 se,
2849 4462 3335 4538 etinquantum
3384 4455 3505 4521 fuit
3562 4476 3763 4520 causa
3803 4457 3954 4517 fictio·

801 4576 951 4647 que
991 4561 1208 4631 tunc.
1250 4562 1586 4654 Culpam
1631 4575 1902 4641 autem
1941 4594 2113 4664 quae
2154 4580 2339 4649 tunc
2456 4580 2556 4639 nis
2598 4579 2663 4640 in
2695 4579 3024 4655 Baptismo
3055 4597 3077 4636 ··
3122 4578 3304 4646 Quod
3341 4592 3463 4651 pro
3509 4582 3715 4647 tanto,
3768 4572 3950 4650 inquit,

801 4672 1010 4745 inest
1053 4679 1264 4756 actu,
1305 4678 1429 4749 vel
1466 4701 1640 4771 quae
1683 4690 1866 4757 actu
1903 4691 2094 4760 tunc
2130 4713 2343 4764 com-
2454 4697 2619 4766 dico,
2683 4697 2839 4772 quia
2903 4698 3073 4771 forte
3140 4696 3424 4772 pet-eavit
3493 4710 3665 4754 ”ovo
3743 4690 3953 4768 peccato

800 4789 1185 4878 mittitur,
1261 4795 1386 4865 vel
1459 4798 1650 4888 quia
1717 4803 1806 4872 (le
1889 4805 2030 4876 illa
2117 4811 2341 4882 nulla
2450 4814 2720 4875 mortali
2740 4815 2988 4889 faciens
3016 4812 3512 4874 irreverentiam
3543 4807 3945 4870 Sacramenta,

796 4907 1187 4980 contritio
1250 4911 1483 4996 inest,
1529 4934 1688 4985 non
1742 4921 2098 5012 expellit,
2156 4927 2341 5017 quia,
2452 4933 2814 5008 recipiendo
2876 4930 3050 4990 ittud
3131 4946 3266 4991 cum
3330 4927 3456 4989 tati
3511 4927 3800 5001 fictione,
3851 4926 3945 4979 etc·

793 5023 1098 5097 invenit
1142 5025 1449 5101 obicem
1489 5037 1933 5110 eontrariae
1975 5041 2340 5118 volunta.-
2454 5048 2563 5108 illa
2609 5048 2927 5125 particula
2979 5048 3172 5120 forte,
3219 5060 3351 5105 non
3399 5043 3710 5121 exprimit
3747 5036 3944 5100 dubila-
4020 5134 4026 5151 ε

795 5138 927 5212 foiS·
2457 5167 2699 5226 tionem
2771 5162 2854 5225 de
2925 5170 3202 5240 peccato
3274 5156 3548 5240 indigne
3624 5129 4048 5233 recipientis&

1250 5323 1865 5395 COMMENTARIUS
2450 5283 2970 5350 Sacramentum,
3017 5277 3397 5354 simpliciter
3437 5273 3797 5354 loquendo,
3833 5265 3937 5345 quii

1360 5365 1376 5385 λ
1875 5377 1888 5395 ’
2451 5395 2898 5458 indubitanter
2918 5392 2984 5454 id
3014 5394 3247 5454 asserit
3267 5392 3329 5454 d.
3348 5391 3406 5451 9.
3435 5396 3502 5453 et
3519 5394 3589 5454 d.
3619 5390 3713 5451 17.
3733 5384 3835 5448 sed
3860 5394 3934 5441 ex·

497 5490 736 5616 Augen,
875 5488 965 5569 (1))
995 5496 1069 5553 Εἰ
1096 5495 1147 5554 εἰ
1171 5496 1499 5573 objicitur,
1527 5503 2045 5568 etc.Recedente
2075 5507 2337 5572 fictione
2452 5512 2636 5589 ponit
2664 5527 2888 5571 casum
2917 5507 3434 5580 inadvertentiae,
3467 5521 3617 5584 quae
3647 5501 3930 5567 excusaret

555 5630 673 5667 ΗΠΒ.

797 414 914 475 438

813 575 1103 667 plevit3
1173 579 1311 651 illa
1380 588 1651 657 autem
1722 585 2084 680 impletio
2154 592 2357 665 nihil

816 690 966 763 sibi
1024 695 1282 769 valuit
1333 700 1428 769 ad
1489 701 1838 775 salutem
1881 710 2069 779 ante
2112 707 2357 781 istam

819 812 1398 898 poenitentiam.

925 925 1245 1019 Recipit
1277 949 1474 1020 orgo
1517 932 1891 1007 effectum
1927 937 2354 1029 Baptismi‚

793 5607 1013 5668 valere
1067 5609 1492 5690 Baptismum‚
1543 5624 1641 5678 est
1696 5626 2021 5685 sententia
2073 5628 2335 5706 Augus-

1984 426 2132 493 LlB.
2183 430 2282 493 lv,
2333 431 2929 501 SENTENTIARUM

2474 596 2585 659 tini
2641 596 2751 658 lib.
2827 601 2879 661 1.
2929 602 3005 662 de
3075 605 3401 678 Baptismo
3489 608 3710 666 contra
3772 606 3939 668 Dona-

2468 712 2666 786 tistas‚
2697 730 2842 791 cap.
2879 718 2974 778 12.
3024 720 3207 779 Sicut
3237 722 3409 780 enim
3431 720 3499 781 in
3527 721 3643 780 itlo
3673 723 3935 797 quitiam

2470 837 2844 904 accesseras,
2874 832 2946 906 stt
2989 838 3055 893 ut
3088 850 3215 894 non
3256 836 3465 896 denuo
3494 837 3847 911 baptizetur,
3869 841 3944 898 sed

2471 944 2615 1020 ipsa
2667 951 2785 1021 pia
2857 951 3252 1010 correctione
3329 957 3389 1013 et
3430 968 3601 1039 vera.
3628 953 3949 1026 confessione

2450 5647 2487 5691 a
2516 5631 2790 5706 peccato
2822 5624 3169 5703 sacrilegii,
3193 5618 3303 5700 q'ui
3335 5627 3564 5699 posset
3610 5619 3928 5692 contingere
