4255 6375
430 574 508 620 est
561 569 626 619 ab

438 633 617 681 eadem

430 712 488 745 08
494 712 579 744 usa
593 732 604 745 .

371 1458 487 1507 Atia
539 1459 693 1509 inter·

412 1523 637 1584 pretatio

462 1583 601 1632 illius

369 1705 380 1717 ·
426 1648 640 1710 majoris

365 1717 690 1773 impugnatae.

395 2548 561 2599 Verba
595 2550 656 2599 D.

430 2610 590 2660 Thom
601 2650 614 2663 .

413 3822 618 3889 cajetan
631 3861 642 3874 .

391 4687 657 4861 ΙωέιΞὲηε-

730 378 806 440 28

724 559 870 606 esse
942 545 1326 622 simpliciter
1397 552 1460 608 et
1513 545 2026 608 determinatum
2091 561 2262 618 esse,

720 676 853 720 non
898 662 981 720 sit
1023 659 1382 731 sufficiens,
1416 667 1487 722 ut
1530 659 1897 722 secundum
1929 677 2126 721 unam
2174 675 2270 719 ra-

725 774 967 837 tionem
997 777 1081 837 sit
1125 779 1205 840 ab
1250 796 1377 841 una
1427 795 1639 852 causa,
1687 781 2059 843 secundum
2102 778 2268 839 alte-

721 906 856 951 ram
888 892 969 953 ab
1020 892 1267 969 altera;
1334 895 1660 975 quidquid
1719 897 1892 957 enim
1954 896 2067 957 dat
2123 910 2270 954 esse

719 1007 942 1085 hujuS,
1004 1008 1116 1069 dat
1147 1024 1292 1071 esse
1339 1011 1737 1087 simpliciter,
1800 1017 1865 1075 et
1929 1030 1964 1074 e
2018 1016 2266 1082 contra,

721 1121 900 1200 quod
933 1122 1047 1184 dat
1094 1139 1239 1183 esse
1272 1125 1674 1201 simpliciter,
1726 1124 1835 1185 dat
1866 1141 2013 1186 esse
2050 1126 2268 1203 hujus,

722 1244 795 1301 ut
833 1256 1037 1316 supra
1085 1242 1430 1318 probatum
1478 1247 1598 1303 est.

803 1357 920 1418 Alii
954 1358 1464 1435 interpretantur
1492 1360 1665 1421 illam
1696 1362 2039 1439 maiorem,
2078 1363 2269 1440 juxta

727 1476 1228 1551 responsionem
1302 1476 1436 1536 Divi
1507 1476 1763 1538 'rhomae
1820 1477 1898 1537 ad
1966 1477 2267 1553 primum.

727 1606 921 1667 quam
945 1591 1083 1668 jam
1117 1592 1449 1671 attigimus
1482 1609 1563 1653 ex
1596 1594 1899 1662 Doctore,
1941 1595 2264 1668 interpre-

728 1709 968 1769 tatione
1003 1712 1256 1785 quarta,
1296 1710 1470 1787 quod
1505 1728 1727 1772 creare
1761 1717 1861 1772 est
1900 1709 2271 1788 producere

725 1841 844 1886 ens
909 1825 1141 1903 primo,
1205 1832 1269 1887 et
1330 1828 1508 1888 nullo
1569 1826 1711 1903 ejus
1774 1830 2268 1904 praesupposit0‚

718 1957 871 2001 nam
914 1940 1052 2000 fieri
1086 1957 1203 2016 per
1241 1959 1313 2002 se
1363 1944 1570 2018 primo
1619 1944 1880 2005 effectui
1931 1948 2266 2022 competit,

717 2056 1085 2118 secundum
1138 2058 1312 2118 illam
1374 2060 1637 2136 praecise
1711 2064 2050 2133 rationem,
2127 2079 2270 2138 quae

717 2188 852 2231 non
925 2175 1446 2249 supponebatur,
1509 2180 1573 2234 et
1618 2190 1761 2252 quae
1806 2191 1935 2234 non
1986 2191 2267 2252 praeces-

718 2290 829 2355 sit:
867 2288 1044 2368 quod
1077 2293 1127 2351 si
1178 2294 1538 2367 praecessit,
1591 2310 1724 2354 non
1776 2310 1895 2371 per
1936 2310 2008 2355 se
2058 2295 2265 2371 primo

716 2408 808 2478 fit,
856 2407 978 2469 sed
1010 2426 1130 2484 per
1175 2408 1506 2474 accidens,
1543 2410 1911 2472 Concordat
1956 2413 2267 2475 doctrinae

718 2521 794 2581 D.
829 2524 1054 2584 Thom.
1102 2524 1242 2585 loco
1264 2526 1572 2600 praefato,
1607 2526 1797 2603 quus
1829 2528 2025 2590 verba
2058 2535 2214 2590 sunt
2249 2550 2260 2590 :

718 2639 1070 2699 Dicendum
1103 2644 1274 2715 quo‘l
1315 2642 1585 2716 aliquod
1611 2644 1973 2718 perfectum
1996 2646 2265 2718 partici-

705 2769 878 2828 pans
916 2753 1213 2830 aliquam
1260 2757 1605 2817 materiam
1648 2757 1812 2831 facit
1859 2760 1986 2818 sibi
2027 2760 2261 2827 simile,

711 2886 838 2930 non
914 2872 1174 2946 quidem
1245 2874 1660 2947 producendo
1736 2874 2023 2936 absolute
2075 2875 2266 2936 illam

708 2987 1079 3053 maceriam,
1111 2988 1224 3047 sed
1252 2988 1643 3063 applicando
1676 3006 1818 3049 eam
1852 2992 1939 3052 ad
1967 2991 2226 3067 aliquid
2245 3010 2259 3061 ;

710 3113 836 3160 non
868 3102 1037 3160 em‘m
1066 3102 1171 3161 hic
1200 3102 1389 3163 homo
1415 3108 1617 3178 potest
1650 3121 1778 3164 esse
1826 3122 2023 3165 causa
2074 3112 2263 3166 natu-

707 3232 797 3276 roe
820 3218 1121 3278 humanae
1163 3218 1476 3290 absolute,
1524 3222 1680 3295 quia
1727 3223 1818 3282 sic
1868 3229 2019 3283 esse!
2067 3240 2268 3283 causa

711 3334 1066 3408 εῑιίίρείαε,
1098 3336 1211 3395 sed
1260 3341 1349 3395 εει
1398 3353 1598 3396 causa
1646 3340 1819 3413 quod
1861 3345 2099 3399 natura
2144 3341 2260 3399 hu-

717 3469 909 3512 mana
967 3456 1048 3512 ειέ
1097 3454 1163 3512 in
1204 3453 1323 3514 hoc
1364 3454 1619 3514 homine
1674 3462 1999 3530 qeneraw,
2061 3464 2117 3517 et
2175 3459 2266 3518 sic

707 3570 1141 3641 proesappowl
1184 3570 1250 3627 in
1298 3584 1416 3627 ειια
1460 3571 1709 3629 actione
1758 3574 2103 3632 maceriam
2153 3576 2260 3633 de·

708 3684 1145 3753 terminatam,
1202 3699 1323 3759 pflr
1379 3702 1576 3760 quam
1623 3691 1707 3744 est
1740 3687 1843 3746 hic
1898 3688 2110 3749 homo,
2163 3689 2264 3749 Sic

711 3799 1064 3878 CaJetanus
1096 3808 1311 3876 quaest.
1362 3803 1457 3862 44.
1495 3807 1618 3860 art.
1656 3804 1715 3863 2.
1752 3819 1901 3862 cum
1944 3804 2138 3882 ignis,
2165 3806 2267 3865 in-

713 3915 876 3992 quit,
913 3924 1272 3993 generatur
1302 3934 1380 3977 ex
1433 3933 1611 3987 acre,
1666 3936 1797 3979 non
1839 3917 1975 3979 fieri
2030 3938 2150 3996 per
2194 3939 2265 3983 se

718 4047 978 4106 corpuS‚
1024 4049 1247 4109 neque
1300 4034 1725 4104 elementum,
1781 4034 1898 4096 sed
1943 4037 2118 4098 hunc
2163 4040 2259 4118 ig·-

714 4161 904 4215 nem3
949 4150 1036 4205 „et
1081 4147 1174 4206 sic
1256 4149 1486 4208 asserit
1546 4149 1607 4208 in
1693 4147 1975 4212 factione
2041 4170 2264 4213 rerum

714 4262 1133 4333 naturalium,
1184 4278 1333 4324 esse
1364 4280 1399 4324 a
1446 4265 1619 4325 nullo
1665 4265 1801 4326 fieri
1838 4284 1958 4343 per
2008 4285 2079 4329 se
2130 4272 2256 4344 pri·

713 4394 818 4435 mo
855 4391 1052 4448 nune,
1091 4379 1399 4455 quoniam
1445 4379 1509 4441 fit
1540 4397 1805 4459 semper
1834 4387 2258 4464 unumquod-

713 4508 844 4570 que
890 4508 973 4553 ex
1007 4494 1129 4553 alio
1164 4499 1340 4564 ente,
1374 4496 1526 4558 lic-et
1557 4514 1677 4573 per
1706 4499 2037 4560 arridens.

790 4613 1052 4685 Contra,
1103 4611 1473 4688 producere
1521 4631 1638 4674 ens
1670 4616 1901 4690 primo,
1964 4624 2030 4679 et
2078 4620 2257 4681 nullo

712 4735 860 4812 ejus
943 4730 1451 4810 praesupposito,
1523 4732 1627 4791 vel
1710 4734 2095 4814 intelligitur
2179 4737 2259 4797 de

716 4856 869 4912 ente
942 4847 1406 4920 determinato,
1469 4852 1797 4924 quatenus
1871 4852 2261 4928 producitur

706 4967 884 5028 nullo
952 4964 1253 5042 subjecto
1328 4965 1823 5041 praesupposito,
1899 4984 1978 5029 eo
2063 4969 2259 5030 modo

709 5103 838 5163 quo
903 5083 1172 5144 materia
1235 5079 1764 5156 praesupponitur
1845 5083 2260 5160 productioni

708 5198 955 5267 formae,
1005 5203 1070 5257 et
1124 5195 1227 5256 hic
1272 5209 1510 5254 sensus
1570 5199 1668 5255 est
1718 5212 1949 5268 verus;
2003 5197 2123 5259 sed
2168 5199 2262 5259 sic

710 5315 906 5376 etiam
981 5310 1307 5374 diceretur
1365 5317 1657 5372 creatura
1737 5311 2132 5389 producere,
2197 5318 2264 5374 ut

709 5437 1284 5509 advertitDoctor,
1343 5439 1447 5498 vel
1505 5440 1816 5517 probetur
1859 5442 2260 5516 oppositum,

714 5572 779 5630 et
822 5569 1183 5647 negaretur
1212 5566 1568 5628 convenire
1615 5566 1735 5628 soli
1784 5568 1921 5628 Deo
1971 5566 2063 5628 sic
2108 5581 2258 5644 pro·

1847 380 1994 443 LIB.
2041 381 2142 443 lv,
2189 380 2787 447 SENTENTIARUM

2388 546 2653 608 ducere.
2695 549 2806 609 Vel
2838 549 3204 626 producere
3241 567 3358 612 ens
3389 553 3622 628 primo,
3657 553 3724 610 et
3754 547 3936 608 nullo

2381 676 2894 750 praesupposito‚
2962 676 3348 756 intelligitur
3400 678 3507 738 vel
3561 672 3935 736 secundum

2379 792 2689 865 speciem,
2723 791 2824 851 vel
2869 791 3236 853 secundum
3282 809 3519 872 genuS,
3553 792 3655 854 vel
3696 806 3936 852 secun-

2385 898 2540 959 dum
2589 901 3088 974 transcendenS,
3123 907 3189 965 et
3236 904 3336 965 hic
3381 921 3616 966 sensus
3663 909 3764 963 est
3807 901 3934 963 fal-

2384 1030 2522 1087 suS,
2557 1018 2705 1093 quia
2747 1017 2840 1077 sic
2898 1024 3293 1096 sequeretur
3339 1020 3516 1097 quod
3568 1022 3745 1080 Deus
3795 1036 3930 1081 non
3967 1043 4231 1099 lnce-uveni

2382 1139 2608 1207 posset
2650 1149 2876 1195 creare
2907 1152 3106 1197 unam
3145 1137 3507 1209 materiam,
3565 1144 3678 1198 aut
3726 1153 3932 1198 unam
4068 1123 4196 1231 (ἓξ,

2386 1249 2670 1310 animam
2761 1252 3145 1314 rationalem
3228 1255 3698 1331 praeexistente
3781 1254 3932 1325 alia,
3999 1239 4231 1296 Qum*

2387 1368 2534 1443 quia
2582 1352 2743 1428 ratio
2808 1370 3077 1445 speciei,
3151 1372 3408 1450 generis
3465 1379 3532 1433 et
3600 1379 3936 1431 transcen·

2385 1480 2667 1544 dentalis
2701 1487 3155 1560 praeexisteret
3199 1490 3262 1549 in
3295 1489 3534 1565 priore.

2465 1596 2714 1658 Deinde
2779 1600 2957 1676 quod
3022 1600 3279 1674 dicitur,
3369 1601 3745 1678 producens
3820 1602 3938 1663 ali-

2385 1711 2564 1790 quod
2624 1730 2742 1774 ens
2788 1716 3298 1777 determinatum
3371 1733 3502 1779 non
3567 1716 3937 1796 producere

2381 1833 2681 1889 naturam
2741 1830 3115 1908 specificam
3173 1832 3500 1901 absolute,
3559 1831 3680 1893 sed
3726 1833 3933 1909 appli-

2384 1959 2533 2003 care
2579 1944 2663 2005 ad
2709 1945 3120 2007 individuum
3176 1948 3617 2023 supponendo
3677 1950 3936 2007 materi-

2381 2074 2487 2118 am
2534 2060 3056 2135 determinatam,
3104 2080 3223 2140 per
3254 2080 3447 2141 quam
3494 2063 3560 2123 fit
3610 2062 3936 2124 individu-

2380 2174 2540 2254 um(
2585 2173 2903 2253 quidquid
2955 2175 3036 2236 de
3080 2177 3187 2237 illa
3247 2178 3605 2255 quaestione
3662 2180 3770 2249 sit,
3827 2181 3929 2236 ut-

2375 2304 2524 2349 rum
2581 2289 2847 2348 materia
2915 2289 2998 2349 sit
3072 2289 3461 2366 principium
3517 2288 3931 2352 individuali·
4229 2362 4230 2367 ἵ

2378 2403 2594 2484 onis),
2626 2402 2861 2464 falsum
2923 2409 3022 2465 est
3082 2404 3258 2483 quod
3316 2422 3648 2484 generans
3705 2406 3923 2468 indivi·
3965 2408 4231 2490 Destruite

2383 2518 2586 2581 duum
2644 2536 2776 2579 non
2820 2528 3099 2598 generat
3154 2523 3220 2581 in
3277 2539 3355 2583 eo
3401 2528 3724 2598 naturam,
3775 2524 3930 2584 alias
3980 2494 4231 2531 ‘mmmm

2379 2638 2830 2701 destrueretur
2884 2639 3249 2701 univocatio
3316 2641 3484 2700 inter
3541 2655 3806 2699 causam
3864 2645 3930 2700 et

2378 2757 2710 2827 effectum,
2758 2772 2897 2833 quae
2955 2756 3248 2817 consistit
3298 2755 3670 2817 secundum
3728 2761 3928 2816 natu-

2377 2890 2536 2941 ram,
2584 2878 2652 2932 et
2696 2888 2829 2932 non
2858 2869 3228 2932 secundum
3263 2871 3654 2947 principium
3685 2869 3920 2931 indivi-

2379 2988 2728 3055 duationis.

2461 3106 2643 3171 ltem,
2693 3104 3026 3165 tolleretur
3060 3119 3208 3163 vera
3243 3107 3532 3166 causatio
3567 3107 3631 3166 in
3668 3106 3928 3176 creatiS,
4090 3141 4159 3190 16.
4229 3086 4230 3091 ἵ

2379 3235 2528 3297 quae
2574 3219 2842 3294 respicit
2881 3222 3179 3278 naturam
3230 3218 3545 3280 individui
3591 3224 3664 3278 ut
3716 3222 3932 3280 termi·
4229 3203 4230 3206 ¹

2377 3352 2532 3398 num
2564 3333 2914 3395 formalem
2944 3353 2958 3402 ;
2993 3333 3113 3394 sed
3172 3333 3492 3412 quidquid
3551 3336 3630 3394 sit
3678 3335 3766 3395 de
3811 3335 3931 3405 his,

2378 3451 2611 3512 solutio
2648 3451 2753 3510 illa
2807 3466 2937 3511 non
2972 3453 3168 3511 currit
3214 3451 3278 3510 in
3325 3453 3537 3510 anima
3597 3450 3927 3520 rationali,

2378 3573 2443 3628 et
2473 3567 2809 3643 supposita
2849 3567 3082 3628 veriori
3136 3567 3483 3636 sententia,
3535 3567 3598 3626 in
3657 3567 3935 3644 Angelis

4064 2546 4191 2594 iuter

3968 2622 4174 2655 causam
4221 2618 4231 2663 t

3992 2671 4231 2729 effectum,

2375 3683 2536 3745 intra
2571 3682 2878 3743 eamdem
2916 3684 3207 3758 speciem
3260 3680 3724 3759 multiplicatiS,
3780 3683 3938 3741 alias

2374 3799 2714 3876 supposito
2765 3815 2898 3858 uno
2943 3799 3223 3877 Ange10‚
3272 3816 3404 3860 non
3471 3803 3698 3873 posset
3756 3799 3937 3858 Deus

2378 3931 2603 3976 creare
2648 3915 2948 3984 alterum,
2985 3920 3094 3973 aut
3123 3913 3459 3989 supposita
3493 3913 3706 3973 anima
3767 3912 3937 3972 Ada-

2375 4033 2486 4102 mi,
2521 4048 2652 4091 non
2701 4034 2956 4091 crearet
3000 4032 3286 4090 animam
3327 4030 3489 4089 Evoe.

2457 4149 2547 4207 Ex
2587 4145 2823 4225 quibus
2867 4149 3046 4223 patet
3090 4145 3263 4205 illam
3320 4146 3594 4217 primam
3643 4144 3928 4220 probati-

2377 4280 2569 4324 onem
2633 4260 2864 4322 falsam
2925 4276 3070 4321 esse
3131 4261 3212 4321 ad
3278 4276 3544 4336 scopum
3608 4261 3928 4321 conclusi-

2374 4383 2516 4441 onis
2596 4376 3018 4446 intellectam,
3065 4376 3189 4445 vet,
3251 4376 3303 4435 si
3347 4393 3500 4437 vera
3575 4381 3695 4448 est,
3763 4378 3921 4436 nihil
3983 4421 4230 4486 Rauovel'

2374 4496 2680 4572 probare,
2729 4493 2878 4571 quia
2939 4492 3214 4552 effectus
3271 4492 3776 4553 universaliores
3819 4509 3921 4552 re·
3991 4501 4127 4556 salsa,
4162 4493 4216 4539 vel

2376 4610 2523 4672 duci
2597 4613 2656 4671 in
2724 4626 2954 4671 causas
3023 4608 3527 4670 universaliores
3596 4561 4231 4694 contingitffissfi'ffiss}

2374 4729 2498 4791 alio
2545 4729 2767 4797 modo,
2818 4742 3013 4804 quem
3049 4742 3242 4801 supra
3287 4725 3732 4800 exposuimus,
3769 4739 3922 4782 cum
3953 4689 4211 4751 C²³⁹¹³⁰¹¹⁵'

2375 4864 2503 4924 quo
2589 4861 2722 4905 non
2819 4845 3151 4919 repugnat
3247 4845 3613 4901 creaturam
3694 4854 3925 4898 creare

2374 4977 2571 5040 posse
2644 4961 2932 5038 aliquem
3004 4958 3308 5018 effectum
3389 4954 3921 5015 determinatum.

2379 5080 2558 5143 Sicut
2618 5084 2683 5139 et
2737 5078 2841 5138 illa
2890 5077 3086 5136 etiam
3158 5073 3564 5151 philosophia
3631 5072 3926 5151 Cajetani

2375 5199 2538 5261 falsa
2583 5204 2699 5265 est,
2739 5195 3003 5273 quando
3038 5197 3210 5273 ignis
3240 5197 3600 5272 generatur
3644 5208 3720 5252 ex
3766 5207 3927 5251 aere

2375 5332 2509 5377 non
2541 5312 2813 5391 produci
2862 5328 2981 5389 per
3023 5326 3094 5370 se
3141 5325 3400 5385 corpuS‚
3434 5307 3555 5369 sed
3587 5323 3706 5385 per
3748 5305 3928 5368 acci-

2379 5441 2568 5512 denS,
2644 5439 2795 5517 quia
2847 5438 3008 5497 ratio
3086 5435 3377 5513 corporis
3436 5435 3607 5494 sicut
3683 5432 3930 5493 desinit

2381 5572 2444 5628 et
2519 5564 2973 5642 corrumpitur,
3036 5564 3340 5639 corrupto
3423 5575 3601 5632 aere,
3666 5561 3730 5618 in
3795 5574 3929 5637 quo
