4255 6375
764 383 884 450 880

776 546 972 620 fides
1048 546 1432 621 Ecclesiae
1509 548 1681 622 sine
1765 550 2327 631 sacramento,
2432 547 2606 640 jam
2670 548 3041 623 remissis
3104 550 3491 645 peccatis,
3562 551 3909 645 Justiflcati

778 662 941 756 qui,
1017 662 1087 736 si
1153 663 1454 757 absque
1521 665 1945 758 Baptismo
2023 661 2333 737 fuerint

773 772 1153 862 defuncti,
1199 779 1447 856 etiam
1491 802 1675 856 cum
1718 779 2196 855 deferuntur
2236 779 2330 852 ad

775 901 1313 994 Baptismum,
1392 902 2017 981 damnabuntur,
2118 902 2332 976 sicut

777 1016 1056 1091 multis
1083 1018 1573 1091 Sanctorum
1597 1017 2092 1093 testimoniis
2117 1037 2332 1091 com·

781 1135 1184 1229 probatur
1226 1159 1244 1217 ;
1288 1137 1403 1209 Ad
1446 1136 1652 1228 quod
1693 1139 1839 1209 hoc
1873 1155 2121 1208 unum
2166 1134 2333 1208 suf—

777 1253 1027 1327 ficiat.
1074 1252 1584 1345 Augustinus
1634 1252 1802 1327 ait:
1843 1282 1873 1317 z
1919 1251 2332 1325 Firmissi-

433 1440 742 1616 {ijigffiss'
779 1487 899 1562 ris
944 1489 1305 1562 matrum
1334 1486 1615 1561 vivere
1659 1486 2059 1580 incipiunt
2097 1490 2179 1560 et
2226 1485 2330 1558 ibi

503 1565 733 1804 ‘goti-53⁶
782 1605 1277 1687 moriuntur,
1341 1605 1469 1679 vel
1545 1606 1637 1678 de
1692 1605 2093 1679 matribus
2159 1603 2331 1680 nati

456 1707 720 1804 ⁰1⁸ai>0mi
782 1722 953 1795 sine
1012 1727 1545 1798 sacramento
1606 1722 2008 1814 Baptismi
2047 1723 2140 1795 de
2182 1722 2332 1795 hoc

431 1815 754 1942 ἒὶξιῗῖῗῗξρ,
784 1837 1083 1910 saeculo
1144 1841 1596 1921 transeunt,
1649 1840 1958 1911 aeterno
2029 1835 2334 1932 suppli-

428 1940 914 2029 thm⁵⁸⁸²¹¹¹fficio
987 1956 1449 2048 puniendos,
1522 1956 1736 2048 quia,
1800 1960 1882 2030 et
1933 1955 2000 2028 si
2053 1975 2331 2047 pecca-

778 2078 954 2146 tum
1014 2072 1370 2165 propriae
1439 2071 1785 2146 actionis
1861 2092 2021 2144 non
2082 2071 2332 2143 habu-

774 2193 1041 2272 erunt,
1111 2188 1514 2282 originale
1571 2191 1846 2262 tamen
1906 2192 2330 2281 peccatum

776 2307 1214 2380 traxerunt
1284 2302 1601 2377 carnali
1672 2304 2202 2397 conceptione
2268 2333 2325 2375 ιο.

780 2425 880 2498 Et
941 2421 1155 2495 sicut
1227 2420 1575 2514 parvuli,
1644 2420 1778 2514 qui
1818 2420 1990 2494 sine
2050 2420 2330 2514 Bapti-

775 2560 952 2614 smo
990 2540 1459 2613 moriuntur
1506 2559 1848 2613 numero
1892 2539 2330 2612 infidelium

771 2657 1391 2739 adscribuntur;
1457 2657 1573 2730 ita
1616 2658 1751 2751 qui
1809 2657 2332 2750 baptizantur

767 2779 999 2863 sidetes
1028 2780 1380 2851 vocantu
1396 2796 1458 2857 r.
1508 2775 1642 2869 qui
1675 2797 1722 2848 a
1753 2774 2106 2848 fidelium
2140 2797 2332 2849 con-

773 2890 1036 2965 sortio
1094 2910 1257 2964 non
1313 2896 1833 2984 separantur,
1894 2913 2077 2965 curn
2146 2894 2329 2964 orat

773 3008 1126 3082 Ecclesia
1206 3028 1356 3100 pro
1451 3008 1814 3082 fidelibus
1898 3006 2326 3082 defunctis,

778 3124 1088 3199 Fideles
1166 3126 1425 3218 igitur
1493 3126 1679 3200 sunt
1748 3146 1909 3200 non
1989 3129 2332 3220 propter

775 3241 1198 3324 virtutem,
1245 3243 1379 3316 sed
1435 3242 1615 3315 fidei
1676 3244 2324 3317 Sacramentum.

425 3363 563 3425 Aus-
585 3376 664 3429 ep·
685 3361 752 3412 ad
781 3357 998 3430 Unde
1030 3357 1535 3450 Augustinus
1571 3384 1585 3428 :
1629 3387 1658 3423 α
1696 3359 2143 3433 Parvulum
2174 3360 2331 3434 etsi

429 3424 752 3598 Zffils'zssq.⁰oe
779 3476 1129 3549 nondum
1186 3475 1379 3549 fides
1429 3476 1594 3561 illa,
1643 3498 1818 3571 quae
1878 3478 1960 3550 in
2013 3480 2328 3553 creden-

428 3564 631 3684 dissffii’f'
636 3565 747 3678 32:
777 3592 977 3666 tium
1031 3593 1455 3667 voluntate
1513 3593 1919 3679 consistit,
1981 3596 2154 3689 jam
2217 3600 2330 3670 ta-

454 3674 698 3790 Nffi'n'iuss'f
778 3730 961 3784 men
1001 3710 1172 3783 fidei
1236 3709 1492 3804 ipsius
1556 3713 2198 3796 Sacramentum,
2257 3713 2331 3787 id

774 3832 924 3910 est,
971 3825 1465 3921 Baptismus,
1502 3828 1812 3901 fidelem
1845 3826 2077 3911 facit;
2117 3829 2331 3905 sicut

772 3946 1042 4012 credere
1084 3944 1646 4037 respondetur,
1693 3944 1810 4017 ita
1864 3944 2113 4017 etiam
2164 3946 2327 4030 fide-

773 4061 858 4127 lis
895 4062 1269 4140 vocatur,
1314 4079 1477 4132 non
1526 4079 1700 4132 rem
1743 4059 2004 4153 ipsam
2061 4065 2328 4135 mente

771 4174 1218 4258 aunuend0‚
1291 4176 1424 4248 sed
1504 4176 1763 4269 ipsius
1843 4176 1962 4249 rei
2041 4179 2331 4252 Sacra-

773 4294 1132 4364 mentum
1186 4289 1725 4384 percipiendo,

429 2504 650 2556 Dubium
685 2506 739 2558 5.

777 4575 956 4652 Quid
988 4575 1208 4663 prosit
1274 4576 1655 4663 Baptismus
1694 4581 1798 4647 his
1845 4580 1962 4668 qui
2008 4597 2157 4643 cum
2193 4575 2330 4659 side

1350 4694 1728 4765 accedunt?

553 4978 620 5051 r.
871 4952 1090 5028 Solet
1148 4952 1399 5028 etiam
1461 4954 1714 5048 quaeri
1770 4955 1861 5028 de
1929 4954 2118 5038 illis,
2194 4956 2328 5050 qui

528 5041 725 5160 23¹2„ss
770 5070 945 5162 ‚iam
977 5070 1467 5145 sanctificati
1502 5072 1798 5165 spiritu
1845 5093 2024 5145 cum
2059 5073 2206 5145 fide
2247 5076 2326 5146 et

778 5187 1183 5262 charitate
1234 5188 1329 5261 ad
1361 5188 1872 5281 Baptismum
1908 5189 2323 5275 accedunt,

778 5304 963 5397 quid
1014 5305 1131 5378 eis
1194 5306 1570 5380 conferat
1617 5305 2120 5399 Baptismus.
2193 5306 2331 5378 Ni-

778 5419 892 5493 hil
969 5421 1185 5495 enim
1266 5422 1589 5498 videtur
1676 5423 1794 5496 eis
1898 5426 2322 5516 praestare,

777 5557 988 5623 cum,
1057 5559 1203 5634 per
1279 5540 1513 5614 fidem
1587 5545 1670 5617 et
1743 5541 2329 5617 contritionem

1973 385 2122 448 Lm.
2150 385 2247 448 lv.
2286 383 2882 451 summanum

785 1391 910 1445 me
943 1375 1150 1452 tene,
1203 1369 1620 1462 parvulos,
1686 1370 1817 1463 qui
1858 1369 1986 1443 vel
2039 1368 2120 1441 in
2168 1371 2335 1442 ute-

2441 668 2653 738 sunt.
2690 668 2805 741 Ad
2846 667 3049 761 quod
3093 687 3286 741 sane
3323 668 3478 742 dici
3520 674 3784 761 potest,
3815 692 3911 744 eos

2444 782 2759 875 quidem
2812 804 2958 877 per
3015 785 3248 858 fidem
3290 787 3371 857 et
3414 786 3914 860 contritionem

2433 899 2961 991 justificatos,
3017 901 3091 975 id
3150 906 3303 986 est,
3366 924 3414 976 a
3459 902 3759 976 macula
3798 923 3917 995 pec·

2442 1018 2607 1093 cati
2668 1023 3061 1112 purgatos
3120 1024 3202 1094 et
3252 1041 3299 1093 a
3356 1020 3620 1094 debito
3657 1024 3916 1095 aeternae

2443 1156 2695 1229 poenae
2744 1135 3191 1220 absolutos,
3247 1140 3523 1211 tamen
3580 1136 3811 1210 adhuc
3848 1143 3921 1211 te

2441 1251 2618 1324 neri
2675 1252 3243 1327 satisfactione
3309 1253 3762 1347 temporali,
3813 1275 3921 1346 qua

2441 1371 2923 1463 poenitentes
2995 1369 3362 1463 ligantur
3430 1372 3511 1442 in
3597 1370 3920 1443 Ecclesia.

2445 1490 2642 1561 Cum
2704 1491 2975 1560 autem
3055 1486 3567 1579 Baptismum
3651 1487 3925 1580 percipi·

2445 1609 2614 1687 unt,
2658 1609 2741 1679 et
2799 1624 2846 1676 a
2891 1604 3273 1698 peccatis,
3336 1605 3405 1677 si
3465 1625 3621 1697 qua
3659 1604 3926 1679 interim

2445 1724 2631 1814 post
2698 1720 3317 1794 conversionem
3379 1722 3928 1797 contraxerunt.

2446 1835 2939 1909 mundantur
2981 1839 3062 1909 et
3112 1835 3210 1907 ab
3236 1835 3634 1909 exteriori
3675 1832 3933 1906 satissa-

2443 1949 2713 2025 ctione
2779 1951 3340 2033 absolvuntur,
3404 1955 3487 2026 et
3528 1952 3793 2044 gratia
3840 1949 3934 2021 ad-

2436 2066 2705 2158 jutrix
2784 2068 3237 2160 omnisque·
3276 2068 3545 2142 virtus
3622 2072 3931 2158 augetur,

2447 2187 2535 2257 ut
2566 2203 2758 2256 vere
2796 2207 3006 2252 novus
3042 2189 3237 2253 homo
3276 2189 3467 2257 tunc
3511 2183 3663 2257 dici
3706 2183 3933 2276 possit.

2444 2299 2737 2373 Fomes
2810 2320 3124 2393 quoque
3168 2301 3478 2393 peccati
3542 2301 3624 2373 in
3679 2321 3768 2372 eo
3812 2318 3939 2371 am·

2443 2417 2656 2513 plius
2724 2416 3221 2491 debilitatur.
3269 2418 3453 2490 Ideo
3492 2415 3940 2508 Augustinus

2441 2533 2660 2618 dicit,
2717 2533 2919 2626 quod
2978 2532 3194 2616 fideS,
3241 2553 3416 2627 quae
3457 2532 3725 2606 fideles
3764 2531 3938 2612 facit,

2444 2651 2529 2724 in
2570 2649 2802 2742 aquis
2852 2648 3255 2742 Baptismi
3293 2649 3537 2722 datur
3571 2649 3699 2721 vel
3736 2648 3944 2721 nutri·

2445 2771 2606 2848 tur,
2689 2764 2877 2858 quia
2943 2785 3101 2838 non
3161 2764 3487 2840 habenti
3565 2762 3941 2857 aliquando

2444 2883 2553 2958 ibi
2594 2883 2859 2963 datur,
2914 2886 2993 2957 et
3045 2883 3217 2976 jam
3280 2881 3633 2964 habenti,
3700 2884 3782 2955 ut
3824 2879 3942 2973 ple-

2440 3000 2626 3072 nius
2684 2998 3003 3081 habeat,
3046 2999 3309 3073 datur.
3375 2997 3504 3073 Sic
3558 3001 3636 3072 et
3669 2999 3756 3071 de
3800 2995 3941 3069 aliis

2445 3115 3058 3209 intelligendum
3090 3118 3240 3190 est.

2538 3373 2717 3450 Quid
2764 3372 3137 3439 dimittitur
3173 3373 3250 3439 in
3299 3373 3644 3460 Baptismo
3671 3371 3874 3459 justis.

2532 3568 2683 3651 Qui
2741 3586 2940 3660 ergo
3004 3567 3341 3640 mundus
3399 3565 3707 3641 accedit
3746 3564 3837 3640 ibi
3884 3566 3944 3636 fit

2443 3685 2845 3768 mundior,
2889 3688 2970 3758 et
3013 3684 3231 3757 omni
3264 3687 3535 3753 habenti
3571 3687 3667 3753 ibi
3701 3687 3944 3772 amplius
3963 3653 4045 3764 {2³³

2440 3805 2664 3871 datur.
2729 3801 2950 3884 Quod
3006 3821 3205 3875 vero
3281 3800 3548 3874 omnis
3624 3799 3945 3873 exterior
3980 3831 4072 3889 „m

2444 3917 2905 3993 satisfactio
2958 3917 3067 3990 ibi
3121 3896 3583 3999 relaxetur,
3654 3895 4072 4017 ΑῐῑιίηὌ-Βωζξ1

2443 4036 2613 4109 sius
2659 4034 3032 4116 ostendit,
3102 4054 3348 4126 super
3388 4033 3617 4106 illum
3670 4033 3941 4106 locum:
4010 4021 4071 4074 Μ

2442 4159 2606 4224 Sine
2634 4157 3027 4243 poenitentia
3056 4167 3211 4220 sunt
3242 4155 3423 4220 dona
3456 4155 3581 4220 Dei
3608 4164 3668 4220 et
3704 4151 3938 4226 vocatio,

2437 4270 2707 4343 dicens
2766 4296 2781 4340 ε
2833 4299 2861 4332 α
2914 4267 3203 4342 Gratia
3249 4268 3395 4340 Dei
3447 4267 3529 4338 in
3569 4268 3943 4358 Baptismo

2436 4407 2601 4459 non
2679 4384 3029 4478 requirit
3107 4383 3504 4477 gemitum
3577 4382 3703 4455 vel
3769 4379 3943 4473 plan·

2438 4506 2661 4577 ctum
2699 4501 2828 4573 vel
2891 4498 3215 4590 aliquod
3286 4516 3511 4591 opus,
3582 4501 3662 4571 et
3718 4491 3945 4568 omnia

2438 4616 2703 4713 gratis
2744 4616 3148 4690 condonat
3186 4643 3244 4686 ».
3291 4613 3515 4697 Quod
3556 4613 3847 4707 quidem
3872 4607 3942 4679 de

2436 4738 2762 4805 eaeteriori
2802 4732 3108 4825 gemitu
3148 4730 3275 4804 vel
3307 4731 3631 4824 planctu
3696 4721 3941 4817 accipi·
3959 4779 4000 4828 de
4025 4713 4072 4822 ξ

2437 4854 2724 4928 endum
2767 4852 2933 4932 est3
2980 4869 3169 4921 nam
3217 4849 3389 4921 sine
3429 4842 3795 4922 interiori
3837 4859 3939 4912 ne-
3996 4859 4072 4962 a&

2441 4985 2571 5038 mo
2619 4963 2939 5037 adultus
2987 4967 3473 5044 renovatum
3512 4961 3642 5034 sed
3682 4955 4071 5047 exteri-,eim

2442 5103 2625 5155 ores
2670 5077 3281 5153 satisfactiones
3328 5083 3411 5152 et
3469 5077 3931 5150 afflictiones.

2441 5197 2754 5273 scilicet
2843 5197 3121 5269 sordes
3219 5195 3795 5288 poenitentium,
3856 5186 3933 5261 ibi

2437 5314 2985 5389 dimittuntur.
3033 5312 3382 5386 Multum
3433 5329 3632 5403 ergo
3672 5302 3935 5381 confert

2438 5432 2906 5526 Baptismus
2992 5429 3242 5502 etiam
3304 5429 3473 5523 jam
3550 5446 3693 5520 per
3750 5421 3933 5496 fidem

2434 5550 2914 5647 justificato,
2953 5547 3143 5640 quia
3183 5547 3565 5621 accedens
3596 5545 3687 5619 ad
3715 5534 3936 5632 Bapti-

3944 6191 4071 6260 ..ιλ
