4255 6375
1385 424 1583 486 Dis'r.
1620 422 1718 485 111.
1768 420 2135 497 QUAEsTlo
2173 420 2241 482 11.

267 584 581 667 ambigua
623 586 816 651 faciat
845 586 1281 650 determinate
1311 601 1579 648 sensum
1611 601 1823 646 sacra-

266 703 633 764 mentalem
690 720 769 765 ex
813 705 874 767 vi
918 704 1294 777 verborum,
1365 704 1662 782 quamvis
1737 701 1822 764 ad

264 822 461 883 alium
521 839 820 895 sensum,
881 823 1074 885 etiam
1135 824 1369 902 quovis
1425 823 1624 885 modo
1688 828 1822 885 tor·

260 941 446 1022 queri
479 943 742 1020 possit?
770 942 824 1003 si
851 941 971 1019 sic,
1023 943 1241 1006 valide
1292 942 1573 1016 conficit,
1620 942 1818 1005 modo

259 1058 476 1121 adsint
535 1059 824 1137 reliqua,
884 1063 955 1121 ut
1024 1063 1300 1123 intentio
1371 1061 1690 1135 ministri;
1764 1064 1820 1124 si

261 1179 692 1251 contrarium,
723 1177 882 1240 nihil
919 1176 1051 1256 fiet,
1105 1180 1589 1259 quantumlibet
1637 1181 1821 1243 inini-

258 1297 393 1355 ster
423 1294 737 1356 intendat
766 1310 1036 1356 sensum
1067 1295 1640 1366 sacramentalem,
1670 1311 1819 1356 nam

263 1416 511 1489 praeter
595 1411 1031 1474 intentionem
1111 1411 1386 1473 ministri
1470 1412 1824 1491 requiritur

261 1525 474 1588 forma
540 1542 625 1588 ex
681 1526 741 1589 vi
797 1527 1151 1589 verborum
1193 1524 1592 1607 significan&
1637 1526 1822 1590 Unde

265 1643 315 1703 si
359 1643 512 1721 quis
566 1640 1109 1719 intenderet-per
1154 1640 1322 1702 hanc
1370 1641 1649 1703 formam
1701 1641 1822 1703 ba-

267 1759 509 1836 ptizare
549 1780 565 1821 :
600 1763 735 1835 qu
763 1763 822 1819 ce
868 1761 1122 1836 baptizo
1169 1760 1236 1820 in
1284 1762 1537 1823 nomine
1582 1761 1818 1829 Patris,

265 1883 319 1937 et
360 1881 622 1948 caetera,
661 1892 779 1951 per
805 1874 1190 1954 particulam
1233 1880 1289 1936 et
1335 1885 1563 1940 caetera
1602 1877 1820 1938 inten-

267 1993 430 2054 dens
486 1989 746 2070 reliqua
778 2006 923 2068 quae
949 1996 1329 2068 supersunt,
1352 1992 1511 2052 nihil
1537 1990 1817 2065 faceret;

265 2123 380 2185 per
421 2106 601 2167 hanc
653 2124 668 2166 :
719 2106 853 2167 liaec
898 2111 986 2167 est
1017 2122 1174 2167 vera
1213 2109 1446 2181 oracio,
1481 2108 1734 2185 baptizo
1765 2116 1823 2172 te

267 2228 325 2283 in
357 2226 623 2284 nomine
657 2225 872 2283 Patris
900 2228 956 2283 et
985 2223 1139 2284 Filii
1173 2229 1230 2284 et
1274 2226 1556 2299 Spiritus
1594 2230 1821 2301 sancti,

266 2339 421 2401 nihil
471 2337 682 2411 fieret,
737 2343 1345 2417 quantumcumque
1396 2339 1673 2404 haberet
1720 2342 1817 2404 in·

270 2458 637 2517 tentionem
693 2453 1092 2533 baptizandi,
1146 2456 1297 2534 quia
1369 2456 1476 2519 illa
1548 2459 1820 2534 prolatio

273 2570 514 2647 formae,
547 2572 658 2634 vel
684 2568 893 2634 forma
938 2575 1029 2635 sic
1075 2573 1350 2649 prolata,
1401 2590 1534 2636 non
1582 2591 1826 2655 suppo-

281 2690 369 2751 nit
402 2707 523 2768 pro
566 2705 769 2751 sensu
817 2693 1297 2765 sacramentali,
1343 2694 1462 2756 sed
1510 2714 1628 2774 pro
1672 2699 1824 2761 sub·

268 2809 444 2886 jecto
480 2809 818 2885 praemisso
852 2823 869 2867 ε
903 2807 1070 2869 talia
1113 2812 1282 2871 enim
1328 2818 1474 2873 sunt
1504 2817 1823 2890 praedica·

277 2931 356 2996 ta,
420 2923 655 3000 qualia
713 2925 1180 2999 permittuntur
1235 2944 1277 2987 a
1345 2929 1688 3005 subjectis,-
1760 2939 1830 2995 et

277 3018 475 3102 forma
509 3040 637 3102 hoc
668 3038 867 3101 modo
899 3041 1231 3103 recitative
1276 3041 1536 3118 dicitur,
1590 3052 1654 3108 et
1699 3064 1830 3110 non

278 3154 727 3238 significative,
783 3157 934 3234 quia
982 3157 1074 3218 sic
1125 3156 1470 3236 proferens
1527 3159 1830 3239 formam,

279 3287 405 3332 non
471 3268 718 3347 profert
785 3273 860 3331 ut
925 3271 1220 3333 minister
1295 3273 1701 3337 sacramenti
1768 3281 1837 3338 et

281 3390 589 3465 practice,
624 3385 745 3448 sed
776 3391 850 3449 ut
874 3388 1276 3465 Theologus,
1312 3394 1425 3451 aut
1456 3390 1835 3456 dialecticus

285 3507 344 3568 in
371 3507 605 3570 ordine
654 3504 737 3567 ad
785 3507 1304 3570 enuntiationem
1334 3510 1830 3585 speculativam,

289 3632 347 3687 et
392 3623 446 3685 si
494 3623 882 3686 intenderet
929 3621 1278 3698 conficere,
1328 3626 1484 3689 nihil
1526 3625 1716 3690 fieret
1754 3646 1835 3690 ex

293 3739 548 3803 defectu
577 3739 821 3803 formae.

367 3853 683 3917 Praeterea
733 3853 911 3915 nulla
964 3857 1065 3916 est
1115 3853 1344 3928 forma,
1407 3860 1564 3936 quin
1623 3860 1835 3938 aliqua

198 3960 251 4009 Εἰ·
301 3977 436 4055 ejus
489 3976 696 4038 verba
765 3976 1020 4053 possint
1079 3979 1367 4057 torqueri
1425 3979 1510 4040 ad
1567 3997 1838 4043 sensum

198 4098 255 4197 ξω.
302 4093 727 4170 aequivocum,
784 4092 1021 4154 saltem
1076 4093 1145 4154 in
1199 4111 1402 4156 sensu
1472 4097 1719 4174 tropico
1774 4102 1840 4158 et

305 4203 600 4285 figurato,
644 4211 721 4268 ut
767 4207 1025 4269 absolvo
1072 4213 1150 4283 te,
1201 4209 1437 4286 supple
1486 4227 1518 4273 a
1564 4212 1838 4278 vinculis

307 4324 767 4397 materialibus,
830 4330 941 4386 aut
995 4324 1076 4387 ab
1135 4327 1837 4406 excommunicatione,

310 4446 366 4502 et
392 4440 704 4514 censuriS,
736 4439 842 4502 vel
872 4444 1050 4502 certe
1099 4440 1433 4504 recitative
1481 4443 1585 4506 vel
1635 4446 1838 4527 signi-

308 4553 545 4621 ficative
574 4553 852 4636 proferri
881 4561 1123 4633 potest,
1156 4557 1282 4618 hoc
1312 4564 1411 4621 est
1439 4560 1842 4637 speculative

309 4673 400 4733 vel
465 4673 799 4752 practice3
875 4687 1034 4752 ergo
1096 4672 1150 4733 si
1208 4674 1506 4734 minister
1575 4673 1840 4750 debeat,

313 4789 710 4852 excludendo
752 4805 1025 4851 sensum
1070 4789 1478 4868 ambiguum,
1530 4807 1841 4869 quacum-

315 4920 426 4981 que
481 4907 737 4970 ratione
786 4905 1071 4985 supponi
1117 4909 1344 4984 possit,
1401 4908 1840 4973 determinare

313 5022 842 5085 sacramentalem
928 5019 1519 5100 significationem,
1605 5025 1840 5102 saepius

318 5137 630 5200 committit
686 5137 1183 5199 Sacramentum
1239 5137 1516 5214 nullum,
1574 5137 1839 5217 quando

318 5264 432 5313 non
460 5253 757 5317 reflectit.

383 5369 587 5447 DiceS,
658 5371 962 5437 sufficere
1020 5375 1450 5437 intentionem
1507 5378 1839 5438 universa·

198 5481 454 5561 usialem,
511 5506 654 5570 quae
710 5490 1105 5554 determinat
1153 5493 1239 5554 ad
1291 5509 1561 5555 sensum
1618 5510 1842 5556 sacra-

198 5561 264 5660 ῗω
321 5607 673 5672 mentalem.
735 5609 994 5685 Contra,
1044 5627 1229 5690 ergo,
1270 5609 1447 5673 salva
1494 5610 1624 5684 illa,
1669 5627 1839 5675 sem-

3361 411 3479 473 999

1932 599 2057 662 per
2122 578 2338 645 valide
2380 579 2495 643 flet
2563 581 3081 651 Sacramentum,
3137 579 3477 656 quantum-

1934 715 2220 778 cumque
2252 716 2370 777 per
2407 701 2728 776 privatum
2773 710 3066 758 errorem
3132 697 3245 756 aut
3290 692 3476 753 mali-

1933 814 2085 873 tiam
2125 810 2423 874 intendat
2465 826 2735 872 sensum
2785 808 3205 887 disparatum,
3267 811 3336 867 et
3390 804 3482 865 sic

1935 927 2181 989 tollitur
2212 943 2423 988 casus.
2459 926 2521 986 Si
2552 931 2773 988 autern
2804 941 2936 986 non
2965 923 3207 985 habeat
3248 919 3478 999 praedi·

1935 1053 2104 1111 ctam
2175 1046 2623 1109 universalem
2694 1048 2805 1105 aut
2856 1041 3346 1121 particularem,
3399 1036 3483 1098 ad

1933 1164 2309 1227 faciendum
2342 1163 2857 1229 Sacramentum,
2891 1159 3000 1220 ille
3030 1155 3334 1218 defectus
3386 1164 3485 1216 est

1933 1280 2314 1344 intentionis
2364 1285 2428 1342 et
2476 1278 2775 1351 ministri,
2831 1293 2962 1339 non
3004 1278 3228 1336 autem
3260 1270 3481 1334 deter-

1891 1402 1894 1409 '
1933 1398 2309 1460 minationis
2338 1398 2403 1457 in
2434 1394 2662 1465 forma,
2702 1409 2845 1474 quae
2877 1397 3239 1469 utcumque
3289 1386 3487 1450 fuerit

1936 1516 2393 1585 determinata,
2441 1526 2574 1575 non
2621 1511 2986 1591 applicatur
3025 1508 3151 1573 nisi
3207 1523 3329 1588 per
3380 1505 3479 1568 in-

1934 1633 2297 1695 tentionem
2327 1627 2623 1691 ministri.

2015 1748 2203 1812 Aliud
2245 1755 2464 1810 autem
2515 1750 2618 1808 est
2660 1743 2937 1806 formam
2981 1758 3126 1805 esse
3157 1739 3485 1804 sufficien-

1936 1872 2066 1930 tem
2100 1866 2183 1928 de
2207 1883 2302 1939 se,
2338 1863 2515 1927 aliud
2548 1878 2697 1926 esse
2730 1862 3124 1940 applicatam
3154 1858 3235 1920 ab
3266 1862 3487 1920 inten-

1936 1988 2112 2050 tione
2186 1982 2483 2054 ministri,
2558 1980 2787 2057 recipit
2839 1976 3484 2049 determinationem,

1934 2106 2253 2187 quantum
2285 2099 2367 2161 ad
2400 2100 2498 2161 sui
2530 2098 3063 2178 applicationem,
3097 2109 3230 2156 non
3263 2097 3486 2153 tamen

1936 2223 2254 2299 quantum
2304 2217 2388 2278 ad
2433 2214 3020 2296 significationem
3079 2214 3145 2271 et
3192 2226 3311 2288 per
3360 2209 3487 2269 hoc

1935 2339 2115 2413 patet
2146 2331 2229 2394 ad
2258 2331 2421 2395 illud
2466 2331 2647 2410 quod
2706 2329 3032 2411 objicitur,
3066 2344 3147 2389 ex
3189 2327 3299 2389 illo
3335 2340 3478 2401 cap.

1935 2452 2326 2514 necuter-unt.

2017 2569 2149 2631 Sed
2179 2566 2382 2640 dices,
2419 2565 2627 2629 forma
2672 2565 2778 2626 illa
2814 2583 2828 2625 τ
2862 2566 2930 2625 in
2969 2562 3223 2623 nominc
3250 2560 3481 2621 Patria

1936 2692 1992 2746 et
2033 2685 2214 2761 filia,
2267 2688 2391 2745 etc.
2441 2682 2736 2745 continet
2764 2681 2832 2742 in
2861 2695 2933 2742 se
2978 2677 3178 2740 verba
3210 2677 3476 2737 omnino
3510 2650 3824 2777 ffifflmcffl

1941 2802 2216 2864 diversae
2264 2797 2754 2880 significationis
2796 2798 2877 2860 ab
2908 2797 2985 2859 iis
3015 2811 3159 2875 quae
3185 2793 3480 2857 instituta
3510 2775 3835 2833 notularum.

1939 2923 2133 2990 sunt;
2188 2932 2347 2996 ergo
2401 2913 2622 2994 quoad
2669 2913 2944 2977 formam
2985 2911 3106 2973 erit
3134 2906 3487 2972 invalidum

1941 3038 2461 3106 Sacramentum,
2508 3033 2631 3093 nisi
2693 3031 2903 3110 possit
2963 3030 3261 3105 recipere
3323 3025 3488 3087 limi·

1943 3152 2261 3216 tationem
2293 3167 2329 3214 a
2355 3148 2750 3230 proferentis
2780 3146 3168 3209 intentione.
3203 3147 3494 3223 Respon-

1945 3270 2140 3333 detur
2197 3271 2264 3331 in
2325 3285 2402 3328 eo
2463 3270 2779 3328 contextu
2831 3280 2964 3325 non
3025 3280 3171 3325 esse
3218 3260 3494 3324 diversae

1942 3385 2464 3469 significationiS,
2545 3363 2789 3460 neque'
2844 3380 3045 3442 verba
3123 3376 3487 3457 significata

1943 3522 2084 3578 sua,
2119 3505 2278 3566 alias
2308 3499 2566 3580 propria
2598 3501 2873 3576 possunt
2903 3510 3306 3574 supponere,
3341 3494 3492 3573 quia

1943 3623 2149 3684 forma
2207 3618 2410 3680 debet
2463 3612 2683 3675 facere
2727 3628 2998 3675 sensum
3055 3611 3343 3689 aliquem
3387 3628 3489 3673 ra-

1947 3735 2325 3803 tionabilem
2357 3737 2423 3794 et
2451 3732 2835 3801 humanum,
2868 3727 3028 3789 alias
3058 3743 3192 3788 non
3222 3727 3499 3790 haberet

1946 3856 2271 3916 rationem
2313 3847 2531 3927 signi3
2582 3845 2780 3907 talem
2828 3849 3050 3906 autem
3101 3859 3370 3905 sensum
3431 3844 3496 3903 in

1946 3967 2283 4050 proposito
2339 3965 2569 4042 nequit
2612 3961 2810 4024 alium
2868 3958 3085 4023 facere
3133 3976 3330 4038 quam
3399 3977 3498 4022 sa-

1951 4085 2445 4154 cramentalem,
2492 4081 2781 4161 ideoque
2811 4081 3272 4157 unusquisque
3304 4077 3493 4139 intel-

1947 4207 2089 4286 ligit
2133 4203 2403 4287 adeum
2447 4202 2694 4259 tantum
2726 4212 2995 4258 sensum
3026 4192 3254 4256 referri
3296 4194 3494 4255 verba

1953 4330 2021 4387 et
2088 4338 2235 4386 esse
2309 4327 2612 4396 corrupta
2674 4313 2895 4395 quoad
2971 4313 3497 4376 terminationem

1950 4444 2237 4513 finalem,
2290 4456 2436 4503 cum
2490 4438 2684 4499 alium
2737 4450 3005 4496 sensum
3055 4448 3188 4494 non
3232 4429 3494 4497 faciant.

1955 4560 2064 4641 qui
2115 4558 2196 4618 sit
2243 4556 2308 4617 in
2354 4570 2502 4625 usu,
2555 4567 2631 4612 ac
2676 4548 2951 4629 proinde
2999 4548 3375 4626 intelligunt
3412 4546 3497 4609 ibi

1951 4694 2085 4739 non
2120 4691 2269 4738 esse
2299 4673 2501 4735 verba
2533 4669 2654 4732 alia
2686 4666 3066 4738 substituta,
3098 4663 3217 4727 sed
3264 4663 3499 4725 eadem

1953 4795 2094 4872 ipsa
2182 4790 2425 4860 formae,
2519 4792 2822 4864 corrupta
2893 4782 2958 4844 in
3033 4782 3500 4843 terminatione

1954 4910 2127 4973 finali

2031 5026 2245 5096 Dices,
2309 5020 2468 5100 quid
2513 5036 2671 5099 ergo
2732 5018 2986 5079 dubitat
3040 5012 3363 5081 Pontifex,
3417 5028 3500 5072 an

1954 5144 2169 5205 animo
2241 5136 2601 5200 inducendi
2672 5135 2823 5196 novi
2893 5133 3055 5194 ritus
3122 5130 3380 5194 erronei
3440 5129 3507 5192 id

1953 5259 2228 5323 fecerit?
2292 5254 2773 5335 Respondetur,
2835 5251 2986 5330 quia
3056 5252 3123 5310 in
3195 5265 3274 5310 eo
3350 5265 3506 5310 casu

1951 5378 2154 5442 forma
2190 5377 2601 5455 supponeret
2648 5389 2767 5450 pro
2818 5369 3039 5433 verbis
3088 5383 3220 5429 non
3276 5383 3507 5427 corru-

1954 5496 2098 5573 ptiS,
2134 5499 2201 5556 et
2228 5495 2321 5556 sic
2349 5508 2483 5553 non
2509 5488 2760 5552 faceret
2788 5500 3060 5549 sensum
3095 5499 3499 5563 congruum;

1947 5610 2133 5674 ⁴unde
2187 5608 2611 5688 intelligenda
2671 5610 2847 5669 esset
2895 5600 3104 5665 forma
3166 5600 3233 5662 in
3304 5615 3506 5665 sensu
