4255 6375
1541 403 1741 467 DlS'r.
1806 404 1848 465 l.
1898 399 2260 476 QUAESTIO
2305 404 2347 464 1.
3507 402 3586 465 87

346 588 556 640 nam
610 568 806 640 illud
851 567 1056 659 quod
1097 570 1222 639 est
1265 564 1708 658 perfectius
1763 561 1917 634 for-

352 706 527 769 ma,
571 689 697 759 est
742 684 993 759 etiam
1039 680 1482 776 perfectius
1543 680 1915 760 materia,

352 802 556 894 quia
634 801 907 873 forma
974 806 1099 874 est
1171 796 1614 892 perfectior
1677 817 1917 890 quam

356 919 748 999 materia,
792 922 860 992 7.
924 921 1223 1007 Metapk.
1286 936 1483 1008 ergo
1554 916 1619 988 si
1673 933 1919 988 causa

353 1038 642 1127 potest
683 1035 986 1109 habere
1030 1037 1109 1107 in
1147 1035 1457 1107 virtute
1500 1053 1646 1105 sua
1715 1032 1919 1105 acti-

348 1171 467 1223 va
513 1152 894 1233 formam,
951 1172 1111 1224 non
1152 1151 1474 1225 videtur
1523 1168 1917 1242 repugna·

351 1289 457 1342 re
490 1267 976 1362 perfectioni
1008 1268 1208 1359 ejus,
1247 1268 1450 1359 quod
1498 1267 1579 1339 in
1610 1266 1918 1340 virtute

348 1407 514 1460 sua
542 1385 850 1460 habeat
892 1385 1350 1468 materiam,
1386 1389 1466 1459 et
1500 1384 1615 1458 sic
1649 1388 1914 1458 totum

344 1502 774 1577 effectum.
841 1500 921 1577 Si
963 1501 1213 1575 etiam
1283 1498 1557 1593 plures
1625 1497 1915 1590 Angeli

345 1620 680 1714 possint
717 1641 895 1693 esse
922 1620 1280 1713 ejusdem
1314 1617 1637 1711 speciei,
1679 1621 1770 1692 ut
1807 1617 1914 1690 di-

33 1738 318 1809 ist-24³⁷·
353 1738 590 1812 citur
647 1743 720 1807 in
773 1740 1060 1808 secundo
1092 1741 1285 1820 libro,
1349 1757 1510 1809 non
1568 1741 1910 1830 apparet

352 1875 622 1949 quare
688 1855 1044 1946 Angelus
1121 1874 1277 1926 non
1339 1856 1609 1945 potest
1656 1854 1907 1945 Ange·

343 1973 528 2044 lum
584 1972 1054 2064 producere,
1095 1970 1303 2042 sicut
1348 1968 1559 2060 ignis
1611 1970 1900 2061 ignem,

339 2106 545 2159 nam
615 2085 1046 2179 utrobique
1123 2086 1607 2178 productum
1668 2084 1906 2158 habet

345 2203 977 2298 proportionem
1048 2203 1407 2274 eamdem
1486 2202 1580 2274 ad
1651 2202 1905 2295 perse·

343 2320 717 2394 ctionem
762 2319 1314 2411 producentis

34 2475 295 2548 mmm,
449 2436 633 2510 Alio
704 2435 939 2508 modo
1019 2434 1377 2528 ponitur,
1452 2434 1656 2525 quod
1724 2455 1903 2506 con-

33 2602 68 2649 ι
91 2554 210 2650 ,1322
240 2602 288 2652 1·
353 2556 623 2629 clusio
675 2553 1055 2645 negativa
1106 2555 1372 2645 potest
1418 2551 1724 2625 ostendi
1763 2574 1905 2643 per

33 2663 312 2792 gagi-2³3¹·
359 2672 800 2753 rationem,
853 2674 934 2743 et
985 2669 1133 2741 hoc
1192 2668 1774 2743 universaliter
1811 2669 1903 2740 de

34 2781 36 2786 ’
347 2793 717 2888 qualibet
748 2792 1159 2872 creatura,
1190 2790 1377 2882 quia
1411 2789 1622 2865 sicut
1654 2810 1904 2864 causa

347 2911 816 2984 materialis
893 2913 972 2983 et
1035 2907 1411 2981 formalis
1463 2910 1897 2982 secundum

341 3033 619 3104 totum
673 3047 923 3119 genus
979 3048 1212 3099 suum
1268 3027 1733 3099 necessario
1782 3048 1895 3100 re-

338 3146 686 3240 quirunt
764 3167 847 3218 se
914 3144 1262 3217 invicem
1342 3144 1423 3216 in
1491 3145 1894 3218 causando

339 3284 526 3336 rem
558 3263 641 3335 in
680 3288 836 3346 esse,
880 3265 1316 3354 (nunquam
1370 3260 1581 3333 enim
1628 3261 1893 3333 forma

333 3384 471 3455 est
541 3399 786 3453 causa
855 3377 1227 3452 formalis
1297 3377 1670 3472 alicujuS‚
1732 3378 1891 3451 nisi

339 3497 700 3571 materia
731 3496 1062 3570 insimul
1098 3495 1203 3568 sit
1238 3517 1482 3568 causa
1519 3496 1891 3570 materia·

335 3616 448 3688 lis
502 3615 889 3706 ejusdem)
931 3616 1045 3687 sic
1089 3618 1349 3688 totum
1402 3632 1654 3705 genus
1723 3610 1889 3686 effi—

337 3731 633 3808 cientis
668 3752 961 3816 causae,
1016 3731 1217 3823 quod
1262 3729 1594 3802 includit
1656 3749 1890 3803 omne

335 3847 703 3920 efficiens
744 3844 1212 3929 limitatum,
1258 3845 1495 3919 habet
1528 3865 1885 3918 necessa-

342 3964 559 4035 riam
602 3961 1326 4035 concomitantiam
1393 3982 1574 4033 cum
1647 3966 1890 4036 mate-

341 4080 471 4151 ria
504 4082 893 4170 quantum
929 4078 1024 4149 ad
1051 4082 1206 4162 fieri
1240 4077 1394 4158 rei;
1432 4076 1887 4151 sicutenim

333 4194 609 4267 forma
658 4197 737 4266 et
808 4192 1159 4265 materia
1228 4196 1415 4266 sunt
1473 4213 1737 4267 causae
1810 4194 1888 4265 in

332 4337 492 4394 esse,
534 4312 649 4384 sic
700 4309 1059 4383 efficiens
1101 4314 1181 4382 et
1224 4309 1573 4383 materia
1613 4310 1696 4383 in
1734 4315 1890 4396 fieri

335 4428 855 4522 Impossibile
906 4432 1031 4502 est
1090 4447 1288 4519 ergo
1330 4427 1653 4519 aliquod
1719 4428 1886 4500 effi-

336 4547 561 4620 ciens
602 4544 1048 4619 limitatum
1081 4564 1327 4636 agere
1369 4545 1463 4615 ad
1511 4545 1885 4618 eflectum

345 4662 967 4757 producendum,
1030 4660 1187 4732 nisi
1257 4660 1498 4732 simul
1554 4681 1884 4734 concur-

345 4786 476 4855 rat
553 4777 904 4851 materia
965 4778 1192 4869 quasi
1254 4777 1747 4870 principium
1804 4804 1888 4846 ex

339 4923 466 4990 quo
499 4894 987 4988 requisitum
1022 4894 1099 4965 in
1129 4899 1302 4980 fieri,
1347 4894 1426 4966 in
1479 4916 1634 4987 quo
1688 4896 1884 4968 reci-

341 5015 619 5109 piatur
686 5011 979 5094 forma‚
1061 5032 1235 5102 quae
1302 5013 1424 5083 est
1483 5012 1883 5085 terminus

333 5127 718 5204 formalis
770 5125 1142 5209 actioniS,
1198 5131 1278 5200 et
1309 5149 1408 5199 ex
1452 5148 1609 5219 qua
1659 5132 1744 5202 ut
1786 5154 1884 5204 ex

335 5250 576 5341 parte
687 5242 1223 5317 constituitur
1307 5246 1878 5337 compositum,

337 5364 548 5460 quod
607 5366 733 5436 est
785 5361 1051 5454 primo
1114 5361 1633 5453 productum;
1669 5366 1883 5438 Deus

333 5485 614 5555 autem
663 5499 827 5552 non
861 5478 1208 5570 requirit
1252 5476 1330 5549 in
1369 5479 1690 5553 actione
1741 5503 1885 5554 sua

336 5597 780 5674 materiam
811 5595 1518 5680 concomitantem,
1545 5597 1733 5690 quia
1763 5603 1886 5672 est

33 1006 173 1061 Text.
208 1008 268 1061 7.

2033 579 2284 653 supra
2330 564 2587 636 totum
2622 581 2874 656 genus
2926 583 3193 637 causae
3233 563 3576 638 efficien-

2033 676 2166 758 tis,
2258 678 2446 769 quia
2511 682 2634 752 est
2718 700 2965 771 agens
3042 682 3575 755 illimitatum.

2033 792 2281 866 Ratio
2351 793 2511 867 ista
2580 796 2770 869 licet
2831 798 3044 871 dicat
3098 812 3379 888 propter
3425 799 3587 885 quid

2031 911 2631 1002 consequentis,
2757 914 3098 1003 (scilicet
3219 914 3584 987 limitati-

2034 1043 2267 1097 onem
2329 1024 2786 1108 efficientis,
2852 1049 3025 1120 quae
3095 1029 3586 1102 determinat

2033 1138 2301 1232 ipsum
2353 1143 2447 1216 ad
2512 1145 3084 1236 requirendum
3149 1144 3582 1219 materiam

2032 1258 2110 1330 in
2156 1261 2518 1351 agendo‚)
2556 1266 2822 1333 tamen
2861 1262 3071 1336 istud
3113 1275 3385 1351 propter
3422 1264 3587 1350 quid

2028 1393 2191 1445 non
2251 1378 2373 1448 est
2420 1376 2764 1451 multum
2810 1377 3258 1450 evidentius
3314 1397 3584 1451 conse·

2031 1490 2385 1574 cutione,
2424 1498 2512 1566 ut
2565 1496 2787 1585 patet
2816 1480 3204 1566 intuenti.

2463 1746 3128 1813 COMMENTARIUS.

2110 1993 2207 2082 (x)
2255 1993 2362 2058 Ad
2410 1994 2832 2079 quoestionem
2880 2014 3056 2078 cryc,
3105 2004 3227 2058 etc.
3275 1994 3424 2058 Haec
3471 2005 3569 2058 est
3703 2011 3850 2086 102..

2019 2110 2208 2176 tertia
2269 2130 2418 2195 pars
2479 2108 2856 2195 principalis
2905 2108 3104 2196 hujus
3154 2107 3559 2195 quaestionis,
3599 2075 3892 2206 Ρῇἶζῖἓζῗῑζ

2018 2225 2085 2291 in
2129 2246 2255 2313 qua
2288 2224 2564 2290 habetur
2594 2223 2905 2290 resolutio
2947 2223 3347 2310 principalis,
3392 2225 3563 2310 ejus·
3596 2205 3908 2333 quggt'igssis.

2018 2363 2146 2429 que
2177 2340 2494 2427 probatiO.
2543 2341 2888 2406 Praemissa
2920 2337 3161 2424 duplici
3193 2341 3565 2426 acceptione

2016 2471 2149 2524 tam
2198 2477 2415 2522 causae
2458 2455 2858 2543 principaliS,
2919 2476 3113 2542 quam
3172 2456 3567 2522 instrumen-

2015 2573 2188 2651 tatis,
2235 2571 2564 2638 concludit
2602 2570 2862 2659 quando
2912 2573 3420 2640 instrumentum
3472 2586 3571 2639 est

2016 2688 2279 2775 proprie
2335 2687 2647 2766 activum,
2711 2688 3081 2754 necessario
3150 2688 3391 2754 habere
3444 2689 3571 2754 sor-

2018 2826 2190 2871 mam
2231 2804 2514 2891 aliquam
2550 2804 2997 2885 intrinsecam,
3037 2825 3151 2891 per
3190 2824 3383 2892 quam
3416 2825 3570 2871 con-

2017 2920 2326 2988 stituatur
2358 2942 2471 3007 per
2511 2920 2774 2987 modum
2804 2932 3006 3005 ,actus
3064 2920 3257 3008 primi
3298 2920 3377 2987 ad
3410 2922 3569 2988 acti-

2013 3058 2231 3117 onem,
2295 3048 2569 3125 quaeest
2627 3048 2810 3103 actus
2877 3037 3229 3115 secunduS,
3294 3058 3569 3125 eamque

2011 3150 2281 3217 formam
2328 3149 2429 3216 vel
2483 3148 2547 3215 in
2604 3170 2738 3214 esse
2803 3148 3048 3237 quiet0,
3102 3149 3205 3215 vel
3278 3149 3340 3217 in
3393 3147 3555 3230 fieri,

2013 3265 2074 3332 id
2116 3279 2238 3347 est,
2284 3266 2436 3333 dum
2472 3278 2615 3332 actu
2660 3278 2983 3345 movetur,
3041 3266 3277 3334 debere
3317 3268 3555 3338 inesse.
3601 3252 3910 3304 Instrumen-

3697 3321 3805 3366 tum

2005 3382 2183 3450 Alias
2214 3384 2266 3450 si
2304 3405 2429 3449 non
2472 3386 2914 3471 requireretur
2966 3384 3114 3450 talis
3155 3383 3367 3452 virtus
3405 3386 3559 3452 acti·
3640 3379 3856 3494 “3233

2004 3519 2108 3578 va,
2143 3510 2213 3565 ut
2243 3497 2634 3585 principium
2668 3497 2931 3585 agendi,
2970 3511 3356 3586 sequeretur
3384 3501 3554 3588 quod
3660 3507 3847 3562 babere

2002 3616 2339 3703 quodlibet
2376 3616 2621 3682 assumi
2664 3627 2885 3700 posset
2933 3628 3003 3680 ut
3044 3617 3554 3684 instrumentum
3587 3586 3892 3696 ρῗέἓὲῗίῗςω

2005 3746 2300 3820 respectu
2369 3732 2739 3821 cujuslibet,
2801 3745 2864 3799 et
2931 3745 3152 3820 posset
3219 3737 3385 3800 Deus
3446 3756 3559 3820 per

2005 3870 2297 3917 muscam
2367 3870 2587 3917 creare
2646 3850 2911 3929 coelum,
2957 3851 3129 3939 quod
3186 3862 3287 3918 est
3345 3851 3550 3931 futile,

2003 3968 2155 4055 quia
2206 3967 2261 4033 si
2311 3966 2504 4033 alicui
2543 3979 2792 4033 naturae
2842 3978 3187 4054 repugnet,
3260 3968 3433 4057 quod
3474 3969 3562 4035 sit

2003 4083 2395 4170 principium
2463 4080 2831 4170 aliquarum
2890 4083 3243 4165 actionum,
3290 4104 3419 4151 non
3462 4097 3560 4150 est

2003 4199 2337 4286 possibile,
2432 4217 2545 4284 per
2629 4217 3112 4285 quamcumque
3201 4200 3554 4285 potentiam

2000 4314 2385 4393 adhibitam,
2448 4326 2518 4378 ut
2576 4313 2662 4379 sit
2701 4313 3095 4400 principium
3139 4335 3386 4396 earum,
3432 4317 3554 4383 etsi

2001 4446 2219 4520 posset
2252 4436 2419 4498 Deus
2451 4431 2746 4497 absolute
2774 4453 2995 4497 creare
3033 4431 3267 4520 frigus,
3305 4453 3428 4500 non
3464 4447 3555 4500 ta-

2002 4570 2149 4617 men
2184 4570 2298 4636 per
2328 4548 2634 4627 calorem,
2674 4547 2763 4614 ita
2804 4559 2873 4613 ut
2901 4548 3075 4614 calor
3106 4550 3190 4615 sit
3239 4550 3304 4615 in
3335 4549 3555 4638 aliquo

1999 4667 2227 4735 ordine
2259 4664 2652 4752 principium
2684 4664 2969 4731 activum
3005 4665 3295 4753 frigoris,
3333 4667 3394 4734 id
3425 4681 3548 4751 est,

2001 4786 2066 4852 in
2098 4783 2325 4850 ordine
2353 4802 2569 4848 causae
2600 4781 2979 4869 principalis
3010 4795 3120 4849 aut
3151 4784 3551 4852 instrumen-

1998 4900 2171 4974 talis,
2218 4919 2435 4964 causae
2476 4897 2789 4965 naturalis
2854 4911 2966 4965 aut
3006 4903 3543 4988 supernaturalis.

2087 5017 2251 5083 Hinc
2291 5016 2493 5081 habes
2550 5014 3013 5082 resolutionem
3056 5020 3348 5088 Doctcris
3379 5021 3548 5089 circa
3619 5035 3853 5088 Potentia

1998 5133 2351 5219 potentiam
2428 5131 2602 5197 illam
2674 5131 3169 5199 obedientialem
3240 5137 3539 5221 activam,
3584 5098 3893 5211 ohedffintna-

1996 5271 2192 5337 quam
2232 5261 2529 5316 statuunt
2592 5250 2854 5338 quidam
2905 5249 3196 5318 moderni
3240 5253 3307 5319 in
3365 5259 3544 5324 omni
3649 5229 3819 5336 wilm

1997 5376 2146 5431 ente
2179 5387 2292 5453 per
2322 5366 2586 5432 modum
2620 5366 2882 5432 virtutis
2915 5367 3257 5453 inchoatae,
3296 5383 3368 5439 ut
3400 5376 3540 5462 qui·
3575 5348 3875 5462 univiegsalis

1997 5482 2146 5548 dam
2200 5483 2476 5564 volunt3
2531 5504 2671 5550 eam
2716 5486 2986 5571 negabis
3025 5506 3107 5553 ex
3164 5490 3269 5557 his
3302 5493 3536 5578 princi·
3605 5476 3849 5603 22¹3?ssss

1999 5600 2150 5689 piis,
2214 5602 2365 5690 quia
2415 5604 2613 5670 nimis
2679 5604 2903 5689 libere,
2965 5615 3029 5672 et
3085 5605 3229 5678 sine
3276 5614 3536 5698 urgenti
