4255 6375
1377 404 1573 465 nis'r.
1623 403 1722 464 vi.
1756 402 2116 478 ouAEs‘rio
2166 400 2270 460 ix.

310 567 668 639 Istarum
728 565 1454 656 congruentiarum
1510 564 1759 637 tertia

219 686 341 755 est
411 682 669 773 magis
754 681 1296 763 rationabilis,
1385 681 1570 773 quia
1638 683 1761 752 est

216 798 462 873 ctiam
522 799 901 891 specialis
949 799 1039 871 dc
1092 799 1541 892 Baptismo,
1590 797 1761 868 duae

218 916 397 989 aliae
441 915 689 990 talem
744 916 1033 989 habent
1070 912 1758 1009 probabilitatem,

218 1034 422 1125 quod
491 1033 557 1105 si
648 1038 994 1126 ponetur
1089 1031 1546 1114 character,
1618 1031 1764 1104 tali

221 1149 449 1222 modo
512 1153 888 1243 ponetur,
967 1134 1285 1242 qualem
1349 1147 1508 1219 illae
1580 1166 1764 1219 con-

219 1267 618 1357 gruentiae
655 1270 1028 1358 tangunt.
1079 1269 1283 1340 Puta
1326 1265 1766 1337 secundum

221 1383 573 1475 primam
615 1384 948 1477 ponitur
988 1382 1414 1477 dispositio
1459 1382 1553 1454 ad
1586 1399 1767 1471 ,gra-⁸

218 1500 443 1572 tiam.
500 1501 1016 1574 Rationabile
1084 1505 1208 1574 est
1278 1498 1491 1572 enim
1563 1497 1764 1589 quod

221 1622 532 1713 quando
593 1620 691 1693 ab
751 1621 1029 1693 eodem
1086 1620 1375 1709 agente
1435 1635 1767 1689 causan-

217 1740 352 1810 tur
404 1737 486 1807 in
539 1737 815 1809 eodem
868 1736 1230 1825 subjecto
1271 1735 1442 1807 duae
1478 1729 1768 1804 formae

220 1851 641 1934 ordinatae,
709 1852 860 1925 hoc
929 1857 1078 1934 est,
1132 1871 1293 1922 non
1342 1872 1439 1922 ex
1509 1869 1763 1940 aequo,

221 1973 613 2061 quantum
647 1970 741 2042 ad
762 1968 1344 2050 causationem,
1374 1987 1517 2040 nec
1543 1987 1769 2059 aeque

226 2087 632 2180 perfectae,
699 2088 905 2179 quod
947 2088 1053 2160 sit
1114 2107 1272 2158 una
1336 2084 1766 2178 dispositio

222 2206 317 2278 ad
348 2204 626 2284 aliam,
671 2208 752 2277 et
783 2202 935 2276 hoc
978 2225 1136 2276 non
1181 2203 1624 2297 perfectior
1677 2201 1772 2272 ad

224 2321 944 2414 imperfectiorem,
1021 2322 1152 2394 sed
1211 2342 1254 2393 e
1339 2337 1767 2393 convers0.

219 2439 282 2509 Α
314 2439 484 2510 Deo
528 2441 799 2510 autem
845 2438 924 2510 in
966 2436 1387 2530 Baptismo
1440 2453 1776 2508 causan-

217 2556 353 2624 tur
385 2552 823 2627 character
855 2558 934 2627 et
971 2553 1269 2644 gratia,
1311 2556 1391 2625 et
1426 2556 1772 2643 utroque

222 2671 459 2743 inodo
539 2690 698 2742 non
766 2690 865 2742 ex
941 2689 1235 2762 aequ03
1312 2687 1510 2758 ergo
1591 2686 1773 2739 cum

220 2785 655 2861 character
741 2789 849 2861 sit
932 2786 1516 2880 imperfectior,
1591 2804 1773 2857 con-

218 2921 519 2993 gruum
574 2908 698 2977 est
774 2903 1040 2996 ipsum
1124 2923 1302 2975 esse
1374 2901 1777 2995 dispositi·

223 3040 418 3093 vum
478 3022 571 3092 ad
631 3020 1014 3112 gratiam,
1097 3039 1271 3111 quae
1332 3024 1455 3092 est
1516 3017 1777 3111 perfe-

230 3138 477 3212 ctior.

317 3256 470 3329 Sed
522 3260 795 3328 tamen
838 3254 996 3328 ista
1038 3254 1570 3345 congruentia
1613 3273 1773 3325 non

236 3370 552 3462 probat,
632 3370 836 3463 quod
909 3374 1238 3463 oportet
1297 3369 1546 3442 talem
1615 3369 1775 3441 for-

230 3505 448 3558 mam
506 3507 830 3579 ponere,
915 3507 1089 3577 quae
1152 3486 1258 3559 sit
1314 3484 1769 3577 dispositi0‚

230 3603 621 3696 alioquin,
692 3625 874 3677 cum
934 3603 1014 3675 in
1065 3603 1424 3695 quolibet
1494 3605 1777 3674 Sacra·

230 3723 501 3792 mento
552 3719 1032 3793 conferatur
1088 3718 1386 3810 gratia,
1450 3717 1530 3788 in
1592 3738 1778 3808 quo-

226 3834 423 3909 libet
492 3835 1057 3927 requireretur
1104 3831 1529 3926 dispositio
1579 3853 1779 3924 prae-

227 3951 389 4024 via.
455 3952 951 4045 Applicando
1034 3955 1304 4024 tamen
1370 3949 1776 4022 rationem

233 4067 459 4140 illam
541 4069 1013 4161 specialiter
1073 4069 1169 4139 ad
1233 4068 1774 4160 Baptismum.

232 4183 473 4257 habet
542 4185 939 4277 majorem
1022 4183 1532 4266 evidentiam,
1592 4180 1779 4273 quia

235 4301 591 4391 primum
673 4305 1292 4374 Sacramentum
1353 4299 1780 4372 conferens

235 4418 619 4508 gratiam,
713 4425 836 4490 est
912 4418 1405 4511 Baptismus,
1478 4421 1557 4489 et
1640 4438 1783 4508 per

233 4554 734 4627 consequens
812 4534 891 4606 in
970 4535 1146 4626 ipso
1230 4533 1492 4623 magis
1555 4533 1781 4607 debet

237 4651 598 4724 conferri
693 4650 1121 4743 dispositio
1219 4651 1311 4722 ad
1391 4649 1777 4741 gratiam,

240 4789 483 4861 quam
529 4768 608 4840 in
651 4768 923 4860 aliquo
978 4768 1166 4850 alic,
1221 4767 1407 4859 quia
1448 4766 1785 4858 disposi-

238 4884 355 4960 tio
417 4885 917 4958 naturaliter
979 4883 1360 4977 praecedit
1428 4882 1779 4953 formam

245 5002 339 5074 ad
376 5021 615 5094 quam
658 5004 805 5082 est,
861 5005 941 5073 et
994 5000 1165 5072 ideo
1208 5020 1367 5072 non
1401 4997 1786 5071 similiter

246 5119 597 5210 oportet,
639 5117 840 5211 quod
887 5115 1417 5209 imprimatur
1487 5114 1567 5185 in
1600 5113 1784 5185 aliis

241 5235 840 5326 posterioribus
876 5233 1456 5308 sacramentis,

332 5354 478 5425 Sed
521 5352 865 5425 secunda
923 5357 1048 5426 est
1090 5351 1332 5423 nimis
1372 5352 1779 5424 universa-

243 5466 367 5546 lis,
400 5466 584 5559 quia
617 5488 841 5558 aeque
867 5467 1273 5540 concludit
1303 5467 1394 5538 de
1433 5464 1784 5559 quolibet

252 5586 806 5668 Sacramento‚
871 5584 1058 5676 quia
1100 5583 1504 5674 quodlibet
1565 5580 1787 5653 insti-

3319 395 3440 457 605

1872 566 2045 635 tum
2099 568 2223 636 cst
2281 563 2419 643 sic,
2469 564 2673 655 quod
2718 583 2875 634 non
2921 561 3024 634 sit
3077 579 3412 635 vanum:

1877 699 2174 771 ponere
2209 682 2480 753 autem
2516 680 2594 750 in
2640 678 2824 751 aliis
2862 673 3423 749 Sacramentis

1875 800 2294 891 quemdam
2331 804 2711 871 ornatum
2781 798 3423 890 corresponden-

1876 918 2041 987 tem
2137 916 2625 998 characteri,
2721 918 3048 989 omnino
3149 936 3423 1008 super-

1878 1033 2124 1104 fluum
2166 1036 2314 1113 est,
2364 1033 2576 1106 sicut
2644 1037 2956 1106 tactum
2998 1038 3123 1106 est
3171 1054 3420 1125 supra

1877 1152 2032 1218 dist.
2080 1154 2143 1221 1.
2204 1153 2304 1222 Et
2361 1154 2624 1243 potest
2669 1149 3015 1222 formari
3059 1150 3274 1224 ratio
3331 1150 3424 1220 ad

1882 1267 2347 1359 oppositum
2407 1268 2497 1339 de
2584 1267 2767 1339 aliis
2845 1267 3422 1344 Sacramentis‚

1881 1388 2088 1477 quod
2160 1386 2320 1459 ista
2382 1387 2595 1459 ratio
2646 1408 2805 1459 non
2849 1387 3278 1461 concludit.
3346 1386 3428 1458 Si

1880 1502 2094 1574 enim
2181 1503 2473 1595 aliquis
2551 1525 2774 1596 aeque
2852 1503 3091 1576 fictus
3165 1507 3429 1595 potest

1883 1619 2249 1711 recipcre
2363 1620 2683 1712 aliquod
2783 1624 3426 1700 Sacramentum,

1883 1735 2095 1808 sicut
2182 1735 2417 1809 fictus
2508 1736 2801 1828 recipit
2889 1735 3425 1829 Baptismum,

1885 1853 2089 1945 quod
2152 1858 2495 1946 apparet
2538 1853 2976 1945 probabile,
3026 1853 3210 1944 quia
3271 1872 3432 1924 non

1884 1969 2205 2041 videtur
2299 1968 2566 2058 major
2640 1970 3087 2042 necessitas
3175 1968 3431 2041 deter-

1888 2086 2204 2157 minare
2329 2085 2946 2178 dispositionem
3053 2085 3144 2156 ad
3249 2085 3427 2163 hoc,

1886 2204 2090 2295 quod
2152 2202 2520 2276 absolute
2567 2202 2908 2296 recipiat
2964 2206 3436 2276 Sacramen-

1886 2323 2059 2392 tum
2141 2320 2666 2397 Poenitentiae,
2753 2340 2990 2412 quam
3085 2321 3181 2393 ad
3284 2319 3433 2391 hoc

1887 2438 2092 2529 quod
2134 2438 2503 2511 absolute
2546 2437 2889 2529 recipiat
2954 2440 3436 2510 Sacramen-

1887 2559 2059 2626 tum
2102 2554 2528 2645 Baptismi,
2569 2558 2649 2626 et
2694 2554 3092 2646 recipiens
3157 2558 3437 2627 Sacra·

1891 2676 2251 2744 mentum
2299 2671 2821 2753 Poenitentiae‚
2897 2672 3209 2744 nullum
3276 2694 3439 2745 om-

1891 2788 2080 2860 nino
2170 2788 2545 2860 effectum
2655 2788 3144 2861 invisibilem
3243 2790 3437 2861 reci*

1890 2906 2049 2997 pit;
2096 2924 2296 2996 ergo
2340 2925 2493 2977 non
2538 2926 2868 2978 necesse
2925 2910 3047 2979 est
3095 2908 3436 3000 propter

1888 3023 2324 3096 veritatem
2410 3023 2945 3107 Sacramenti,
3031 3024 3236 3115 quod
3302 3025 3439 3097 ba-

1892 3141 2241 3234 ptizatus
2287 3138 2629 3232 recipiat
2669 3140 3019 3233 aliquem
3063 3140 3432 3216 effectum

1891 3258 2406 3330 invisibilem.
2535 3257 2662 3331 Sic
2758 3278 2955 3349 ergo
3074 3259 3434 3334 breviter

1889 3378 2269 3449 teneatur
2310 3374 2730 3447 conclusio
2785 3381 3124 3467 propter
3166 3382 3437 3451 aucto·

1896 3487 2227 3560 ritatem
2281 3486 2653 3559 lsscclesiae
2706 3487 2934 3579 prius
2978 3489 3429 3573 adductam,

1889 3609 1968 3676 et
2026 3604 2198 3675 duae
2253 3603 2834 3695 congruentiae,
2884 3626 3040 3676 una
3106 3607 3197 3679 de
3268 3628 3440 3680 sus-

1891 3721 2261 3812 ceptione
2323 3720 2400 3791 in
2461 3720 2858 3793 familiam
2956 3721 3289 3803 Christi,
3357 3729 3437 3797 et

1893 3834 2054 3906 alia
2147 3835 2237 3905 de
2323 3835 2852 3926 dispositione
2922 3837 3432 3921 conferenda,

1894 3955 2084 4023 sunt
2126 3950 2612 4043 probabiles

3545 1114 3599 1162 q.
3634 1098 3687 1147 5.

1981 4067 2096 4139 Ad
2173 4072 2661 4158 argumenta
2744 4067 3088 4140 alterius
3189 4068 3787 4162 opini-Aaargum.

1896 4183 2095 4255 onis.
2152 4184 2264 4256 Ad
2324 4184 2543 4266 illud,
2590 4184 2797 4276 quod
2854 4185 3229 4275 tangitur
3282 4187 3440 4280 pri-

1897 4321 2025 4372 mo
2098 4300 2178 4372 in
2251 4301 2480 4373 modo
2555 4302 2918 4393 ponendi,
2989 4300 3164 4374 dico
3235 4304 3440 4395 quod

1895 4416 2058 4487 alia
2163 4422 2644 4489 consecrata
2755 4437 2915 4490 non
3031 4418 3442 4511 recipiunt

1895 4534 2249 4605 formam
2293 4532 2817 4607 inhaerentem
2872 4534 3014 4616 eis,
3063 4534 3249 4627 quia
3281 4556 3442 4607 non

1899 4653 2085 4722 sunt
2127 4648 2485 4740 capacia.
2538 4651 2797 4721 Homo
2866 4655 3138 4723 autem
3182 4670 3441 4742 capax

1896 4770 2019 4839 est
2070 4766 2362 4858 gratiae
2420 4770 2499 4838 et
2559 4764 3119 4857 dispositionis
3187 4766 3448 4857 cujus-

1896 4882 2076 4954 dam
2146 4881 2240 4953 ad
2305 4883 2687 4972 gratiam,
2752 4887 2833 4957 et
2892 4882 3065 4955 ideo
3133 4884 3445 4975 quando

1900 5001 2240 5092 propter
2283 4997 2941 5090 impedimentum
3004 5020 3237 5072 suum
3283 5021 3444 5072 non

1899 5116 2193 5208 recipit
2300 5115 2682 5205 gratiam,
2791 5116 3081 5209 recipit
3166 5119 3445 5189 tamen

1900 5233 2145 5305 istam
2206 5232 2851 5324 dispositionem,
2944 5235 3022 5305 et
3094 5232 3253 5306 ista
3320 5236 3443 5305 est

1900 5348 2359 5423 character.

1988 5473 2089 5544 Et
2125 5469 2195 5542 si
2242 5468 2651 5562 objicitur,
2696 5467 2775 5540 in
2810 5488 2903 5539 eo
2951 5467 3159 5558 quod
3200 5466 3442 5540 homo

1900 5607 2057 5659 non
2119 5585 2413 5680 recipit
2493 5583 3012 5658 sanctitatem
3080 5581 3445 5657 formali-

3473 4156 3632 4221 posita
3657 4174 3709 4206 n.
3739 4160 3786 4207 4.

3522 4226 3572 4269 et
3605 4235 3743 4284 seqq.

3605 5486 3685 5537 17.
3719 5543 3727 5550 ,

3505 5548 3672 5608 Quare
3716 5558 3769 5613 πᾳ

3505 5615 3788 5661 onsecraus
