4255 6375
1531 411 1728 477 DlsT.
1776 412 1821 476 1.
1857 411 2219 490 QUAESTlo
2265 418 2340 480 11.
3472 422 3550 486 99

318 565 531 634 totius
580 579 646 635 et
703 570 941 650 totaliS,
1031 572 1193 640 nihil
1265 595 1644 662 supponens
1712 576 1885 664 quod

319 696 578 769 spectet
618 685 697 752 ad
755 688 1089 756 entitatem
1135 691 1453 777 producti,
1490 692 1586 759 sic
1656 714 1692 759 e
1732 714 1884 760 con·

321 812 427 867 tra
471 802 862 872 annihilatio
910 816 1009 873 est
1056 806 1388 877 distractio
1445 810 1647 878 totius
1687 823 1752 878 et
1781 823 1883 876 to-

320 914 508 997 talis,
547 919 714 985 nihil
755 931 902 1006 post
931 943 1002 989 se
1033 922 1433 1010 relinquens,
1468 926 1640 1012 quod
1686 926 1883 993 fuerit

319 1029 410 1097 de
457 1035 727 1101 entitate
791 1038 1175 1115 annihilati;
1249 1038 1372 1107 hoe
1456 1054 1671 1108 autem
1750 1063 1881 1109 non

321 1158 541 1230 potest
577 1149 786 1216 facere
817 1150 881 1216 in
915 1152 1384 1234 materialibuS,
1434 1156 1558 1221 nisi
1587 1175 1778 1222 eausa
1816 1157 1880 1223 in

317 1264 518 1350 cujus
569 1278 886 1350 potestate
947 1280 1047 1333 est
1123 1270 1391 1336 materia
1434 1271 1640 1357 prima
1673 1292 1879 1358 quan-

318 1390 465 1445 tum
498 1381 591 1445 ad
621 1403 756 1447 esse
785 1394 849 1449 et
876 1405 1012 1451 non
1043 1407 1196 1451 esse.

415 1499 490 1562 ln
558 1498 842 1564 secunda
904 1501 1287 1587 probatione
1334 1503 1522 1571 docet
1561 1504 1732 1592 quod
1770 1527 1877 1572 ne·

317 1635 456 1700 que
501 1615 737 1702 gratia,
785 1635 996 1703 neque
1050 1617 1331 1685 virtutes
1368 1619 1604 1686 infusae
1644 1621 1877 1707 physi-

315 1750 398 1796 ce
474 1729 919 1811 destruantur,
995 1732 1108 1799 sed
1176 1733 1616 1815 demeritorie,
1704 1739 1876 1824 quod

41 1876 222 1925 >mutes
311 1845 531 1912 variis
577 1848 643 1913 in
687 1847 846 1914 locis
897 1848 1105 1915 docet.
1154 1853 1336 1929 Item,
1384 1853 1696 1937 supponit
1736 1854 1875 1921 dari

41 1940 284 2051 ξζβῇξήο
313 1960 590 2028 habitus
636 1964 989 2050 acquisitos
1025 1965 1341 2031 dictarum
1378 1967 1720 2049 virtutum,
1766 1970 1877 2057 qui

46 2073 260 2177 &iffi-⁰⁰⁶
316 2100 445 2165 per
481 2094 664 2147 aetus
705 2083 1064 2150 contrarios
1112 2084 1358 2151 destrui
1393 2104 1691 2170 possunt.
1763 2088 1873 2152 vi-

312 2196 398 2262 de
434 2196 653 2284 ipsum
696 2200 767 2263 in
795 2203 858 2265 3.
905 2198 972 2265 d.
1011 2203 1118 2267 24.
1164 2211 1224 2265 el
1271 2204 1713 2288 sequentibus.

407 2317 483 2379 ln
536 2315 962 2400 responsione
1008 2315 1085 2381 ad
1136 2316 1436 2384 ultimum
1487 2318 1733 2404 optime
1763 2319 1870 2386 de-

35 2432 256 2489 luomodo
309 2429 522 2498 clarat
571 2430 730 2518 quid
787 2431 874 2496 sit
918 2452 1113 2518 agere
1163 2433 1227 2497 in
1270 2434 1515 2500 virtute
1572 2435 1864 2514 alteriuS,

35 2510 233 2607 εἷέἒιὶῧιι
310 2558 374 2611 et
410 2547 741 2633 quomodo
789 2568 982 2614 causa
1023 2550 1304 2615 secunda
1337 2563 1487 2637 agat
1530 2551 1592 2616 in
1626 2552 1870 2619 virtute

34 2622 279 2752 ›mxima-
313 2665 579 2750 primae,
642 2685 768 2730 non
830 2663 999 2751 quod
1043 2666 1308 2751 recipiat
1368 2667 1691 2734 inlluxum
1755 2689 1866 2734 no-

45 2759 217 2807 prunae.
311 2800 479 2845 vum
523 2799 557 2844 a
613 2779 822 2865 prima
864 2779 1125 2866 quando
1163 2782 1323 2866 agit,
1383 2781 1492 2847 sed
1536 2781 1687 2868 quia
1733 2803 1866 2849 ser·

309 2906 427 2960 vat
509 2894 1012 2961 determinatum
1070 2895 1363 2962 ordinem
1414 2897 1491 2962 ad
1556 2896 1857 2983 primam,

312 3024 378 3079 et
429 3013 665 3099 recipit
721 3014 802 3079 ab
860 3033 934 3079 ea
983 3034 1128 3081 esse
1185 3026 1248 3079 et
1286 3014 1622 3080 virtutem.
1681 3014 1863 3080 Unde

311 3150 442 3196 non
517 3141 690 3197 reete
756 3131 1019 3219 quidam
1069 3130 1272 3199 citant
1350 3135 1686 3199 Doctorem
1752 3152 1862 3198 no·

304 3259 520 3313 strum
582 3268 699 3333 pro
754 3268 829 3314 ea
870 3249 1215 3327 sententia,
1263 3268 1413 3335 quae
1461 3248 1690 3314 statuit
1754 3269 1864 3313 ne-

303 3362 594 3428 cessario
664 3364 974 3448 praemitti
1045 3363 1110 3429 in
1178 3385 1372 3431 eausa
1431 3364 1720 3430 secunda
1781 3363 1860 3429 ad

304 3480 631 3545 actionem
692 3478 1017 3547 influxum
1080 3480 1365 3567 aliquem
1419 3502 1534 3567 per
1596 3480 1856 3548 modum

301 3593 1015 3682 praedeterminationis
1057 3597 1351 3682 praeviae.
1398 3596 1712 3663 Videatur
1743 3596 1858 3661 eti-

303 3731 408 3778 am
468 3712 541 3776 in
594 3711 663 3780 2.
700 3710 858 3777 disc.
925 3714 990 3777 9.
1057 3723 1283 3798 quse-st.
1332 3716 1396 3778 2.
1443 3714 1477 3798 g
1521 3711 1614 3778 Ad
1657 3732 1863 3798 argu-

305 3839 529 3895 menta
586 3827 893 3894 secundae
953 3829 1364 3914 quaestionis,
1429 3831 1862 3915 responsione

306 3945 398 4010 ad
458 3945 905 4032 objectionem,
985 3967 1152 4012 verS.
1239 3947 1326 4010 Ec
1429 3968 1575 4012 eum
1659 3947 1861 4011 addis

306 4061 487 4149 quod
519 4082 726 4127 uniam
785 4063 927 4145 aqit
977 4063 1050 4127 in
1093 4063 1343 4126 virtute
1390 4063 1690 4141 alteriue,
1730 4074 1855 4128 ete.

305 4180 415 4245 ubi
471 4180 594 4246 hoc
644 4181 807 4246 bene
865 4179 1169 4266 explieat,
1217 4190 1277 4244 et
1318 4182 1390 4244 in
1439 4184 1504 4246 4.
1545 4180 1700 4246 dist.
1747 4183 1856 4244 43.

305 4307 537 4383 quoest.
583 4300 647 4362 3.
685 4298 720 4382 5
765 4295 983 4362 Tertia
1026 4296 1247 4382 opinio
1287 4308 1410 4374 est,
1448 4307 1573 4362 ete.
1627 4305 1860 4362 contra

304 4412 802 4497 responsionem
841 4379 1106 4499 oryzam.
1143 4415 1214 4477 Ξ.
1281 4421 1340 4476 et
1373 4413 1445 4476 in
1490 4416 1549 4476 1.
1596 4411 1752 4477 dist.
1792 4414 1855 4476 3.

305 4539 536 4615 quoest.
581 4531 645 4595 9.
699 4527 866 4604 Quid
904 4539 1121 4595 autem
1173 4539 1401 4594 contra
1455 4528 1577 4593 hoe
1625 4526 1862 4593 faciant

302 4643 604 4732 quaedam
654 4645 798 4731 ejus
843 4644 984 4711 loca
1022 4642 1404 4711 disserendo
1445 4654 1674 4708 eontra
1711 4643 1859 4708 Phi·

304 4761 619 4848 losophos
682 4761 762 4828 de
843 4761 1144 4828 libertate
1203 4760 1435 4847 primae
1489 4780 1743 4839 causeo,
1800 4770 1864 4826 et

306 4898 530 4944 rerum
592 4878 1069 4964 contingentia,
1116 4898 1245 4944 non
1288 4876 1610 4963 permittit
1651 4874 1857 4962 proli-

303 4994 479 5060 xitas
538 4994 735 5082 hujus
775 4993 1165 5081 quaestionis
1234 4993 1561 5060 disserere
1618 5003 1681 5058 et
1748 4992 1856 5057 de-

306 5112 576 5196 clarare,
631 5112 790 5179 alias
832 5111 895 5178 id
968 5112 1429 5200 praestabimus
1471 5132 1617 5179 eum
1678 5131 1861 5175 oeca-

307 5232 405 5298 sio
474 5231 636 5299 seret
694 5231 1058 5319 longiorem
1139 5242 1514 5298 tractatum.
1590 5228 1857 5295 Interim

306 5350 412 5415 hic
447 5349 673 5415 finitur
712 5350 991 5436 quaestio
1032 5350 1177 5416 haee
1205 5347 1502 5435 locuplex
1547 5360 1609 5414 et
1649 5346 1856 5423 varia,

305 5484 529 5549 quam,
573 5475 645 5529 ut
687 5484 920 5530 verum
984 5462 1210 5542 fatear,
1268 5463 1610 5549 praeterire
1654 5461 1859 5541 volui,

305 5582 433 5649 nisi
490 5582 769 5649 aliorum
841 5603 945 5648 me
1006 5592 1299 5649 moveret
1368 5580 1744 5657 auctoritaS,
1798 5591 1863 5644 et

2000 600 2082 646 ne
2115 579 2259 666 ipso
2301 582 2365 648 in
2407 582 2633 650 limine
2671 584 3024 653 desultoria
3081 586 3345 655 viderer
3374 609 3544 676 opus

1993 695 2122 764 hoc
2161 700 2463 786 aggredi.

2444 1021 2907 1102 QUJESTIO
2992 1028 3094 1098 ΙΙ.

1997 1262 2226 1331 Utrum
2282 1268 2419 1333 hoee
2475 1272 2560 1336 sit
2631 1275 2809 1337 ratio
2884 1274 3241 1356 definitiva
3289 1279 3540 1344 Sacra-

2075 1384 2282 1447 menti
2324 1383 2450 1469 (a),
2506 1407 2702 1471 quam
2756 1390 2946 1473 ponit
2999 1390 3358 1475 Maqister:
3400 1394 3540 1464 Sa-

2077 1501 2589 1572 cramentum
2622 1505 2745 1574 est
2779 1501 3210 1576 invisibilis
3245 1508 3537 1596 gratiae

2071 1611 2418 1686 visibilis
2469 1614 2790 1688 forma?

1994 1881 2181 1940 Aleos,
2215 1885 2269 1939 4.
2302 1900 2350 1950 p.
2386 1901 2437 1953 q.
2472 1902 2544 1941 m.
2573 1887 2622 1942 4.
2658 1892 2710 1941 et
2739 1903 2790 1955 q.
2818 1888 2872 1943 8.
2905 1904 2980 1942 m.
3020 1889 3066 1945 t.
3104 1890 3174 1946 D.
3216 1890 3405 1947 Thom.
3443 1891 3535 1948 hic

2062 1973 2114 2023 q.
2171 1955 2290 2009 Le!
2320 1957 2373 2010 3.
2429 1956 2678 2013 Richard.
2731 1965 2845 2017 art.
2900 1962 2948 2016 1.
2999 1978 3050 2029 q.
3100 1966 3156 2018 2.
3210 1962 3278 2018 D.
3333 1965 3533 2020 Bonav.

2061 2038 2196 2092 duo.
2228 2038 2281 2090 2.
2318 2038 2407 2091 lie.
2444 2039 2600 2091 Suar.
2643 2039 2696 2092 3.
2729 2047 2881 2103 pare.
2920 2047 3048 2096 tom.
3090 2041 3140 2096 3.
3165 2044 3217 2096 d.
3252 2044 3300 2099 1.
3331 2050 3453 2098 sect.
3484 2048 3539 2101 4.

2064 2108 2233 2178 Vasq.
2298 2110 2351 2163 3.
2404 2116 2559 2175 port.
2613 2113 2665 2162 d.
2697 2110 2817 2168 ¹27.
2863 2116 3005 2194 Aug.
3045 2113 3127 2167 10.
3164 2117 3283 2169 Ce‘v.
3316 2130 3433 2184 cap.
3462 2117 3523 2170 5.

2063 2178 2219 2249 llugo
2246 2179 2292 2234 1.
2325 2182 2389 2233 de
2416 2182 2577 2235 ὅσον.
2601 2197 2652 2247 1).
2676 2184 2727 2236 9.
2749 2199 2794 2238 c.
2833 2184 2880 2238 1.
2909 2184 3086 2240 isidor.
3106 2187 3163 2240 ὃ.
3188 2192 3349 2254 etym.
3370 2204 3417 2245 c.
3446 2190 3529 2244 18.

2074 2425 2293 2505 Quod
2356 2447 2510 2498 non
2577 2429 2922 2515 videtur,
3009 2434 3196 2524 quia
3260 2436 3527 2507 defini·
3693 2478 3744 2529 1,

1979 2539 2094 2612 tio
2190 2562 2349 2613 non
2418 2547 2540 2616 est
2610 2546 2763 2617 nisi
2850 2549 3050 2639 ejus,
3137 2552 3341 2642 quod
3401 2557 3526 2627 est
3594 2542 3827 2667 {fig-ff:

1983 2677 2127 2750 per
2203 2680 2286 2728 Se
2370 2681 2642 2738 unum,
2727 2667 2798 2736 7,
2882 2669 3172 2755 Metapa,
3240 2666 3871 2741 Saep3-'1'ext.c.16.

1983 2778 2341 2845 mentum
2378 2795 2534 2847 non
2570 2783 2691 2851 est
2730 2800 2872 2870 per
2907 2802 2990 2853 se
3024 2803 3295 2866 unum,
3336 2785 3526 2877 quia
3556 2729 3870 2846 M0?,²2‚⁵³<;,15‚

1981 2891 2415 2961 seeundum
2486 2894 3029 2985 Augustinum
3101 2903 3526 2992 superJo-

1978 3024 2267 3076 aunem
2344 3012 2626 3077 homilia
2706 3014 2816 3083 81.
2893 3016 2970 3085 et
3054 3017 3388 3107 ponitur
3455 3024 3519 3090 1.

1975 3127 2257 3212 quaest.
2306 3126 2368 3193 1.
2437 3125 2797 3199 Detrahe
2844 3153 2857 3198 :
2916 3133 3189 3200 Accedit
3258 3134 3527 3202 verbum

1975 3244 2065 3308 ad
2105 3247 2520 3324 elementum,
2571 3248 2737 3329 ellit
2787 3249 3295 3316 Sacramentum
3313 3277 3337 3330 ,·
3382 3251 3515 3323 Sed

1973 3358 2308 3429 verbum
2378 3361 2455 3430 et
2516 3360 3002 3434 elementum
3091 3383 3241 3436 uon
3327 3364 3525 3439 faoi-

1973 3478 2117 3547 unt
2195 3474 2495 3566 aliquid
2585 3497 2729 3569 per
2807 3499 2890 3550 se
2952 3499 3225 3560 unum,
3335 3483 3525 3572 quia

1973 3610 2220 3662 unum
2252 3595 2375 3665 est
2411 3613 2920 3685 permanens,
2959 3595 3173 3668 aliud
3211 3618 3522 3672 sucees-

1975 3706 2268 3779 sivum.

2062 3823 2447 3903 Secundo,
2512 3824 2579 3895 si
2623 3828 2747 3898 est
2794 3825 3082 3910 forma,
3147 3834 3288 3904 aut
3318 3850 3517 3922 ergo
3553 3871 3772 3936 Argum.
3818 3867 3868 3918 2,

1976 3936 2266 4021 forma,
2334 3960 2508 4031 quae
2565 3945 2689 4013 est
2769 3942 3032 4015 altera,
3104 3964 3322 4036 pars,
3378 3950 3518 4018 aut

1975 4052 2243 4127 forma
2327 4055 2868 4148 exemplat-iffi
2933 4058 3065 4131 sed
3116 4080 3276 4132 non
3354 4062 3522 4153 pri-

1978 4192 2106 4244 mo
2154 4173 2408 4252 modo,
2473 4178 2717 4265 patet,
2792 4174 2979 4267 quia
3048 4160 3525 4252 Sacramen-

1974 4291 2145 4359 tum
2207 4308 2365 4360 non
2408 4293 2530 4362 est
2600 4310 2791 4383 pars
2856 4293 3191 4383 gratiae;
3239 4315 3383 4369 nee
3417 4318 3530 4370 se·

1976 4405 2232 4476 eundo
2324 4406 2582 4486 modo,
2691 4407 2879 4498 quia
2971 4412 3526 4504 exemplatum

1975 4520 2353 4593 imitatur
2413 4522 2863 4614 exemplar.
2927 4528 3006 4596 et
3078 4527 3528 4620 participat

1973 4636 2263 4729 ipsum,
2332 4657 2490 4708 non
2554 4638 2668 4710 sio
2729 4642 2998 4712 autem
3081 4643 3353 4733 gratia
3399 4648 3533 4719 Sa-

1977 4756 2512 4826 eramentum.

2061 4870 2337 4943 Tertio
2403 4874 2543 4952 sio,
2601 4872 2788 4962 quia
2867 4872 2944 4946 in
3064 4876 3873 4992 quibusdamA„gum,3‚

1979 4989 2542 5064 Sam-amentis
2595 5011 2749 5061 uon
2805 4995 2930 5064 est
2980 4993 3140 5066 nisi
3198 4994 3534 5068 verbum

1980 5111 2329 5188 tantum,
2379 5107 2586 5199 quod
2645 5128 2805 5178 non
2874 5112 2996 5180 est
3041 5110 3363 5200 signum
3425 5113 3537 5185 vi-

1982 5223 2242 5306 sibile,
2281 5223 2412 5294 sed
2446 5222 2791 5295 audibile
2845 5228 3186 5309 tantum,
3232 5231 3321 5301 ut
3355 5248 3538 5320 pro-

1973 5340 2223 5412 batur
2273 5340 2616 5412 inferius
2676 5339 2758 5411 in
2819 5348 3337 5419 sacramento
3374 5348 3537 5419 Poe-

1979 5455 2351 5530 nitentiae
2391 5460 2471 5530 et
2534 5457 3093 5541 Matrimonii;
3139 5481 3338 5555 ergo
3374 5485 3540 5537 ma·

1969 5574 2044 5646 le
2093 5572 2404 5646 dieitur
2461 5570 2814 5645 visibile.
