4255 6375
1453 391 1650 455 Dls'r.
1698 393 1797 453 v1.
1834 390 2194 466 QUAES'HO
2230 395 2329 455 lX.

261 545 446 615 libe
490 548 787 616 historice
818 553 1318 631 Ecclesiasticoe,
1356 577 1512 642 cap.
1542 561 1610 621 8.
1668 558 1791 641 Cy·

254 661 435 729 rillus
535 667 1119 754 lerosolymitanus
1221 672 1288 737 in
1411 671 1795 757 praefatione

252 780 666 850 catechistica
739 785 969 853 tribuit
1044 787 1105 853 ei
1203 788 1389 875 plura
1474 788 1788 876 epitheta,

255 906 313 959 et
372 894 541 962 inter
597 897 720 965 alia
787 901 959 988 quod
1018 902 1104 969 sit
1159 904 1580 990 siquae-ulum
1640 925 1793 970 san·

252 1027 422 1083 ctum
476 1031 537 1085 et
576 1021 949 1102 indelebile,
1008 1024 1284 1092 Basilius
1342 1026 1793 1093 exhortatione

253 1130 327 1197 ad
404 1135 829 1220 Baptismum,
886 1138 1041 1205 dicit
1101 1141 1551 1207 characterem
1607 1142 1795 1208 inde·

177 1326 188 1338 ·
251 1251 787 1334 prehensibilem,
850 1255 1290 1321 Nazianzenus
1329 1258 1635 1322 oratione
1680 1261 1787 1321 40.

249 1385 325 1429 ex
385 1387 515 1453 quo
555 1370 876 1435 mutuavit
948 1372 1120 1437 hunc
1181 1371 1447 1436 modum
1490 1371 1788 1449 dicendi3

250 1483 686 1550 Damascenus
770 1486 1049 1564 Donum,
1106 1502 1115 1511 ·
1166 1486 1400 1573 inquit,
1486 1507 1795 1551 vocamus

246 1599 561 1682 qratiam,
606 1600 1040 1685 Raptis-mum,
1095 1602 1495 1677 unctionem,
1539 1600 1763 1665 illumi
1776 1639 1797 1648 ·

246 1718 606 1794 nationem,
689 1727 806 1782 etc.
860 1721 1384 1803 reyenerationis
1428 1719 1790 1796 lavacrum,

248 1831 570 1915 aloinum,
614 1843 733 1900 etc.
778 1833 1113 1919 Sigillum,
1165 1834 1395 1920 inquit,
1450 1837 1608 1919 quia
1647 1856 1796 1900 con·

251 1950 540 2045 servatio
570 1960 683 2027 est,
730 1972 807 2014 ac
846 1948 1328 2015 domin-ationis
1355 1951 1791 2037 siqnisicatio.

163 2073 207 2109 a.
256 2056 569 2130 Similiter
620 2064 1054 2151 Augustinus,
1109 2065 1220 2152 qui
1270 2066 1472 2132 variis
1525 2066 1589 2131 in
1638 2067 1797 2134 locis

248 2180 383 2265 agit
422 2179 501 2245 de
538 2182 912 2247 charactere
957 2182 1347 2267 baptismali,
1383 2184 1624 2269 saepius
1662 2184 1799 2271 agit

242 2310 473 2363 contra
518 2298 908 2376 Donatistas‚
952 2299 1125 2364 hunc
1157 2300 1371 2385 ipsum
1409 2300 1797 2388 quandoque

246 2414 531 2500 appellat
561 2415 1051 2482 Sacramentum
1096 2418 1433 2501 Baptismi,
1474 2431 1543 2483 ut
1577 2417 1689 2484 lib.
1726 2423 1787 2484 2.

244 2544 468 2598 contra
516 2531 855 2617 epistolam
902 2533 1309 2599 Parmenioni
1350 2555 1496 2599 eum
1539 2555 1794 2621 compa-

253 2668 405 2714 rans
460 2648 815 2714 characteri
874 2648 1146 2726 militiae,
1191 2650 1300 2736 qui
1350 2649 1413 2714 in
1464 2650 1795 2715 desertore

248 2776 541 2829 correcto
585 2784 710 2828 non
753 2762 1026 2844 deletur,
1075 2765 1186 2830 sed
1229 2764 1624 2851 approbatur
1671 2788 1686 2843 ;
1734 2780 1794 2831 et

248 2880 510 2947 subdit:
541 2884 646 2946 An
666 2882 841 2964 sorte
871 2883 1091 2946 minus
1111 2883 1360 2947 licerent
1402 2883 1793 2947 Sacramen-

249 3009 317 3062 ta
346 2998 747 3076 christiana,
799 3019 990 3084 quam
1070 3000 1442 3084 corporalis
1471 2999 1608 3062 hwc
1638 3009 1792 3063 nota

243 3137 387 3180 cum
441 3116 785 3182 videamur
824 3138 940 3182 nec
995 3127 1331 3203 apostatas
1378 3137 1607 3180 carere
1656 3117 1789 3180 Ba-

237 3236 507 3320 pt1’8mo,
579 3234 812 3320 quibus
866 3236 1090 3321 utique
1160 3256 1281 3319 per
1336 3236 1793 3320 paenitentiam

241 3350 687 3429 redeuntibus,
725 3372 855 3416 non
887 3352 1284 3429 restituitur,
1315 3363 1374 3417 et
1396 3351 1543 3415 ideo
1574 3354 1797 3417 amitti

245 3487 380 3532 non
408 3489 595 3554 posse
608 3468 980 3553 judicatur,
1028 3481 1161 3534 etc.

337 3589 454 3652 11ae
529 3581 944 3648 auctoritates
1012 3586 1270 3648 Patrum
1326 3585 1666 3650 obscuram
1735 3597 1797 3650 et

249 3724 378 3769 non
435 3712 679 3767 certam
748 3698 989 3766 faciunt
1074 3699 1546 3785 probationem,
1647 3699 1794 3785 quia

246 3817 750 3906 appellationem
793 3814 992 3898 sigilli
1042 3826 1106 3880 et
1157 3816 1548 3881 characteris
1595 3815 1796 3881 tribu-

246 3947 365 4001 unt
438 3932 561 4020 ipsi
604 3934 1017 3997 Sacramento
1058 3929 1123 3994 in
1159 3940 1355 4007 rect0,
1410 3950 1537 3994 non
1579 3944 1794 3996 autem

244 4049 508 4117 effectui
567 4048 756 4134 ejus;
820 4060 883 4112 et
923 4045 977 4111 si
1045 4045 1305 4132 quando
1373 4045 1658 4125 effectui,
1732 4058 1799 4112 ut

244 4186 326 4232 ex
395 4164 694 4230 Patribus
753 4182 950 4247 supra
1010 4159 1222 4226 citatis
1291 4172 1488 4246 patet,
1589 4161 1798 4247 magis

241 4279 626 4367 exprimunt
667 4276 947 4363 gratiam
1001 4275 1539 4354 sanctificantem,
1606 4296 1796 4363 quam

245 4396 551 4462 effectum
583 4393 808 4474 alium,
860 4393 938 4458 de
990 4414 1119 4479 quo
1168 4393 1304 4478 jam
1360 4393 1798 4477 disputamuS,

251 4511 411 4578 illud
452 4523 702 4576 certum
745 4521 842 4575 est
912 4508 1303 4595 baptizatum
1347 4508 1681 4594 obsignari
1739 4508 1800 4572 in

258 4628 610 4714 Baptismo
679 4638 742 4692 et
774 4627 914 4692 haec
953 4639 1052 4690 est
1082 4625 1324 4691 veritas
1372 4624 1674 4711 explicita
1726 4646 1804 4690 ex

258 4744 594 4830 Scriptura
635 4756 697 4810 et
739 4743 1059 4809 Patribus,
1113 4747 1203 4807 An
1246 4753 1459 4808 autem
1510 4741 1653 4808 haec
1701 4742 1808 4806 ob·

261 4860 550 4946 signatio
647 4861 808 4926 sacta
884 4859 970 4924 sit
1037 4858 1250 4943 ipsum
1320 4859 1808 4924 Sacramentum

265 4991 643 5064 susceptum
664 4976 696 5042 ⁶?
726 4996 807 5040 an
838 4977 1108 5041 effectus
1138 4975 1367 5060 gratia}
1409 4974 1811 5041 sanctifican-

268 5093 375 5173 tis,
450 5105 643 5180 atque
703 5093 908 5179 ipsius
970 5091 1265 5176 justitiae,
1324 5112 1402 5156 an
1464 5113 1618 5157 vero
1694 5092 1816 5157 alia

273 5209 513 5284 forma,
559 5209 638 5274 de
681 5229 803 5294 qua
869 5229 1040 5272 nunc
1111 5207 1473 5293 loquimur;
1544 5228 1671 5272 non
1735 5208 1818 5272 ita

268 5324 585 5410 explicite
624 5323 948 5388 declarant
993 5326 1238 5398 Patres,
1304 5335 1365 5387 et
1432 5322 1553 5387 hoc
1627 5343 1820 5387 sensu

270 5439 429 5504 dicit
470 5440 700 5502 Doctor
758 5436 915 5502 locis
953 5453 1159 5522 'supra
1196 5437 1408 5502 citatis
1450 5438 1616 5502 hanc
1674 5457 1824 5523 pro-

279 5552 605 5620 bationem
691 5570 817 5616 non
904 5571 1049 5615 esse
1115 5551 1323 5638 quoad
1363 5550 1506 5616 haec
1562 5551 1828 5617 omnino

3338 392 3456 455 613

1909 567 2182 635 certam,
2238 556 2300 622 id
2335 569 2460 637 est,
2527 578 2908 644 expressam
2972 570 3036 622 et
3087 555 3472 622 convincen-

1909 683 2069 737 tem.

1996 789 2347 866 Caeterum‚
2407 791 2629 854 Patres
2689 764 3070 854 intendisse¹
3121 788 3461 854 veritatem
3620 801 3701 853 23.

1907 902 2326 980 catholicam,
2409 925 2557 990 quse
2617 904 2961 970 traditione
3025 905 3459 970 conservaba·
3492 865 3821 1000 οιῑξιῗιῑὲῗξῖη-

1903 1034 2032 1096 tur,
2072 1039 2198 1084 non
2239 1032 2338 1085 est
2378 1019 2675 1099 dubium,
2711 1033 2776 1087 et
2805 1021 2887 1086 ita
2924 1021 3308 1088 Scholastici
3340 1042 3452 1087 eos
3489 992 3817 1104 Ρξξῗῗζῗζῗξθ

1903 1132 2388 1212 intellexerunt,
2444 1133 2615 1200 sicut
2669 1147 2729 1199 et
2776 1147 2989 1201 noster
3036 1139 3291 1213 Doctor,
3339 1135 3454 1221 qui
3493 1114 3811 1229 ξζξᾙξὲξξῇξξ

1906 1247 2144 1314 asserit
2174 1249 2590 1314 auctoritates
2623 1249 2845 1334 plures
2877 1270 3102 1315 eorum
3153 1270 3282 1315 non
3314 1270 3460 1317 esse

1906 1383 2274 1448 expressaS‚
2322 1377 2432 1429 aut
2460 1363 2925 1430 concludentes
2964 1386 3041 1430 ex
3079 1365 3283 1430 forma
3317 1386 3459 1430 ver-

1908 1484 2135 1552 borum
2215 1485 2543 1571 explicita,
2637 1506 2762 1551 non
2840 1499 3058 1551 autem
3135 1486 3456 1572 implicita
3543 1472 3548 1480 ⁵

1911 1599 2266 1666 intentione
2299 1611 2361 1666 et
2419 1601 2764 1666 sententia.
2817 1599 2911 1665 Ad
2989 1601 3178 1686 cujus
3262 1599 3462 1667 intel-

1915 1716 2257 1782 lectionem
2310 1726 2374 1782 et
2451 1716 2911 1782 resolutionem
2981 1715 3450 1783 advertendum

1920 1846 2017 1899 est
2053 1833 2223 1921 quod
2259 1853 2450 1899 causa
2484 1845 2699 1899 sumat
2738 1833 3335 1900 denominationem
3388 1835 3466 1900 ab

1909 1949 2165 2030 effectu,
2210 1962 2274 2015 et
2307 1950 2589 2015 maxime
2642 1950 2705 2016 in
2748 1950 2941 2035 signo
2972 1962 3036 2015 et
3091 1950 3349 2037 signato
3401 1951 3460 2017 id

1908 2066 2307 2141 verificatur,
2354 2068 2506 2152 quia
2543 2067 2808 2153 signum
2848 2088 2960 2152 pro
2994 2067 3255 2153 signato
3301 2088 3460 2153 sup-

1910 2183 2113 2269 ponit,
2163 2181 2435 2257 Quando
2465 2203 2622 2267 ergo
2657 2184 2876 2247 Patres
2927 2203 3041 2268 per
3127 2181 3459 2268 appellati·

1908 2320 2095 2364 onem
2176 2298 2484 2384 Baptismi
2537 2298 2885 2385 designant
2913 2298 3057 2385 ejus
3126 2297 3450 2379 effectum,
3513 2332 3807 2396 Baptismus

1910 2424 1978 2480 ut
2010 2412 2181 2500 quod
2217 2411 2297 2477 sit
2339 2413 2769 2490 illuminalio,
2814 2414 3060 2499 qratia,
3149 2414 3453 2498 siqnacu-
3505 2410 3781 2507 dicitcdlzfsi-

1909 2532 2065 2608 lum,
2105 2542 2230 2595 etc.
2268 2529 2507 2595 locutio
2539 2541 2636 2594 est
2667 2529 2972 2608 causaliS,
3011 2541 3073 2594 et
3096 2549 3255 2596 usus
3278 2530 3453 2616 signi
3486 2520 3755 2584 gnaculum
3787 2525 3806 2573 ²

1906 2643 2170 2728 practici
2206 2663 2321 2729 pro
2346 2664 2465 2710 suo
2510 2643 2792 2730 signam,
2872 2643 3042 2731 quod
3114 2664 3241 2709 non
3338 2645 3454 2710 ob—

1907 2780 2102 2825 scure
2151 2759 2453 2844 designat
2483 2760 2925 2825 Nazianzenus
2966 2759 3104 2825 loco
3146 2759 3448 2846 prael'ato:

1918 2874 2510 2952 Quemadmodum,
2579 2872 2811 2959 inquit,
2889 2874 3194 2939 Christus
3259 2875 3456 2959 lulius

1902 2992 2119 3069 dator,
2157 2992 2384 3055 mullis
2405 3013 2482 3054 ac
2505 2990 2787 3055 diversis
2816 2990 3192 3056 nominibus
3223 2990 3449 3076 appel·
3485 3013 3796 3064 Nazianzen.

1907 3106 2108 3187 latur,
2186 3108 2283 3172 ita
2352 3109 2566 3193 ipsum
2626 3125 2879 3194 quoque
2952 3106 3200 3172 donum
3257 3108 3452 3173 varia
3508 3082 3798 3190 acumina-

1907 3226 2182 3290 nomina
2218 3225 2522 3303 sortitur,
2561 3226 2700 3289 sive
2748 3225 2822 3289 id
2879 3224 3070 3290 nobis
3104 3226 3180 3290 ob
3212 3227 3456 3290 miram
3538 3204 3755 3316 οωξζζιῑ,

1911 3339 2269 3428 quamdam
2325 3341 2429 3405 rei
2462 3341 2764 3406 laetitiam
2803 3340 3087 3419 accidat,
3127 3352 3256 3408 etc.
3317 3343 3456 3407 sive
3487 3329 3552 3378 ³¹³
3579 3327 3776 3376 effectu.

1907 3456 2082 3544 quad
2140 3456 2497 3542 multiplea:
2561 3455 2760 3540 hujus
2799 3455 3104 3536 beneficii
3161 3457 3446 3533 utilitas,

1907 3573 2153 3638 multas
2192 3592 2444 3658 quoque
2482 3572 2967 3656 appellationes
3005 3571 3194 3637 nobis
3255 3593 3456 3657 pepe-

1908 3689 2023 3766 rit,
2068 3700 2194 3753 etc.
2240 3686 2497 3751 utilitas
2535 3683 2837 3770 designat
2884 3684 3155 3751 effectus
3231 3686 3449 3771 Bapti-

1908 3802 2033 3869 smi
2086 3802 2151 3866 in
2210 3801 2450 3875 anima,
2506 3820 2633 3885 qua
2671 3810 2770 3864 est
2803 3799 3089 3866 medium
3151 3786 3229 3865 ad
3282 3799 3458 3866 salu-

1909 3931 2064 3997 tem,
2119 3937 2155 3982 a
2204 3916 2445 4003 quibus
2489 3914 2833 3999 multiplex
2883 3914 3230 4002 appellatio
3280 3917 3453 3982 sumi

1909 4045 2144 4120 potest.

1998 4165 2263 4233 Accedit
2331 4175 2649 4251 praeterea
2711 4184 2859 4229 cum
2903 4164 3257 4231 Donatistis
3323 4185 3454 4231 non
3488 4193 3799 4245 Controver-

1912 4283 2117 4348 fuisse
2163 4281 2678 4348 controversiam
2753 4281 3127 4367 primariam
3190 4281 3270 4347 de
3308 4282 3457 4348 esse·
3542 4258 3756 4369 Paiiffxm

1913 4410 1979 4465 tu
2057 4397 2365 4484 Baptismi
2428 4396 2576 4483 (illi
2638 4398 2812 4463 enim
2866 4418 2993 4463 non
3052 4394 3463 4464 affirmabant
3503 4396 3802 4496 Donczffitis.

1915 4516 2322 4602 Baptismum
2385 4516 2505 4580 rite
2555 4514 2862 4580 collatum
2926 4534 3117 4601 posse
3161 4513 3458 4600 iterari),

1917 4631 2031 4698 sed
2082 4631 2163 4697 de
2203 4617 2429 4696 valore
2481 4629 2816 4716 Baptismi,
2861 4649 2942 4695 an
2983 4628 3233 4695 scilicet
3293 4639 3468 4695 extra

1919 4758 2161 4812 sectam
2207 4743 2494 4822 illorum,
2540 4763 2733 4830 quam
2779 4743 3093 4830 putabant
3133 4742 3336 4809 solam
3371 4765 3470 4810 es-

1921 4883 1993 4929 se
2036 4859 2418 4940 Ecclesiam,
2480 4858 2794 4926 celebrari
2867 4856 3083 4924 valide
3131 4859 3362 4945 possit,
3407 4874 3477 4925 ut

1924 4977 2005 5042 ab
2080 4973 2439 5054 haeretici8‚
2517 4975 2620 5040 vel
2691 4974 2888 5041 etiam
2980 4975 3481 5060 peccatoribus?

1933 5093 2097 5158 Hinc
2139 5095 2361 5157 Patres
2412 5104 2637 5157 contra
2688 5091 2867 5177 ipsos
2909 5089 3308 5157 definierunt
3349 5112 3478 5157 ma·

1933 5207 2140 5274 litiam
2185 5207 2470 5273 ministri
2505 5227 2633 5272 non
2683 5205 2997 5293 derogare
3038 5208 3476 5273 Sacramenta

1935 5334 2000 5390 et
2078 5321 2366 5389 validum
2437 5344 2582 5389 esse
2655 5323 2720 5387 in
2781 5322 2972 5399 ficto;
3055 5322 3198 5388 sive
3266 5336 3481 5390 autern

1939 5450 2212 5505 utantur
2299 5438 2731 5525 appellatione
2801 5438 3226 5517 Sacramenti,
3313 5441 3483 5526 quod

1937 5564 2045 5620 est
2104 5551 2389 5637 signatio
2431 5551 2735 5628 visibilis,
2770 5570 2914 5642 ‘per
2961 5571 3155 5639 quam
3214 5553 3362 5640 quis
3415 5554 3485 5620 fit
