4255 6375
1501 432 1946 502 Dls'rchlo
1996 433 2071 501 11.

224 777 413 853 Quid
550 781 871 848 utilitatis
1006 783 1280 850 habebat
1396 785 1783 870 Baptismus

770 900 1051 966 Ioannis
1080 899 1114 966 ?

314 1169 341 1202 ι
394 1141 519 1213 Ad
588 1140 771 1232 quid
819 1159 1019 1232 ergo
1084 1140 1313 1214 utilis
1380 1144 1562 1215 erat
1637 1141 1782 1212 Ba·

143 1255 152 1284 *
224 1257 592 1349 ptismus
653 1256 992 1329 Joannis
1050 1262 1084 1328 ⁰?
1146 1257 1351 1340 Quia
1409 1256 1780 1329 homines

143 1403 185 1479 ᾗ.
226 1394 372 1447 usu
419 1373 893 1467 baptizandi
946 1374 1466 1467 praeparabat
1508 1374 1601 1445 ad
1644 1375 1786 1444 Ba-

143 1551 184 1604 t.
224 1488 625 1580 ptismum
700 1489 1032 1565 Christi.
1085 1519 1112 1553 ι
1161 1490 1306 1564 Sed
1357 1489 1780 1582 quaeritur,

220 1625 482 1696 quare
515 1606 780 1680 dictus
813 1608 935 1678 est
974 1610 1255 1676 Ioannis
1285 1606 1782 1699 BaptismuS,

220 1719 438 1795 siout
479 1722 815 1796 Veritas
865 1721 1056 1795 dicit
1092 1747 1109 1793 t
1177 1727 1557 1812 Baptismus
1584 1725 1787 1791 Ioan-

221 1842 327 1906 nis
423 1842 615 1907 unde
696 1852 790 1907 est
859 1842 890 1906 ἶ)
957 1839 1162 1920 Quia
1247 1838 1354 1911 ibi
1442 1839 1784 1912 Joannis

221 1954 613 2045 operatio
646 1954 991 2027 visibilis
1041 1957 1365 2029 tantum
1433 1959 1616 2030 erat
1659 1977 1787 2027 ex-

219 2073 490 2143 terius
525 2071 908 2154 lavantis,
952 2091 1113 2144 non
1149 2071 1576 2145 invisibilis
1610 2091 1788 2165 gra-

224 2193 339 2264 tia
434 2188 591 2263 Dei
676 2189 1020 2264 interius
1102 2188 1545 2282 operantis.
1640 2189 1786 2262 Sed

224 2311 509 2381 tamen
562 2310 640 2380 et
684 2307 826 2380 ill‘a
885 2307 1225 2381 Joannis
1301 2306 1673 2400 operatio
1736 2327 1783 2379 a

224 2425 393 2496 Deo
446 2438 651 2506 erat,
712 2428 790 2498 et
832 2424 1301 2517 Baptismus
1344 2423 1480 2494 ille
1515 2442 1560 2494 a
1617 2424 1784 2496 Deo

227 2545 436 2621 erat,
496 2561 661 2614 non
724 2540 820 2612 ab
904 2538 1253 2619 homine,
1311 2540 1443 2611 sed
1495 2543 1787 2608 hominis

225 2657 494 2731 dictus
567 2662 714 2736 est,
782 2657 971 2749 quia
1023 2655 1223 2728 nihil
1285 2655 1390 2727 ibi
1462 2654 1787 2746 gereba-

230 2781 367 2848 tur
402 2773 619 2867 quod
661 2794 820 2845 non
882 2777 1163 2865 ageret
1230 2771 1500 2845 homo.

194 3112 207 3126 ·
318 3032 400 3096 Si
428 3030 574 3116 suit
612 3030 1120 3096 Sacramentum
1158 3028 1521 3115 baptismus
1554 3027 1695 3096 ille.

323 3299 408 3375 Si
442 3320 645 3373 vero
679 3297 1102 3392 quaeritur,
1158 3313 1260 3366 an
1313 3298 1792 3370 Sacramen-

240 3421 412 3491 tum
493 3416 768 3498 fuerit,
876 3414 1079 3489 satis
1144 3417 1411 3506 potest
1468 3410 1793 3486 concedi

239 3553 337 3606 ex
404 3556 507 3607 eo
578 3554 843 3614 sensu,
909 3551 1063 3623 quo
1125 3534 1369 3620 leyalia
1425 3536 1618 3620 siqua
1683 3531 1792 3603 di-

241 3654 542 3724 cuntur
627 3652 1181 3724 Sacramenta.
1269 3646 1791 3739 significabat

245 3772 456 3843 enim
526 3768 998 3863 Baptismus
1032 3766 1372 3841 Joannis
1449 3788 1621 3840 rem
1671 3788 1793 3841 sa-

246 3908 497 3971 cram,
546 3885 861 3960 scilicet
891 3883 1403 3977 Baptismum
1454 3883 1789 3969 Christi,

250 4004 378 4096 qui
448 4025 609 4077 non
669 4008 989 4078 tantum
1057 4005 1182 4076 est
1269 4000 1789 4094 poenitentiae,

253 4119 379 4190 sed
416 4123 500 4194 et
552 4116 1064 4190 remissionis
1102 4120 1650 4209 peccatorum.

255 4365 344 4432 De
368 4368 597 4452 forma
628 4364 964 4450 Baptismi
990 4362 1296 4442 Ioannis,
1341 4372 1402 4427 et
1441 4362 1526 4428 de
1580 4362 1792 4450 bapti-

842 4479 1016 4545 zatis
1045 4477 1126 4543 ab
1157 4499 1254 4544 ec.

342 4647 492 4723 Hic
534 4646 1206 4722 considerandum
1273 4652 1421 4726 est,
1500 4644 1567 4717 si
1656 4645 1794 4718 ba-

143 4764 536 4902 00.,ptiza¹²i
580 4785 627 4837 a
669 4766 711 4836 J
724 4783 981 4837 oanne
1040 4760 1338 4833 iterum
1399 4761 1794 4853 baptizati

143 4899 188 4947 ιε
265 4884 439 4954 sunt
523 4880 948 4973 Baptismo
1045 4877 1378 4960 Christi,
1476 4883 1557 4952 et
1637 4899 1796 4970 qua

143 4976 228 5075 2¹¹3.
261 4997 517 5073 forma
555 4998 994 5073 verborum
1031 5016 1225 5069 usus
1277 4997 1382 5068 sit
1412 4998 1454 5068 J
1466 5016 1792 5070 oannes.

143 5088 238 5201 ‘522
265 5106 385 5179 Illi
442 5107 576 5200 qui
636 5103 1027 5198 baptizati
1104 5106 1291 5177 sunt
1333 5123 1380 5175 a
1455 5105 1791 5191 doanne,

143 5225 221 5262 ¹¹¹⁶·
262 5224 731 5305 nescientes,
779 5218 1176 5312 Spiritum
1241 5221 1612 5292 sanctum
1671 5240 1797 5292 es-

266 5359 367 5421 se,
429 5359 522 5412 ac
628 5357 852 5431 spem
939 5339 1324 5428 ponentes
1409 5334 1489 5405 in
1572 5333 1794 5409 illius

264 5455 703 5549 Baptismo‚
782 5453 1071 5547 postea
1124 5450 1515 5543 baptizati
1606 5456 1796 5527 sunt

263 5569 675 5665 Baptismo
742 5566 1077 5645 Christi.
1145 5564 1611 5657 Baptismus
1661 5587 1797 5641 au-

3329 437 3450 502 237

1892 601 2059 672 tem
2110 601 2449 676 Joannis
2517 606 2592 672 in
2632 606 2898 673 nomine
2957 607 3226 674 venturi
3276 607 3446 678 tra-

1893 715 2257 791 debatur.
2299 719 2522 793 Unde
2584 720 3136 813 Hieronymus
3202 740 3449 813 super

1896 833 2208 908 Joelem
2253 861 2268 906 ε
2320 866 2348 900 ι
2402 836 2552 919 Qui
2618 836 2837 921 dicit,
2914 858 2997 910 se
3057 835 3137 909 in
3223 836 3449 911 Chri-

1898 953 2115 1024 stum
2228 955 2586 1039 credere,
2683 957 2762 1028 et
2821 975 2983 1027 non
3050 953 3306 1028 credit
3367 953 3449 1026 in

1897 1066 2295 1161 Spiritum
2341 1075 2739 1156 sanctum,
2810 1073 3162 1146 nondum
3209 1071 3449 1145 habet

1895 1184 2169 1258 claros
2232 1189 2537 1261 oculos,
2625 1189 2846 1263 Unde
2921 1187 3311 1283 baptizati
3399 1209 3446 1260 a

1896 1303 2209 1377 Joanne
2277 1308 2349 1373 in
2407 1311 2675 1377 nomine
2742 1311 3029 1389 venturi,
3142 1305 3215 1379 id
3291 1309 3441 1386 est,

1897 1417 2223 1492 Domini
2265 1420 2480 1503 Jesu,
2531 1421 2718 1513 quia
2776 1422 3157 1496 dixerunt
3231 1444 3245 1488 :
3311 1422 3444 1488 Sed

1896 1555 2125 1623 neque,
2191 1538 2252 1602 si
2290 1538 2591 1624 Spiritus
2656 1552 2922 1607 sanctus
2988 1551 3104 1618 est,
3183 1536 3449 1603 audivi-

1900 1673 2064 1734 mus,
2152 1650 2449 1724 iterum
2536 1653 3183 1748 baptizabantur,
3286 1651 3447 1724 imo

1896 1786 2183 1840 verum
2220 1769 2642 1862 Baptisma
2673 1771 3203 1865 accipiebant.
3255 1800 3283 1834 ι
3324 1769 3454 1843 Illi

1897 1904 2099 1958 vero
2154 1887 2288 1978 qui
2349 1908 2576 1981 spem
2638 1909 2798 1961 non
2860 1892 3309 1982 posuerunt
3364 1886 3445 1960 in

1900 2002 2321 2095 Baptismo
2365 2007 2730 2089 Joannis,
2829 2011 2908 2081 et
2980 2008 3308 2082 Patrem
3369 2012 3450 2081 et

1900 2118 2197 2194 Filium
2240 2126 2321 2196 et
2365 2123 2762 2216 Spiritum
2829 2127 3200 2197 sanctum
3278 2144 3446 2196 cre·

1897 2233 2212 2319 debant,
2243 2257 2402 2310 non
2455 2243 2634 2331 post
2666 2239 3056 2333 baptizati
3091 2240 3443 2322 fuerunt,
3526 2211 3753 2325 {³2ss3ssss

1902 2353 2034 2425 sed
2078 2353 2599 2446 impositione
2643 2378 3055 2441 manuum,
3101 2358 3200 2432 ab
3231 2361 3442 2453 Apo·
3529 2336 3739 2403 ”⁸⁸³⁸²·

3534 2401 3658 2451 Act.
3697 2401 3750 2451 8.

1901 2468 2138 2542 stolis
2197 2492 2443 2565 super
2507 2495 2647 2548 eos
2726 2475 2966 2558 facta,
3044 2476 3444 2569 Spiritum

1900 2590 2272 2659 sanctum
2363 2596 2868 2683 receperunt.
2965 2591 3125 2664 Alii
3221 2612 3443 2676 ver0,

1902 2702 2033 2794 qui
2107 2723 2269 2776 non
2363 2704 2478 2780 ita
2537 2707 2989 2790 credebant,
3055 2708 3446 2802 baptizati

1901 2820 2087 2890 sunt
2149 2819 2574 2913 Baptismo
2614 2823 2946 2908 Christi,
3022 2829 3106 2898 ut
3173 2824 3450 2918 praedi-
3517 2888 3573 2938 In
3607 2873 3737 2955 ὁρῶ

1903 2937 2124 3007 otum
2253 2940 2402 3010 est.
2510 2938 2729 3012 Unde
2835 2940 3433 3032 Hieronymus:
3499 3012 3541 3062 Ο
3606 2925 3756 3064 aad

1906 3078 1933 3112 α
1990 3052 2140 3133 Qui
2230 3053 2626 3146 Spiritum
2700 3061 3073 3131 sanctum
3147 3059 3449 3132 nescie-
3546 3028 3785 3128 ‘'mnis‘'

1902 3166 2118 3253 bant,
2173 3191 2359 3244 cum
2427 3172 2936 3266 Baptismum
3004 3197 3050 3247 a
3136 3177 3447 3251 Joanne
3478 3153 3801 3269 ”33312'035‘3’

1902 3294 2418 3380 acceperunt,
2456 3290 2753 3365 iterum
2781 3292 3171 3386 baptizati
3198 3298 3386 3369 sunt
3412 3323 3440 3357 »
3516 3265 3758 3400 &thia

1901 3423 2000 3475 ne
2088 3406 2268 3496 quis
2325 3427 2425 3480 ex
2492 3408 2792 3481 Judaeis
2859 3410 2987 3483 vel
3056 3411 3442 3486 Gentibus
3513 3404 3568 3442 ¹¹²
3609 3393 3776 3458 ¹²⁶⁰&

1906 3525 2257 3613 putaret,
2296 3544 2588 3616 aquam
2651 3527 2821 3600 sine
2893 3528 3202 3621 Spiritu
3265 3548 3450 3601 san-

1904 3643 2037 3713 cto
2083 3641 2178 3713 ad
2221 3640 2566 3716 salutem
2615 3665 2847 3737 posse
2904 3646 3300 3720 sufficere.
3336 3648 3450 3720 De

1905 3754 2057 3829 hoc
2123 3756 2373 3831 etiam
2454 3761 2936 3834 Ambrosius
3009 3766 3071 3836 1.
3162 3765 3276 3833 lib.
3332 3766 3450 3832 -de
3523 3768 3527 3773 ’

1904 3877 2171 3963 Spiritu
2234 3891 2461 3946 sancto
2521 3907 2542 3947 .·
2623 3909 2651 3945 α
2710 3880 3044 3962 Quidam
3118 3901 3454 3974 negave-

1910 3993 2099 4064 runt
2160 4014 2245 4065 se
2306 3993 2518 4067 scire
2582 3996 2978 4088 Spiritum
3049 4003 3449 4082 sanctum,

1907 4127 2089 4179 cum
2149 4108 2607 4202 baptizatos
2653 4133 2737 4186 se
2792 4113 3152 4188 dicerent
3214 4116 3455 4187 Joan-

1905 4221 2032 4294 nis
2099 4224 2549 4317 Baptismo‚
2600 4229 2733 4321 qui
2801 4229 2881 4302 in
2956 4229 3453 4303 advenientis

1907 4339 2119 4424 Jesu‚
2154 4360 2314 4412 non
2349 4341 2427 4414 in
2471 4364 2642 4427 su0,
2705 4344 3152 4437 baptizavit
3194 4346 3452 4419 nomi-

1904 4479 2029 4532 ne.
2104 4462 2252 4536 Isti
2284 4484 2508 4557 ergo,
2556 4466 2744 4557 quia
2805 4488 2951 4540 nec
3011 4468 3091 4540 in
3149 4468 3456 4544 Christi

1905 4581 2258 4663 nomine,
2304 4601 2447 4653 nec
2479 4603 2660 4655 cum
2695 4582 2840 4656 fide
2883 4584 3242 4677 Spiritus
3277 4606 3451 4658 san·

1907 4693 2017 4767 cti
2075 4694 2465 4788 baptizati
2516 4696 2866 4781 fuerant,
2938 4720 3101 4773 non
3173 4706 3454 4795 potue-

1914 4814 2099 4885 runt
2196 4813 2568 4907 accipere
2662 4816 3067 4910 Baptismi
3173 4822 3456 4894 Sacra·

1911 4933 2740 5027 mentum;baptizati
2795 4941 2982 5010 sunt
3045 4935 3302 5029 igitur
3371 4937 3452 5010 in

1906 5047 2234 5121 nomine
2267 5050 2600 5138 Christi,
2647 5073 2794 5127 nec
2865 5053 3255 5129 iteratum
3324 5059 3451 5130 est

1908 5163 1987 5236 in
2030 5163 2158 5238 his
2191 5167 2638 5259 Baptisma„
2677 5170 2810 5243 sed
2851 5172 3268 5263 novatum.
3328 5200 3357 5234 a

2175 5365 2396 5455 (Finis
2480 5369 2717 5437 Tea-tus
2773 5368 3141 5463 Maqistri.)
