4255 6375
1816 415 2257 479 DlsTlNC'rio
2307 418 2349 479 1.
3652 412 3690 473 5

328 802 359 840 '
1105 812 2266 958 DISTINCTIO
2369 808 3031 954 PRIMA.

1470 1082 1747 1173 (reactus
1788 1078 2101 1167 Maqislri
2140 1078 2703 1170 Smnenciarum.)

967 1555 1057 1620 Dc
1090 1556 1300 1620 Sacra
1309 1554 1568 1619 mentis,

130 1770 432 1882 Protgnium.

134 1898 240 1946 Luc.
262 1895 331 1946 10.
351 1894 430 1945 80.

560 1806 1132 1882 Samaritanus
1244 1804 1483 1885 enim,
1589 1804 2019 1876 vulnerato

463 1924 998 2020 appropians,
1068 1921 1477 1995 curationi
1519 1921 1693 2014 ejus
1739 1924 2020 1993 Sacra·

462 2049 935 2116 mentorum
1014 2039 1543 2129 alligamenta
1630 2035 2014 2117 adhibuit,

457 2161 659 2254 quia
707 2164 999 2232 contra
1062 2154 1496 2247 originalis
1561 2154 1869 2248 peccati
1938 2158 2019 2228 ct

454 2273 815 2348 actualis
882 2271 1225 2343 vulnera
1292 2273 2013 2342 sacramentorum

457 2390 820 2464 remedia
859 2391 1073 2462 Deus
1125 2386 1508 2462 instituit.
1554 2388 1668 2459 De
1703 2386 2015 2478 quibuS,

456 2512 819 2601 quatuor
890 2506 1155 2598 primo
1238 2503 1825 2576 consideranda
1893 2523 2017 2575 oc·

457 2610 837 2699 currunt.

550 2740 753 2822 Quid
796 2737 901 2813 sit
948 2740 1591 2813 Sacramentum.

552 2864 821 2940 Quare
874 2856 1374 2930 institutum.

552 2977 645 3045 In
691 2973 973 3066 quibus
1043 2972 1443 3045 consistat
1507 2974 1584 3043 et
1645 2970 2011 3044 conficia-

462 3097 631 3166 tur.

553 3214 655 3285 Et
717 3233 890 3304 quae
969 3211 1074 3283 sit
1142 3208 1530 3283 distantia
1600 3207 1814 3280 inter
1881 3211 2010 3280 Sa·

455 3330 885 3400 eramenta
918 3325 1224 3398 veteris
1266 3329 1345 3398 et
1378 3345 1605 3396 novae
1644 3323 1877 3415 legis,

783 3554 960 3631 Quid
1016 3555 1105 3621 sil
1163 3555 1692 3620 Sacramentum.

130 3756 330 3868 nubssg„
367 3819 424 3869 1,
559 3808 588 3842 «
647 3781 1265 3852 Sacramentum
1362 3782 1487 3849 est
1564 3796 1819 3849 sacrae
1892 3779 2006 3849 rei

127 3883 427 3994 ·⁸‘ffi2¹j¹3}⁰·
464 3894 812 3986 signum.
866 3925 892 3954 ι
971 3893 1294 3966 Dicitur
1369 3896 1637 3966 tamen
1720 3896 2007 3965 Sacra-

128 4004 421 4122 ?ffhlfjg:
464 4016 826 4084 mentum
870 4010 1117 4082 etiam
1177 4033 1435 4077 sacrum
1502 4022 1842 4088 secretum,
1899 4009 2006 4079 Si-

125 4129 330 4243 Rffiiugn
364 4133 430 4243 ᾗ..
460 4131 597 4198 cut
636 4125 936 4199 dicitur
970 4128 1587 4198 Sacramentum
1635 4122 2008 4197 divinita-

139 4231 386 4368 effigia„
463 4242 597 4324 tis,
692 4246 781 4316 ut
876 4246 1490 4314 Sacramentum
1572 4240 1677 4312 sit
1742 4265 2006 4308 sac-rum

215 4396 257 4429 c.
292 4382 335 4429 1.
394 4356 405 4368 '
456 4363 734 4447 siquam
782 4362 861 4431 et
892 4382 1151 4426 sacrum
1191 4362 1527 4445 siquam-m
1556 4384 1581 4439 ,·
1633 4356 1763 4428 Sed
1796 4376 2005 4428 nunc

122 4442 416 4557 ,ffssfflihgssss
456 4475 739 4566 agitur
819 4476 908 4547 de
970 4476 1525 4554 Sacramento,
1570 4471 2003 4545 secundum

460 4593 666 4683 quod
752 4593 874 4663 est
958 4595 1245 4678 siquam.
1334 4592 1531 4660 Item
1585 4614 1598 4656 :
1646 4618 1673 4651 c
1724 4594 2004 4662 Sacra·

462 4713 823 4782 mentum
882 4713 1005 4782 est
1058 4705 1490 4778 invisibilis
1549 4706 1838 4798 gratiae
1887 4706 2003 4777 vi-

463 4822 723 4895 sitilis
756 4824 1047 4896 forma.
1102 4854 1127 4886 »

909 5081 1088 5157 Quid
1126 5082 1214 5146 sit
1269 5081 1529 5165 sianum
1550 5133 1564 5146 .

551 5336 578 5367 «
630 5304 962 5394 Signum
1040 5323 1237 5374 vero
1296 5307 1422 5376 est
1492 5322 1621 5374 res
1704 5307 2004 5395 praeter

460 5420 833 5512 speciem,
909 5438 1146 5512 quam
1237 5417 1539 5510 ingerit
1609 5417 1999 5500 sensibus,

459 5535 674 5607 aliud
715 5533 1013 5627 aliquid
1084 5553 1183 5604 ex
1239 5556 1322 5606 se
1376 5531 1677 5608 faciens
1752 5534 1827 5607 in
1881 5555 2006 5609 co-

472 5653 956 5745 gitationem
998 5651 1273 5724 venire
1321 5681 1349 5716 »

2138 1576 2278 1651 Quo
2343 1573 2671 1657 differant
2713 1574 2977 1660 siquam
3029 1583 3090 1638 el
3156 1575 3684 1642 Sacramentum.

2227 1846 2253 1875 a
2314 1814 2753 1904 Signorum
2795 1834 2999 1885 vero
3062 1813 3223 1886 alia
3268 1815 3454 1885 sunt
3494 1827 3689 1881 natu·
3722 1795 3940 1847 Dubium
3977 1797 4030 1848 3·

2135 1935 2337 2011 ralia,
2385 1933 2470 2002 ut
2525 1927 2792 2002 fumus
2854 1930 3320 2021 significans
3372 1929 3685 2021 ignem;

2135 2046 2296 2117 alia
2321 2049 2520 2127 dalem
2573 2075 2600 2107 2>
2638 2052 2716 2120 et
2750 2066 3033 2118 eorum
3072 2067 3246 2137 quae
3279 2049 3440 2114 data
3471 2050 3684 2127 sunt,

2133 2162 2495 2251 quaedam
2569 2164 2755 2232 sunt
2837 2166 3392 2241 Sacramenta,
3476 2182 3689 2251 quae-

2130 2280 2310 2348 dam
2362 2297 2545 2348 non.
2604 2280 2856 2352 Omne
2942 2278 3155 2349 enim
3227 2295 3686 2348 sacramen-

2131 2397 2303 2466 tum
2354 2397 2476 2466 est
2551 2393 2902 2484 signum,
2972 2394 3106 2466 sed
3172 2412 3333 2464 non
3399 2415 3440 2466 e
3499 2412 3682 2465 con-

2130 2531 2397 2583 verso.
2469 2513 3095 2583 Sacramentum
3146 2510 3320 2602 ejus
3382 2509 3499 2582 rei
3579 2509 3684 2582 si-

2132 2627 2670 2701 militudinem
2729 2627 2970 2719 gerit,
3052 2626 3282 2719 cujus
3358 2626 3680 2717 signum

2126 2746 2277 2816 est.
2365 2772 2392 2805 «
2470 2744 2555 2816 Si
2631 2743 2846 2814 enim
2908 2744 3440 2815 Sacramenta
3519 2760 3678 2812 non

2125 2859 2516 2934 haberent
2632 2858 3244 2933 similitudinem
3373 2878 3673 2940 rerum,

2127 2996 2472 3066 quarum
2536 2979 3069 3049 Sacramenta
3139 2977 3350 3057 sunt,
3391 2978 3677 3064 proprie

2127 3096 2655 3166 Sacramenta
2696 3112 2855 3165 non
2915 3092 3406 3166 dicerentur.
3460 3122 3486 3155 »
3544 3096 3681 3165 Sa-

2123 3214 2634 3283 cramentum
2685 3210 2900 3282 enim
2972 3210 3307 3302 proprie
3383 3208 3682 3281 dicitur

2127 3327 2333 3419 quod
2399 3326 2517 3399 ita
2597 3326 2918 3416 signum
2988 3329 3111 3400 est
3180 3326 3474 3417 gratiae
3535 3325 3679 3399 Dei

2123 3448 2205 3517 et
2304 3443 2735 3517 invisibilis
2831 3443 3124 3535 gratiae
3201 3443 3495 3526 forma,
3587 3448 3680 3517 ut

2124 3558 2381 3652 ipsius
2452 3559 2892 3651 imaginem
2962 3563 3199 3650 gerat
3274 3563 3355 3634 et
3433 3580 3681 3632 causa

2121 3680 2451 3752 existat.
2533 3678 2713 3750 Non
2815 3678 3074 3768 igitur
3175 3677 3678 3770 significandi

2121 3797 2437 3868 tantum
2477 3794 2748 3885 gratia
2783 3797 3314 3869 Sacramenta
3355 3794 3677 3868 institu-
3707 3799 4012 3913 L}5{·gg·})5·

2124 3915 2209 3985 ta
2270 3916 2483 3993 sunt,
2577 3911 2708 3984 sed
2768 3911 3017 3984 etiam
3089 3911 3667 3984 sanctificandi.
3826 3900 3993 4033 ⁴3.9'

2122 4034 2311 4111 Quae
2379 4028 2589 4099 enim
2647 4026 3147 4119 significandi
3189 4027 3460 4118 gratia
3503 4032 3672 4102 tan·
3722 3986 3927 4100 Nunii.1
3975 4025 3989 4037 '

2125 4148 2297 4217 tum
2352 4143 2732 4217 instituta
2811 4149 3022 4224 sunt,
3093 4143 3355 4215 solum
3439 4144 3669 4234 signa
3701 4117 4019 4244 ffissf'fflgj

2121 4264 2334 4341 sunt,
2407 4265 2485 4333 et
2561 4279 2721 4331 non
2795 4263 3384 4341 Sacramenta;
3460 4260 3670 4336 sicut
3727 4236 3996 4350 magia.

2118 4377 2446 4450 fuerunt
2492 4375 2895 4450 sacrificia
2963 4374 3331 4447 carnalia
3389 4382 3468 4450 ct
3542 4375 3670 4447 ob·
3725 4361 3898 4473 2¹3&ss
3934 4363 3987 4470 {j

2119 4492 2554 4566 servantiae
2649 4490 3260 4566 caeremoniales
3366 4493 3671 4567 veteris
3701 4485 4016 4597 {gagg-3322

2115 4611 2348 4700 legis,
2397 4629 2569 4699 quae
2629 4626 3038 4698 nunquam
3094 4610 3669 4702 poterantjus·
3705 4608 3928 4659 Dubium
3958 4611 4008 4662 4·

2117 4730 2248 4800 tos
2308 4722 2579 4796 facere
2624 4722 3099 4802 offerentes:
3139 4724 3348 4816 quia,
3404 4727 3490 4797 ut
3549 4726 3668 4800 ait

2116 4841 2516 4935 Apotolus
2555 4867 2569 4909 ε
2612 4843 2903 4928 Scmquis
2960 4844 3298 4909 hircorum
3347 4854 3407 4908 et
3438 4855 3668 4910 lauro-

2116 4982 2269 5026 rtcm
2307 4972 2367 5025 et
2428 4961 2598 5025 cinis
2638 4961 2866 5025 vituloe
2920 4979 3225 5045 aspersus
3283 4960 3669 5045 inquinatos

2114 5077 2577 5159 sanctificabat
2655 5076 2745 5141 ad
2820 5074 3358 5140 emundationem
3414 5078 3664 5155 carniS,

2117 5209 2278 5260 non
2346 5191 2664 5261 animae.
2728 5189 2936 5261 Nam
3017 5185 3468 5278 inquinatio
3530 5188 3670 5261 illa

2116 5306 2298 5376 erat
2347 5305 2775 5376 contactus
2824 5301 3158 5375 mortui.
3225 5301 3441 5374 Unde
3516 5304 3668 5376 Au-

2118 5420 2552 5512 gustinus:
2633 5449 2658 5481 «
2737 5417 2955 5490 Nihil
3016 5418 3228 5490 aliud
3301 5419 3667 5511 intelligo

2118 5541 2648 5626 ‘inquinationem
2728 5553 2966 5627 quam
3057 5537 3217 5606 Lex
3307 5534 3661 5616 mundat,

2118 5649 2277 5728 nisi
2347 5653 2815 5728 contactum
2896 5649 3200 5727 mortui
3281 5648 3657 5736 hominis,

3758 2755 3992 2807 Definitio

3762 2819 3941 2869 Sacra-

3776 2882 3936 2932 menti
3947 2920 3961 2933 .
