4255 6375
553 1750 612 1802 65
624 1790 636 1801 .

791 406 904 473 178

790 573 942 662 quia
1004 595 1131 641 non
1202 587 1301 644 est
1358 578 1704 665 privativa,
1774 600 1922 645 cum
1994 590 2329 665 peccatum

791 693 1112 779 privative
1142 707 1505 782 opponatur
1544 708 1795 764 tantum
1821 697 2101 785 justitiae‘
2149 709 2332 763 actu-

791 808 899 888 ali,
947 821 1010 876 et
1060 811 1431 878 rectitudini
1481 813 1803 900 oppositoe
1844 814 2136 880 virtutis.
2193 817 2334 881 Non

792 927 1498 1017 contradictorie,quia
1541 941 1874 1017 peccatum
1924 931 2225 997 consistit
2269 931 2331 997 in

793 1045 1180 1130 privatione,
1225 1044 1328 1111 vel
1378 1046 1609 1112 saltem
1659 1066 1801 1112 eam
1847 1045 2142 1113 includit.
2191 1050 2330 1112 Non

790 1161 1137 1240 contrarie,
1184 1161 1335 1247 quia
1379 1182 1504 1227 non
1546 1173 1701 1228 sunt
1746 1162 1986 1229 ‘formae
2047 1163 2334 1229 maxime

789 1277 1103 1344 distantes
1144 1280 1266 1344 sub
1304 1279 1529 1345 eodem
1561 1299 1803 1366 genere
1836 1279 2163 1364 proximo;
2205 1299 2331 1344 una

789 1393 960 1459 enim
1003 1394 1301 1461 consistit
1332 1395 1395 1460 in
1431 1395 1679 1473 habitu,
1724 1395 1849 1461 alia
1891 1394 1955 1460 in
2007 1408 2182 1479 actu,
2220 1405 2331 1459 aut

791 1511 974 1597 quasi
1015 1523 1185 1591 actu,
1231 1511 1344 1578 sed
1376 1510 1455 1577 de
1503 1513 1626 1577 hoc
1659 1510 1825 1578 infra
1865 1532 2138 1598 agemus
2170 1513 2328 1580 disc.

791 1629 855 1691 Ξ.
891 1637 949 1692 el
994 1630 1096 1693 17.

880 1746 974 1809 Ex
1017 1741 1206 1808 dictis
1265 1742 1471 1808 facilis
1527 1754 1627 1808 est
1680 1742 1917 1808 solutio
1965 1742 2043 1807 ad
2101 1743 2330 1809 funda-

441 1813 759 1864 Fundamen-

538 1882 646 1925 tum

482 1943 727 2004 oppositae

466 2006 734 2055 sententiae

483 2065 694 2117 solvitur
705 2105 719 2119 .

539 2129 637 2195 ,Ad

472 2203 691 2254 primum
701 2229 714 2243 .

549 2913 630 2964 Ad

451 2978 746 3030 secundum.

460 3467 717 3526 Quomodo

467 3528 686 3601 inhaeret

496 3598 681 3655 gratia.

513 5149 599 5202 66.

470 5211 645 5261 Gratia

509 5289 611 5323 non

403 5334 576 5387 existit
631 5358 725 5405 pel·

524 5415 597 5459 se,

450 5464 681 5523 quamvis

509 5539 611 5574 non

410 5584 693 5653 dependeat

794 1869 1083 1922 mentum
1144 1859 1461 1944 oppositae
1525 1859 1866 1925 sententiae
1914 1879 2039 1945 qua
2094 1859 2334 1926 dicitur

790 1976 998 2062 gratia
1034 1974 1221 2041 nobis
1265 1975 1607 2054 inhaerere,
1643 1996 1722 2041 ex
1755 1975 2134 2042 Tridentino
2169 1998 2326 2041 sess,

786 2095 853 2158 6.
891 2095 1073 2170 Item,
1119 2091 1328 2178 gratia
1360 2091 1530 2156 inest
1581 2114 1695 2178 per
1726 2092 1989 2157 modum
2024 2091 2326 2180 acciden7

788 2208 910 2285 tis;
946 2229 1104 2294 ergo
1154 2208 1557 2275 inhaerentis,
1612 2208 2063 2294 Respondetur
2097 2209 2328 2274 Conci—

788 2326 944 2393 lium
1015 2347 1127 2412 per
1168 2327 1636 2392 inhaerentiam
1688 2325 2057 2410 intelligere
2107 2327 2312 2413 justi-

782 2446 935 2512 tiam
999 2453 1286 2509 nostram
1356 2442 1543 2508 nobis
1612 2441 1829 2510 inesse
1870 2443 2225 2509 intrinsece
2265 2456 2329 2508 et

782 2573 1258 2646 permanenter,
1280 2580 1407 2625 non
1439 2570 1655 2626 autem
1688 2581 1833 2626 esse
1866 2559 2318 2638 intrinsecam,

781 2690 851 2743 ut
931 2677 1221 2743 haeretici
1281 2676 1549 2751 docent:
1635 2697 1761 2742 non
1830 2698 1988 2763 ergo
2045 2674 2324 2742 intendit

781 2794 1243 2859 inhaerentiam
1280 2792 1344 2857 in
1386 2813 1582 2858 sensu
1616 2792 2095 2878 Philosophieo.

868 2909 959 2974 Ad
1003 2908 1359 2975 secundum
1395 2909 1848 2993 respondetur,
1884 2909 1939 2973 si
1973 2930 2086 2994 per
2117 2911 2321 2974 inltoe·

777 3028 1066 3091 rentiam
1114 3024 1440 3110 intelligas
1493 3024 1795 3090 unionem
1852 3024 2104 3105 formae,
2168 3045 2321 3089 con-

776 3138 1058 3207 notando
1089 3137 1584 3225 dependentiam
1618 3139 1760 3225 eJus
1801 3137 1877 3204 ad
1914 3136 2312 3227 subjectum,

776 3270 1051 3344 negatur
1097 3256 1374 3343 gratiam
1421 3254 1517 3321 sic
1575 3256 1920 3335 inhaerere,
1984 3257 2142 3343 quia
2209 3256 2317 3322 illa

773 3374 1203 3461 dependentia
1288 3371 1639 3438 accidentis
1731 3372 1808 3437 ad
1915 3372 2311 3458 subjectum,

774 3492 1031 3580 quando
1079 3504 1177 3557 est
1225 3490 1524 3555 accidens
1591 3489 1963 3556 absolutum
2023 3491 2313 3578 suppleri

775 3620 985 3692 potest
1041 3628 1074 3671 a
1124 3609 1253 3671 Deo
1321 3606 1459 3672 solo
1517 3604 1862 3692 supplente
1918 3626 2310 3672 concursum

767 3722 1079 3810 subjecti;
1143 3723 1310 3788 sicut
1357 3743 1515 3807 ergo
1568 3732 1776 3807 potest
1828 3742 2135 3807 separare
2185 3722 2312 3788 tale

766 3841 1066 3907 accidens
1097 3859 1131 3905 a
1167 3839 1482 3925 subjecto,
1521 3849 1585 3905 et
1613 3859 1833 3904 creare
1886 3839 2081 3904 etiam
2123 3858 2280 3924 sepa

764 3968 1000 4039 ratum,
1038 3954 1132 4019 sic
1180 3953 1373 4019 etiam
1414 3973 1635 4018 creare
1685 3952 1853 4017 idem
1891 3952 1953 4016 in
1988 3953 2304 4039 subjecte,

761 4070 1164 4138 concreando
1220 4070 1276 4135 ei
1358 4069 1661 4135 unionem
1740 4068 1816 4134 ad
1898 4068 2294 4155 subjectum,

758 4208 909 4276 quae
942 4186 1006 4251 in
1053 4205 1128 4251 eo
1168 4205 1321 4251 casu
1365 4184 1653 4271 exigitur
1683 4183 1760 4249 ad
1801 4186 2306 4251 communican-

761 4302 916 4366 dum
965 4299 1265 4367 effectum
1331 4297 1694 4376 formalem,
1771 4318 1898 4362 non
1948 4297 2026 4363 ad
2085 4298 2303 4364 termi-

757 4416 1041 4483 nandum
1087 4414 1612 4501 dependentiam,
1668 4413 1841 4501 quod
1875 4414 2201 4500 contingit
2235 4414 2300 4478 in

755 4532 1125 4619 proposito;
1181 4552 1310 4597 non
1360 4529 1504 4595 dico
1547 4549 1704 4615 ergo
1767 4529 2046 4615 gratiam
2118 4530 2302 4615 prius

751 4648 1018 4735 produci
1060 4660 1241 4713 extra
1282 4646 1678 4731 subjectum,
1712 4644 1946 4711 deinde
1982 4645 2182 4725 uniri,
2231 4658 2300 4712 ut

749 4765 907 4831 dicit
972 4766 1225 4841 scotus»,
1279 4760 1390 4828 sed
1448 4760 1652 4827 creari
1710 4760 1905 4826 simul
1973 4772 2037 4826 et
2095 4761 2292 4841 uniri,

748 4878 1154 4948 concreando
1201 4876 1412 4943 eidem
1447 4876 1757 4942 unionem
1798 4875 1901 4941 sui
1955 4875 2034 4940 ad
2074 4876 2297 4964 subje-

753 5008 957 5063 ctum.

838 5115 1062 5199 Neque
1122 5108 1272 5176 inde
1311 5109 1590 5175 infertur
1630 5110 1799 5176 hanc
1838 5110 2109 5176 formam
2147 5107 2291 5174 exi-

752 5246 923 5293 stere
980 5247 1095 5312 per
1151 5246 1243 5303 se,
1298 5225 1466 5291 sicut
1525 5224 1754 5291 l’ormae
1795 5223 2284 5305 substantiales,

754 5342 900 5430 quia
953 5341 1122 5429 quod
1163 5341 1260 5407 sic
1298 5342 1558 5419 existat,
1607 5340 1908 5427 provenit
1966 5362 2001 5406 a
2057 5340 2296 5406 virtute

751 5479 969 5525 causae
1056 5458 1284 5544 primae
1359 5456 1638 5523 creantis
1692 5468 1754 5523 et
1822 5455 2292 5541 praevenientis

752 5575 1245 5666 dependentiam
1279 5576 1421 5662 ejus
1459 5576 1537 5643 ad
1588 5576 1939 5661 objectum,
1978 5596 2105 5662 qua
2141 5575 2284 5662 qui-

555 6364 987 6375 anrjxstj
1008 6368 1055 6375 ⁷2
1084 6374 1107 6375 77
1134 6370 1147 6375 ἑ
1182 6364 1215 6371 “ῗ
1244 6370 1285 6375 ,-

1947 410 2086 480 LlB.
2140 416 2240 480 lV.
2284 411 2878 484 SENTENTIARUM

2445 580 2591 647 dem
2635 595 2852 668 posset
2914 583 3126 651 inesse
3181 606 3260 651 ex
3319 582 3653 652 communi
3712 597 3776 652 et
3829 603 3959 674 pro·
4071 627 4092 679 η.

2450 698 2588 784 pria
2621 711 2848 766 natura
2875 700 3254 781 accidentia,
3289 715 3349 769 et
3390 701 3754 788 aptitudine
3784 702 3957 780 inest,
4010 677 4112 735 Ἥ

2450 834 2576 880 non
2638 828 2812 895 actu,
2870 817 3021 904 quia
3071 817 3520 905 aptitudinalis
3558 817 3967 906 dependentia

2446 942 2546 996 est
2585 932 2948 1017 proprietas
3007 934 3360 1000 accidentis
3416 934 3744 1012 absoluti;
3807 948 3970 1000 actu-

2444 1045 2563 1111 alis
2603 1067 2758 1113 vero
2798 1060 2898 1115 est
2936 1050 3079 1137 ejus
3119 1050 3422 1116 accidens
3472 1062 3536 1116 et
3583 1050 3964 1136 separabile;

2443 1163 2653 1247 gratia
2715 1186 2891 1243 vet-0,
2938 1187 3018 1232 ex
3060 1165 3426 1232 rationibus
3467 1166 3855 1253 praemissiS,
3890 1165 3970 1232 di-

2443 1278 2530 1344 cit
2597 1279 3123 1365 aptitudinalem,
3179 1302 3307 1347 non
3365 1281 3685 1348 actualem
3749 1281 3969 1368 depen—

2443 1395 2753 1478 dentiam,
2812 1419 3008 1486 quarn
3076 1398 3291 1466 dicere
3374 1409 3618 1486 posset,
3697 1400 3751 1465 si
3821 1403 3970 1465 Deus

2443 1511 2639 1578 vellet
2678 1513 2773 1580 sic
2811 1534 2952 1579 eam
3007 1514 3385 1600 producere,
3430 1527 3494 1581 et
3533 1514 3658 1581 hoc
3710 1515 3970 1581 libenter

2443 1625 2713 1694 admitto
2754 1627 3177 1697 adversariis.

2535 1743 2714 1808 Unde
2754 1744 2847 1810 sic
2891 1745 3284 1831 interpretor
3342 1746 3660 1811 rationem
3694 1745 3969 1812 Doctoris
3991 1768 4117 1841 Expta

2444 1858 2508 1923 in
2554 1859 2760 1944 prima
2810 1861 3176 1946 quaestione
3235 1862 3459 1949 hujuS,
3515 1861 3779 1949 quando
3837 1861 3972 1927 dicit
4026 1832 4116 1880 Μ’

2443 1974 2614 2060 quod
2654 1975 2955 2042 accidens
2997 1978 3222 2062 nequit
3253 1998 3400 2043 esse
3441 1977 3837 2064 principium
3868 1979 3974 2043 for-

2445 2089 2610 2155 male
2654 2091 3110 2179 creandi‚quia
3150 2093 3474 2179 dependet
3511 2113 3546 2158 a
3591 2094 3886 2180 subjecto
3913 2106 3972 2160 ut

2441 2202 2846 2292 intelligatur
2884 2205 2963 2271 de
2994 2204 3433 2292 aptitudinali,
3485 2216 3548 2273 et
3578 2207 3783 2273 etiarn
3815 2214 3973 2273 actu·

2441 2321 2548 2405 ali,
2608 2334 2925 2409 quantum
2984 2336 3195 2391 estex
3254 2347 3347 2392 se.
3402 2329 3479 2391 Et
3512 2325 3826 2412 quamvis
3858 2325 3973 2391 vir-

2439 2448 2575 2504 tute
2640 2441 2955 2506 creatoris
3013 2460 3140 2506 non
3200 2441 3565 2529 dependeat
3619 2454 3797 2520 actu,
3860 2460 3974 2506 non

2440 2552 2591 2619 inde
2671 2555 2790 2641 ipsi
2877 2556 3090 2623 virtus
3179 2558 3438 2624 creandi
3509 2558 3974 2625 communicari

2439 2680 2672 2754 potest,
2809 2672 2960 2757 quia
3111 2671 3478 2758 aptitudine
3620 2672 3971 2760 dependet,

2439 2805 2648 2872 neque
2715 2797 2928 2872 potest
2991 2787 3260 2855 habere'
3282 2789 3604 2856 actionem
3684 2789 3769 2855 ad
3853 2804 3976 2856 ter-

2438 2903 2685 2969 minum
2747 2903 3106 2969 secundum
3185 2903 3638 2989 perfectiorem
3725 2903 3971 2970 modum

2433 3019 2694 3084 essendi
2727 3018 3018 3098 termini,
3054 3020 3164 3105 qui
3203 3040 3330 3085 non
3361 3020 3676 3105 competit
3710 3020 3771 3086 ei
3807 3034 3971 3086 natu·

2433 3135 2694 3215 1·aliter;
2751 3134 2921 3202 unde
2961 3155 3089 3201 non
3130 3135 3506 3203 admitteret
3547 3140 3789 3204 Doctor
3819 3137 3968 3204 acci·

2434 3252 2593 3318 dens
2644 3264 3014 3339 separatum
3052 3274 3245 3339 posse
3291 3253 3651 3342 producere
3707 3256 3970 3321 formam

2432 3378 2793 3454 separatam
2836 3388 2872 3432 a
2914 3368 3233 3454 subjecto

2521 3484 2592 3568 li)
2649 3484 2954 3559 Qualiter
3013 3497 3230 3551 aulem
3285 3507 3435 3552 cam
3492 3488 3613 3552 ltoc
3650 3490 3963 3565 salvetur,
4072 3529 4112 3577 67

2426 3598 2599 3683 quod
2656 3600 3096 3665 Sacramenta
3140 3602 3270 3666 sine
3308 3623 3510 3667 causa
3537 3604 3810 3689 qralice,
3853 3618 3967 3667 etc.
4010 3595 4123 3703 ωῧζξζ

2427 3716 2576 3779 Haec
2632 3725 2730 3780 est
2785 3716 3069 3782 secunda
3119 3717 3452 3784 conclusio
3519 3720 3723 3806 hujus
3801 3741 3968 3807 quae·
4007 3721 4122 3825 See}

2423 3829 2680 3915 stionis,
2730 3852 2964 3918 nempe
3011 3835 3425 3901 Sacramenta
3470 3855 3596 3901 non
3648 3858 3802 3903 esse
3830 3855 4123 3903 cau-022*<m

2422 3966 2526 4012 sas
2570 3968 2683 4032 per
2722 3946 3047 4025 accidenS,
3102 3949 3215 4015 sed
3250 3970 3397 4016 esse
3434 3971 3671 4018 causas
3732 3973 3850 4038 per
3904 3973 3970 4017 se
4008 3920 4123 4028 αξξ

2419 4062 2675 4148 gratiae,
2730 4074 2801 4128 ut
2850 4063 3074 4129 dicunt
3131 4064 3351 4130 Sancti
3393 4068 3644 4134 Patres,
3710 4069 3810 4133 Ex
3850 4088 3966 4155 qua
4003 4030 4122 4139 ΞΕ

2421 4177 2702 4262 primum
2778 4172 3131 4247 evacuatur
3206 4182 3535 4249 calumnia
3616 4184 3960 4250 moderno-

2414 4312 2584 4371 rum,
2650 4293 2758 4380 qui
2801 4295 3002 4361 citant
3046 4310 3341 4363 nostrum
3387 4301 3754 4377 Doctorem‚
3798 4319 3954 4386 qua-

2415 4406 2468 4472 si
2502 4418 2749 4474 asseret
2778 4410 3193 4476 Sacramenta
3234 4432 3382 4477 esse
3428 4432 3663 4479 causas
3706 4424 3955 4479 tantum

2417 4539 2528 4605 per
2586 4520 2910 4599 accidens,
2958 4543 3236 4608 quorum
3280 4523 3709 4592 fundamento
3779 4525 3962 4607 infra

2413 4636 2980 4720 respondebimuS,
3028 4659 3176 4705 nam
3227 4660 3310 4705 ex
3347 4640 3488 4727 ipsa
3536 4643 3966 4710 conclusione

2411 4748 2491 4816 de
2551 4750 2717 4817 facili
2768 4754 3180 4820 convincitur
3227 4757 3655 4826 contrarium.

2501 4866 2875 4934 Excluditur
2925 4871 3119 4935 etiam
3162 4871 3405 4958 duplex
3455 4873 3688 4940 modus
3738 4874 4126 4961 dicen-Refice

2409 4979 2498 5059 di,
2554 4980 2715 5047 alter
2779 4984 3244 5067 Nominalium,
3332 4989 3444 5074 qui
3510 4987 3742 5056 dicunt
3813 5011 3954 5057 esse
3999 4960 4127 5008 ‘¹⁰⁰¹'

4017 5023 4126 5071 dice&

2405 5117 2636 5165 causas
2686 5119 2798 5184 per
2845 5101 3164 5181 accidens,
3246 5101 3409 5170 alter
3460 5105 3779 5184 Durandi,
3842 5107 3949 5193 qui
3983 5088 4127 5197 ⁰32³ss

2405 5215 2563 5282 dicit
2637 5237 2745 5283 eas
2802 5238 2947 5284 esse
3012 5218 3424 5286 conditiones
3500 5222 3645 5288 sine
3710 5224 3952 5310 quibus
4019 5210 4126 5260 ΟΨ

3973 5273 4127 5326 Alisca

2407 5356 2559 5415 non,
2608 5357 2734 5402 non
2789 5359 2944 5404 vero
3009 5359 3263 5405 causas.
3337 5339 3649 5407 Videatur
3691 5346 3948 5409 Duran-
3992 5332 4126 5385 ΝΜ

2402 5451 2526 5519 dus
2585 5456 2657 5518 in
2714 5457 2778 5517 4.
2842 5453 2910 5519 d.
2979 5461 3037 5519 1.
3102 5476 3163 5540 q.
3228 5460 3293 5522 ὅ.
3353 5456 3612 5524 Gabriel
3676 5470 3815 5525 art.
3888 5465 3947 5525 1.

2400 5578 2607 5643 concl.
2654 5581 2716 5644 Ἴ.
2787 5579 3064 5645 Occham
3144 5602 3204 5667 q.
3285 5586 3343 5647 ¹.
3411 5582 3778 5652 Aliacensis
3821 5584 3945 5651 ibi-
