4255 6375
454 2860 534 2910 Ad
564 2861 619 2912 2.

398 2921 683 2974 Diversitas

410 2985 645 3038 Sacram.

437 3054 541 3099 vet.
580 3053 632 3099 et

390 3125 535 3181 novae
561 3111 665 3177 leg.

512 3190 563 3224 m

401 3236 653 3287 causando

412 3300 653 3365 gratiam.

446 4275 527 4326 Ad
555 4272 601 4325 3.

749 353 862 417 188

737 515 942 589 tiam
1010 519 1495 608 abluentem,
1594 530 1726 601 sed
1794 529 2051 606 abluit
2119 537 2289 608 tan-

735 651 978 724 quam
1007 635 1437 730 dispositio
1470 644 1847 735 proxima
1890 651 1968 720 et
2014 648 2286 722 imme-

731 749 951 823 diata
1030 755 1125 826 ad
1203 758 1585 848 gratiam,
1650 784 1746 835 eo
1818 765 2050 838 modo
2131 787 2285 859 quo

728 868 1029 943 dicitur
1092 876 1298 964 quod
1332 878 1714 953 meritum
1768 881 2068 956 inducit
2110 883 2285 956 bea-

730 985 1183 1074 titudinem,
1254 993 1381 1065 vel
1460 998 1664 1087 quod
1751 999 2031 1082 sectio,
2114 1003 2284 1076 sive

731 1103 895 1176 alia
934 1103 1394 1198 hujusmodi
1437 1117 1936 1205 praeparatio
1981 1118 2285 1197 inducit

734 1221 1197 1296 sanitatem.
1248 1226 1329 1300 si
1372 1229 1584 1302 0111111
1619 1240 2001 1308 causaret
2031 1236 2287 1330 dispo-

733 1335 1114 1410 sitionem
1149 1340 1243 1412 ad
1278 1345 1662 1432 gratiam,
1707 1353 1788 1422 et
1832 1349 1948 1422 sic
1990 1351 2287 1426 dicere-

730 1456 869 1525 tur
935 1455 1286 1540 abluere,
1359 1460 1614 1535 adhuc
1666 1470 1993 1557 oportet
2059 1468 2286 1542 illam

728 1567 1343 1662 dispositionem
1406 1576 1952 1656 immediatius
2022 1584 2285 1657 ablue-

734 1704 843 1766 re,
927 1688 1140 1762 sicut
1200 1699 1587 1783 argutum
1646 1701 1770 1772 est
1839 1719 2116 1792 supra,
2194 1703 2285 1775 de

729 1803 1007 1877 ordine
1038 1825 1475 1881 causarum
1515 1818 1880 1906 respectu
1937 1817 2192 1892 tertii.

812 1919 926 1991 Ad
983 1924 1417 1998 seeundum
1474 1927 1676 2010 (1100,
1762 1931 1967 2021 quod
2037 1935 2286 2024 Magi·

728 2040 901 2110 ster
942 2036 1023 2110 in
1064 2037 1526 2115 definitione
1563 2047 2097 2132 sacramenti,
2143 2069 2287 2142 per

728 2151 878 2226 hoc
931 2155 1134 2247 quod
1178 2157 1415 2242 addit,
1451 2174 1512 2228 ει
1558 2186 1758 2231 causa
1789 2167 2041 2247 existit,
2079 2165 2281 2239 nihil

727 2271 945 2344 aliud
1007 2271 1419 2367 intelligit,
1492 2278 1649 2351 nisi
1720 2283 1924 2372 quod
1983 2289 2109 2359 est
2176 2286 2282 2358 si-

726 2406 975 2478 gnum
1058 2386 1373 2476 efficax,
1448 2416 1591 2487 per
1660 2399 1862 2490 quod
1942 2398 2283 2477 intendit

729 2508 935 2596 quod
976 2507 1084 2581 sit
1127 2511 1581 2601 practioum
1643 2518 1960 2590 certum
2018 2524 2098 2592 et
2149 2541 2281 2592 ve-

733 2642 943 2704 rum,
1017 2628 1098 2698 et
1169 2627 1560 2718 praevium
1630 2634 2126 2708 naturaiiter
2184 2637 2279 2708 ad

730 2759 966 2810 suum
1012 2740 1449 2833 signatum.

818 2858 972 2929 Per
1013 2858 1219 2930 idem
1266 2860 1440 2934 (1100
1489 2863 1583 2935 ad
1626 2865 1816 2939 illud
1859 2868 1949 2940 de
1993 2870 2277 2946 distin-

725 2971 994 3045 ctione
1037 2977 1756 3051 sacramentorum
1801 3004 2028 3057 novae
2074 2988 2274 3080 legis

721 3090 800 3158 et
840 3089 1186 3170 veteris;
1222 3110 1381 3162 non
1414 3092 1629 3165 enim
1661 3096 2276 3191 distinguuntur

723 3222 868 3294 per
919 3204 1138 3290 illud,
1186 3209 1390 3298 quod
1439 3213 1713 3285 neutri
1766 3214 2099 3290 illorum
2144 3241 2275 3311 po-

724 3324 884 3395 test
917 3324 1380 3407 convenire,
1419 3327 1727 3402 scilicet
1772 3334 2036 3408 active
2087 3358 2273 3430 age-

718 3457 809 3510 re
841 3439 937 3510 ad
985 3438 1289 3531 aliquid
1331 3444 1760 3536 spirituale
1812 3449 1890 3521 in
1952 3454 2265 3538 anima;

716 3556 850 3628 sed
893 3555 1055 3631 ista
1116 3578 1344 3633 novae
1405 3562 1609 3654 legis
1671 3567 2026 3657 gratiam
2089 3593 2272 3646 cau-

715 3677 922 3757 sant,
970 3678 1358 3767 tanquam
1401 3679 1719 3772 signum
1760 3685 2072 3771 efficax,
2127 3690 2271 3763 illa

712 3794 991 3864 autem
1031 3795 1338 3868 veteris
1383 3798 1584 3889 legis
1634 3821 1820 3883 non,
1873 3803 2266 3898 loquendo

710 3906 803 3980 de
846 3911 1424 3998 sacramentis,
1462 3914 1535 3987 id
1568 3920 1715 4000 est,
1761 3920 1851 3992 de
1892 3943 2269 3998 caeremo-

713 4024 872 4096 niis
916 4024 1137 4099 illius
1179 4028 1408 4121 legis.
1462 4033 1576 4104 De
1628 4032 1776 4108 hoc
1835 4040 2143 4129 patebit
2186 4043 2264 4115 in

715 4142 1082 4232 sequenti
1117 4144 1596 4234 quaestione.

804 4257 918 4330 Ad
995 4257 1210 4331 aliud
1285 4260 1490 4344 (1100,
1571 4266 1775 4356 quod
1860 4267 1928 4340 si
2007 4272 2262 4346 motio

713 4395 967 4450 serrae
1000 4381 1215 4451 esset
1265 4377 1695 4471 dispositio
1745 4384 2124 4475 proxima
2166 4392 2262 4464 ad

711 4493 1259 4567 inductionem
1353 4494 1692 4588 alicujus
1785 4499 2099 4589 formae,
2181 4514 2261 4582 et

708 4630 870 4685 non
918 4631 1018 4682 ex
1073 4616 1373 4684 natura
1432 4612 1779 4710 alicujus
1843 4620 2254 4708 1001101115,

706 4728 841 4801 5οἀ
893 4749 993 4800 ex
1041 4728 1576 4822 dispositione
1621 4734 1969 4830 alicujus
2020 4758 2258 4831 agen-

705 4847 813 4920 tis
874 4846 1119 4920 simul
1179 4853 1728 4942 cooperantis,
1797 4862 2073 4947 posset
2135 4880 2256 4933 ra-

704 4961 1214 5037 tionabiliter
1282 4962 1444 5055 peti
1532 4965 1629 5037 ab
1706 4967 1846 5040 illo
1934 4979 2250 5063 agente,

703 5080 908 5171 quod
944 5079 1088 5150 illa
1133 5080 1388 5154 motio
1439 5068 1870 5175 perficeret
1921 5086 1995 5159 id
2047 5091 2255 5181 quod

698 5196 1089 5280 0011111101,
1135 5196 1284 5270 hoc
1326 5204 1451 5272 est
1494 5199 1738 5284 dictu,
1795 5205 2000 5295 quod
2043 5206 2256 5282 sicut

698 5313 1065 5388 continet
1135 5314 1327 5387 illud
1390 5320 1773 5411 tanquam
1823 5321 2254 5416 dispositio

711 5430 1038 5524 praevia,
1131 5432 1246 5506 sic
1341 5434 1708 5527 perficiat
1794 5438 2011 5525 illud,
2102 5443 2256 5517 hoc

703 5549 854 5630 051,
900 5546 995 5619 ad
1040 5546 1302 5642 ipsam
1354 5549 1815 5629 immediate
1866 5561 2258 5649 sequatur

1981 368 2117 435 ΜΒ.
2154 373 2251 435 lv.
2281 374 2876 444 SENTEN'rlARuM

2399 534 2627 610 illud.
2683 540 2854 614 Hoc
2908 544 3140 616 modo
3181 547 3306 617 est
3356 544 3438 618 111
3489 547 3932 639 proposito

2486 655 2599 728 Ad
2634 655 2774 728 illa
2806 678 2981 749 quae
3022 661 3522 736 adducuntur
3563 662 3646 735 in
3683 664 3936 757 prima

2400 775 2802 869 opinione,
2879 783 3099 871 patet
3166 802 3265 853 ex
3337 781 3520 856 istis
3580 808 3598 853 :
3667 787 3938 856 sacra·

4043 718 4093 765 13,

4047 784 4097 827 Aa

4000 845 4134 890 1⁵2th

2402 897 2758 968 mentum
2804 896 3018 969 enim
3053 917 3214 970 non
3247 903 3374 973 est
3404 903 3724 974 tantum
3765 921 3939 972 cau·
3965 899 4154 973 ΨΜ

2400 1034 2491 1086 sa
2561 1035 2705 1107 per
2779 1017 3171 1100 accidens,
3260 1019 3468 1092 sicut
3555 1041 3700 1093 nec
3777 1020 3938 1112 ipse

2402 1135 2737 1223 poneret
2772 1136 3153 1205 ornatum
3211 1136 3340 1208 vel
3388 1136 3942 1211 characterem

2398 1267 2576 1319 esse
2610 1267 2942 1320 causam
2989 1271 3132 1343 per
3164 1252 3533 1325 accidens
3580 1260 3942 1347 respectu

2403 1362 2720 1453 gratiae,
2812 1364 2978 1438 imo
3049 1367 3260 1442 sicut
3339 1375 3680 1461 poneret
3757 1370 3940 1443 illud

2397 1483 2824 1554 causatum
2867 1501 2913 1554 a
2965 1486 3492 1557 sacramento
3560 1506 3742 1558 esse
3812 1506 3945 1578 per

2401 1616 2485 1667 se
2551 1596 3166 1689 dispositionem
3221 1600 3317 1671 ad
3377 1600 3764 1691 gratiam,
3839 1602 3942 1676 ita

2396 1711 2597 1796 dico,
2640 1714 2846 1805 quod
2891 1718 3538 1801 Sacramentum,
3594 1719 3720 1790 vel
3775 1720 3942 1812 ejus

2400 1830 2842 1923 susceptio,
2902 1837 3027 1907 est
3084 1832 3513 1925 dispositio
3573 1835 3942 1927 proxima

2399 1946 2492 2016 ad
2526 1945 2910 2036 gratiam.
2957 1950 3056 2018 Et
3102 1968 3246 2040 per
3277 1947 3428 2022 hoc
3478 1956 3718 2043 patet,
3764 1973 3943 2044 quo·

2399 2063 2633 2135 modo
2698 2064 3032 2154 ponitur
3095 2065 3174 2137 in
3232 2065 3693 2142 definitione
3742 2071 3938 2164 ejus,

2398 2181 2476 2252 et
2530 2182 2927 2272 quomodo
2963 2183 3317 2274 pertinet
3351 2186 3444 2257 ad
3478 2191 3741 2259 artem
3780 2192 3941 2261 tra-

2394 2297 2793 2370 ctantium
2836 2298 2926 2371 de
2969 2301 3552 2376 sacramentis,
3607 2303 3686 2377 Si
3722 2305 3937 2376 enim

2394 2415 2688 2508 aliquis
2775 2417 3334 2492 consideraret
3434 2420 3932 2505 incisionem,

2390 2534 2516 2605 vel
2568 2533 2869 2626 aliquid
2914 2533 3404 2627 hujusmodi,
3462 2539 3935 2631 inquantum

2394 2653 2823 2725 ordinatur
2859 2654 2953 2726 ad
2988 2653 3425 2728 sanitatem
3476 2655 3931 2742 humanam,

2387 2771 2780 2856 definiret,
2821 2771 3079 2863 ipsam
3124 2775 3201 2844 et
3252 2772 3802 2847 differentiam
3826 2796 3937 2848 as·

2389 2887 2754 2979 signaret
2798 2907 2942 2980 per
2983 2888 3246 2978 ipsum
3293 2888 3682 2972 ordinem,
3754 2892 3936 2965 licet

2388 3003 2559 3097 ipse
2612 3005 2806 3077 ordo
2860 3004 3261 3077 accideret
3315 3010 3633 3080 naturae
3687 3010 3806 3082 rei
3860 3009 3928 3080 in

2389 3143 2504 3193 se.
2569 3122 2740 3194 Hoc
2787 3121 3018 3194 modo
3076 3121 3350 3196 sancti
3394 3127 3476 3196 et
3508 3124 3927 3207 Doctores,

2385 3256 2547 3308 11011
2590 3240 2972 3310 curantes
3032 3237 3123 3309 de
3190 3237 3679 3329 Baptismali
3722 3239 3934 3311 ablu-

2383 3352 2630 3434 tione,
2670 3358 3060 3445 quantum
3111 3355 3205 3426 ad
3254 3357 3639 3428 naturam
3692 3354 3774 3426 in
3825 3376 3926 3434 se,

2383 3491 2543 3542 non
2579 3472 2840 3563 magis
2894 3491 3132 3563 quam
3182 3472 3273 3544 de
3313 3476 3616 3545 natura
3672 3472 3930 3544 balne-

2383 3587 2683 3661 ationis
2742 3588 3321 3679 cujuscumque
3393 3609 3541 3681 per
3594 3611 3702 3673 se,
3754 3610 3925 3663 con-

2381 3709 2742 3784 siderant
2784 3708 2976 3782 illud
3039 3709 3513 3800 inquantum
3555 3730 3654 3781 ex
3704 3710 3920 3782 insti·

2379 3822 2698 3896 tutione
2753 3822 3021 3894 divina
3088 3820 3322 3895 habet
3404 3822 3769 3896 ordinem
3834 3824 3921 3895 ad

2380 3937 2764 4030 gratiam,
2828 3941 2907 4011 et
2972 3938 3144 4011 ideo
3224 3938 3339 4011 sic
3391 3938 3804 4021 definiunt,
3846 3943 3920 4011 et

2376 4049 2883 4126 differentias
2926 4053 3373 4145 assignant.

2466 4170 2578 4242 Ad
2621 4168 2980 4262 primum
3028 4172 3602 4261 argumentum
3647 4188 3917 4242 secun-

2376 4402 2518 4476 illa
2601 4407 2726 4474 est
2802 4397 3167 4474 efficacia
3254 4401 3464 4492 signi
3548 4406 3912 4494 respectu

2374 4518 2702 4609 signati,
2759 4538 2930 4610 quae
2979 4515 3344 4590 efficacia
3382 4536 3545 4588 non
3592 4521 3720 4591 est
3766 4516 3916 4589 for·

2373 4652 2505 4704 ma
2568 4631 2839 4714 realis,
2907 4631 3259 4704 maxime
3319 4630 3720 4714 absoluta,
3792 4630 3915 4702 sed

2371 4754 2494 4823 est
2542 4749 2856 4822 veritas
2929 4749 3140 4840 signi
3192 4747 3670 4823 virtualiter
3718 4768 3910 4841 prae·

2369 4864 2721 4940 cedentis
2775 4864 3211 4956 signatum.

2456 4982 2569 5054 Ad
2605 4981 3064 5063 secundum,
3102 4980 3168 5053 si
3204 4981 3514 5054 sanitas
3547 5001 3709 5054 non
3744 5004 3911 5076 pos·

2370 5103 2492 5171 set
2524 5098 2684 5170 nisi
2727 5097 2823 5170 ab
2864 5101 3155 5188 agente
3186 5097 3658 5170 voluntario
3704 5098 3907 5171 indu-

2367 5215 2466 5297 ci,
2507 5218 2589 5288 et
2630 5215 2727 5288 ab
2768 5215 2944 5308 ipso
2980 5202 3557 5288 institueretur
3596 5215 3907 5308 aliquod

2370 5332 2715 5425 signum,
2811 5329 3015 5422 quod
3091 5336 3306 5405 esset
3383 5329 3699 5413 efficax,
3779 5352 3908 5404 seu

2365 5447 2793 5541 dispositio
2880 5446 3380 5520 necessitans
3480 5448 3748 5541 ipsum
3821 5447 3908 5519 ad

2368 5562 2897 5639 inducendum
2976 5562 3437 5649 sanitatem,
3543 5561 3738 5638 illud
3812 5562 3910 5635 si-

3963 967 4160 1026 poeihsal.

4034 4176 4090 4226 19.

2373 4288 2489 4360 dae
2545 4284 3046 4378 quaestionis,
3110 4289 3332 4378 patet
3390 4287 3596 4377 quod
3652 4285 3913 4359 virtus
3940 4234 4153 4373 infit

4003 5015 4063 5071 Ad
4081 5013 4115 5061 Ξ.
