4255 6375
130 1163 261 1209 ‘orma

135 1223 266 1272 valida
276 1261 290 1274 .

133 1539 293 1592 naenatn

138 1602 227 1633 twa
233 1594 297 1635 tio

133 1650 314 1712 nititur.

157 2559 217 2611 10.

116 4763 308 4823 Quamdiu

154 4829 279 4902 viguit

159 4896 264 4944 trina

116 4957 317 5012 mvnersio.

1420 418 1616 480 DtsT.
1670 418 1770 479 111.
1799 415 2162 492 QUAESTlO
2208 413 2303 478 111.

353 578 497 647 sius
547 602 765 668 supra,
832 582 1106 671 requirit
1143 583 1473 650 Christum
1524 581 1894 649 subsisten-

3420 406 3538 471 325

2004 579 2176 646 rium
2234 581 2569 666 Magnum,
2618 598 2766 666 quae
2823 571 3226 644 consuetudo
3278 582 3434 639 tunc
3482 569 3550 636 in

353 708 512 776 tem,
571 697 776 763 forma
835 711 1052 765 autem
1123 698 1436 787 Baptismi
1505 696 1714 785 exigit
1786 716 1898 773 ex·
1998 695 2331 782 aliquibus
2371 694 2680 762 Ecclesiis
2720 707 2817 761 est
2856 694 3166 791 abrogata
3209 687 3284 755 ad
3329 706 3553 774 repro-

351 812 757 897 pressionem
863 835 1081 881 causae
1169 814 1572 902 principaliS,
1655 824 1724 880 ut
1812 811 1899 880 sit

352 927 572 995 valida
610 950 692 996 ex
734 930 1134 1012 Florentino,
1176 942 1240 998 et
1296 941 1603 997 connotat
1652 929 1896 1018 princi-

351 1042 562 1130 pium,
606 1066 641 1110 a
674 1066 802 1133 quo
830 1060 930 1114 est
967 1047 1433 1126 sanctiticati03
1488 1046 1660 1113 unde
1700 1046 1755 1111 si
1799 1044 1898 1110 di-

349 1173 542 1227 catur
592 1185 607 1229 1
664 1164 946 1251 Baptizo
997 1175 1057 1230 te
1101 1166 1176 1231 in
1232 1166 1601 1231 aeternitate
1668 1164 1899 1229 Patris

351 1285 411 1339 et
479 1275 655 1341 Filii
719 1288 780 1342 et
848 1278 1145 1363 Spiritus
1206 1278 1442 1356 sancti,
1518 1297 1646 1343 non
1721 1287 1897 1343 esset

351 1390 649 1479 legitima
719 1392 949 1472 forma,
1031 1393 1184 1482 quia
1250 1413 1378 1460 non
1465 1414 1898 1482 quaecumque

353 1508 686 1575 invocatio
715 1531 1030 1597 expressa
1069 1513 1266 1578 trium
1302 1532 1728 1598 personarum
1760 1512 1898 1579 exi-

349 1626 558 1712 gitur,
612 1638 668 1693 et
718 1624 960 1695 suflicit
1026 1629 1105 1695 ad
1172 1631 1708 1705 Sacramentum:
1783 1628 1897 1694 sed

351 1740 485 1821 illa,
524 1763 651 1830 qua
701 1744 1094 1812 denotantur
1123 1765 1265 1811 esse
1293 1764 1485 1811 causa
1520 1743 1898 1830 principalis

349 1854 916 1938 sanctificationis»,
971 1870 1043 1925 ut
1081 1859 1392 1946 supponit
1449 1859 1896 1927 Florentinum

351 1970 415 2034 in
463 1971 724 2039 ratione
771 1974 1103 2061 praedicta,
1160 1996 1286 2063 qua
1329 1975 1616 2042 declarat
1658 1998 1774 2064 per
1827 1996 1898 2042 se

348 2087 714 2172 spectantia
772 2089 849 2156 ad
903 2090 1179 2158 formam
1233 2091 1772 2174 substantialiter,
1830 2105 1899 2161 ut

351 2203 521 2270 bene
558 2206 850 2292 Vasquez
889 2205 1140 2292 colligit
1181 2206 1356 2294 disp.
1425 2210 1572 2274 140.
1635 2229 1782 2295 cap.
1829 2214 1893 2278 4.

352 2319 476 2386 sub
547 2318 769 2401 finem,
829 2323 954 2388 hoc
1019 2342 1147 2388 non
1215 2322 1480 2389 denotat
1537 2325 1893 2405 aeternitaS,

356 2456 572 2524 neque
605 2438 1012 2505 immensitas
1042 2439 1239 2506 trium
1273 2461 1726 2526 personarum.

441 2554 540 2620 Ad
600 2554 1004 2643 propositum
1072 2576 1230 2641 ergo
1281 2556 1665 2644 applicando
1734 2580 1900 2644 prae-

351 2669 593 2736 dictam
660 2671 1049 2753 doctrinam,
1097 2673 1239 2739 haec
1298 2673 1502 2740 forma
1546 2699 1561 2742 ε
1617 2677 1899 2762 Baptizo

353 2796 413 2850 te
464 2787 539 2852 in
590 2799 866 2852 mortem
946 2788 1222 2869 Christi,
1295 2788 1398 2855 vel
1441 2792 1516 2856 in
1559 2791 1898 2857 Christum

350 2914 683 2969 mortuum
745 2905 1249 2992 reduplicative,
1324 2926 1473 2993 quae
1537 2918 1636 2973 est
1691 2909 1899 2995 aequi-

351 3018 606 3098 valens,
656 3040 783 3085 non
825 3019 1089 3087 denotat
1124 3041 1388 3088 causam
1430 3023 1896 3091 subsistentem

350 3146 413 3202 et
445 3135 900 3226 principalem,
954 3136 1098 3204 sive
1130 3137 1563 3221 meritoriam,
1609 3162 1758 3229 quae
1800 3153 1900 3210 est

350 3252 654 3319 Christus
711 3253 1080 3320 subsistens
1135 3267 1199 3320 et
1265 3253 1619 3323 instituens
1673 3260 1899 3325 Sacra-

356 3381 673 3448 mentum,
771 3366 912 3434 sive
998 3369 1426 3458 principalem
1522 3373 1891 3459 physicam,

356 3504 503 3571 quae
545 3496 642 3550 est
693 3484 1000 3563 TrinitaS,
1054 3499 1124 3552 ut
1170 3486 1559 3573 importatur
1609 3510 1725 3577 per
1785 3513 1895 3558 no-

359 3623 506 3668 men
553 3602 808 3668 Christi
858 3602 1049 3669 modo
1105 3602 1449 3688 explicatu,
1514 3626 1588 3673 ac
1626 3608 1900 3693 proinde

357 3718 566 3786 defuit
622 3717 1235 3807 sufficiensjformffi
1281 3742 1396 3807 per
1452 3743 1646 3810 quam
1687 3725 1897 3791 deter-

358 3835 720 3901 minaretur
749 3834 858 3901 illa
887 3835 1154 3917 ablutio,
1212 3849 1282 3905 ut
1324 3838 1505 3906 fieret
1535 3840 1894 3927 baptisma-

357 3951 456 4018 lis.
1533 4042 1543 4051 .

442 4071 634 4136 Hunc
657 4069 959 4137 eumdem
986 4057 1276 4139 errorem
1310 4093 1459 4140 esse
1488 4095 1664 4157 eum,
1701 4096 1896 4164 quem

352 4183 659 4252 damnant
703 4186 1022 4274 Apostoli,
1077 4201 1330 4255 constat
1378 4211 1458 4256 ex
1498 4202 1725 4258 tenore
1784 4197 1896 4260 Ca-

357 4300 573 4383 nonis,
615 4321 810 4387 quem
864 4303 1225 4371 Eunomius
1257 4315 1481 4390 postea
1515 4309 1896 4394 assumpsit,

359 4429 587 4504 estque
651 4429 940 4486 secutuS.
1031 4419 1195 4487 Hinc
1253 4422 1550 4508 sequitur
1596 4424 1717 4491 hos
1773 4427 1894 4492 Ca-

364 4553 564 4601 nones
652 4555 781 4601 non
867 4535 1294 4623 praejudicare
1367 4538 1655 4623 opinioni
1720 4559 1899 4606 com-

365 4653 569 4732 muni,
615 4673 808 4740 quam
868 4674 1067 4740 supra
1114 4653 1553 4722 defendimus.
1592 4657 1901 4745 Sequitur

367 4769 634 4855 perinde
677 4792 756 4837 ex
807 4771 1138 4859 praedictis
1184 4793 1314 4838 non
1381 4774 1605 4840 haberi
1661 4775 1896 4843 trinam

370 4884 851 4954 immersionem
938 4901 1232 4974 spectare
1297 4890 1372 4955 ad
1442 4891 1897 4961 necessitatem

368 5002 783 5081 Sacramenti,
856 5003 969 5069 sed
1031 5002 1237 5070 fuisse
1294 5003 1726 5072 introductam
1789 5029 1903 5095 per

369 5118 624 5185 modum
668 5119 858 5200 ritus,
896 5119 962 5184 in
1006 5140 1134 5207 quo
1181 5120 1393 5208 magis
1442 5122 1741 5208 explicite
1793 5123 1901 5190 de-

365 5231 711 5301 clararetur
761 5234 1150 5323 mysterium
1184 5236 1545 5316 TrinitatiS,
1584 5238 1686 5304 vel
1727 5251 1902 5307 certe

368 5348 714 5418 similitudo
755 5352 1192 5438 Baptismatis‚
1249 5351 1326 5418 ad
1370 5352 1737 5420 triduanam
1800 5378 1899 5423 se·

371 5466 685 5550 pulturam
751 5467 1034 5547 Christi3
1096 5480 1160 5535 et
1214 5469 1429 5556 viguit
1488 5468 1553 5535 in
1613 5471 1899 5539 Ecclesia

368 5581 664 5652 Orientali
707 5598 769 5652 et
805 5584 1224 5666 occidentali,
1276 5607 1486 5674 usque
1534 5585 1611 5652 ad
1654 5590 1897 5676 Grego-

1952 875 1966 891 ‚
2001 810 2329 877 bationem
2371 812 2638 889 erroriS‚
2676 810 2789 898 qui
2822 830 2937 896 per
2975 828 3116 874 eam
3149 827 3185 873 a
3225 803 3553 872 schisma-

2003 927 2151 993 ticis
2182 938 2245 993 et
2272 926 2599 993 haereticis
2660 926 3019 993 intentatus
3064 932 3186 1004 est,
3230 932 3426 1008 atque
3468 939 3551 985 ex

2002 1043 2149 1109 aliis
2198 1042 2670 1130 congruentiis.
2706 1045 2973 1109 Factum
3025 1039 3341 1126 approbat
3382 1039 3548 1105 Pon·

2005 1167 2159 1234 tifex
2192 1188 2387 1256 quem
2426 1167 2723 1255 sequitur
2761 1165 3149 1232 Toletanum
3182 1164 3287 1229 IV.
3335 1180 3549 1247 neque
3576 1158 3746 1210 '1⁸0¹02·
3790 1156 3892 1212 1V·

2007 1286 2181 1351 enim
2224 1297 2501 1354 constat.

2096 1400 2222 1466 Sed
2288 1400 2551 1467 traditio
2625 1397 3020 1487 Apostolica,
3079 1398 3250 1464 sicut
3305 1395 3370 1460 in
3414 1393 3548 1460 illis

2009 1517 2383 1584 Canonibus
2422 1526 2712 1603 apparet,
2752 1514 2995 1603 passim
3029 1507 3546 1600 comprehendit,

2011 1653 2139 1698 non
2198 1630 2408 1699 solum
2444 1652 2592 1719 quae
2632 1652 2665 1696 a
2706 1630 2964 1696 Christo
3029 1627 3326 1694 ordinata
3371 1636 3549 1705 sunt,

2009 1761 2318 1836 tanquam
2361 1746 2752 1826 necessaria,
2797 1744 2909 1811 sed
2980 1764 3130 1831 quae
3189 1740 3313 1830 ipsi
3375 1744 3553 1828 Apo-

2008 1867 2156 1933 stoli
2216 1887 2331 1954 per
2378 1863 2821 1933 assistentiam
2863 1862 3149 1949 Spiritus
3198 1859 3405 1928 sancti
3451 1879 3554 1925 or-

2007 1982 2320 2048 dinarunt
2396 1978 2828 2058 observanda,
2893 1989 3206 2064 tanquam
3275 1972 3551 2061 tempori

2007 2118 2299 2185 congrua
2373 2111 2436 2164 et
2477 2097 2676 2163 statui
2738 2094 3052 2174 fidelium,
3117 2111 3398 2181 quarum
3438 2089 3552 2155 ali-

2005 2236 2133 2302 qua
2173 2213 2539 2280 differentia
2568 2234 2759 2279 casus
2789 2224 2855 2278 et
2902 2208 3546 2278 circumstantiarum

2008 2330 2366 2398 omittenda
2398 2330 2725 2417 exigebat.
2762 2328 2902 2395 Alia
2934 2347 3092 2394 vero
3123 2337 3372 2392 retenta
3404 2336 3560 2391 sunt

2010 2468 2159 2536 quae
2207 2445 2383 2513 omni
2443 2445 2720 2532 tempori
2761 2444 3165 2524 deserviunt,
3242 2462 3390 2508 nam
3449 2460 3555 2507 ea-

2011 2563 2158 2630 dem
2231 2573 2519 2650 potestas
2584 2560 2662 2626 ad
2719 2579 3140 2627 successores
3216 2557 3551 2638 transivit,

2015 2691 2083 2745 ut
2141 2678 2393 2766 possint
2430 2676 2624 2743 etiam
2676 2675 2846 2743 circa
2895 2678 3339 2754 Sacramenta,
3377 2674 3556 2740 salva

2011 2816 2238 2862 eorum
2278 2793 2666 2872 substantia,
2719 2815 2792 2859 ea
2843 2792 3172 2871 ordinare,
3222 2812 3370 2879 quae
3431 2790 3553 2856 uti-

2013 2909 2175 2976 litati
2218 2908 2507 2975 fidelium
2548 2919 2612 2973 et
2653 2909 2942 2995 ipsorum
2985 2910 3550 2973 Sacramentorum
3629 2932 3867 2991 Trident.

2011 3027 2400 3095 reverentiae
2450 3026 2710 3104 cedunt,
2758 3036 2828 3092 ut
2883 3035 3056 3091 recte
3094 3022 3552 3089 Tridentinum

2007 3165 2163 3211 sess.
2230 3147 2335 3216 21.
2394 3165 2539 3231 cap.
2613 3146 2677 3210 2.
2741 3140 3153 3210 determinat.
3210 3138 3349 3206 Alia
3405 3160 3553 3228 quoe

2007 3262 2084 3329 ad
2130 3264 2295 3328 hanc
2336 3260 2672 3328 materiam
2715 3258 3067 3325 ablutionis
3098 3268 3418 3344 spectant,
3460 3258 3554 3323 in·

2010 3377 2104 3443 fra
2168 3376 2619 3444 tractabuntur
2657 3396 2739 3441 ex
2787 3374 3127 3441 occasione
3162 3372 3227 3438 in
3276 3393 3553 3461 sequen-

2010 3495 2187 3562 tibus
3531 3492 3537 3499 “

2099 3611 2185 3699 (c)
2218 3613 2304 3677 Et
2341 3614 2539 3698 hujus
2563 3609 2869 3697 probatio
2915 3629 3051 3675 non
3090 3618 3182 3673 est
3220 3609 3382 3688 alia,
3420 3607 3544 3675 etc.

2009 3730 2218 3814 Supra
2266 3729 2422 3794 dist.
2464 3732 2524 3793 l.
2561 3736 2787 3814 quoest.
2823 3729 2887 3791 2.
2932 3736 3065 3792 art.
3134 3727 3197 3791 2.
3245 3725 3550 3812 probavi-

2011 3864 2159 3910 mus
2244 3846 2662 3911 Sacramenta
2741 3841 2980 3907 debere
3056 3839 3550 3907 similitudinem

2009 3980 2233 4025 earum
2270 3979 2488 4025 rerum
2530 3958 2793 4034 habere,
2832 3977 3109 4045 quarum
3143 3967 3299 4023 sunt
3328 3959 3551 4022 Sacra-

2012 4086 2249 4153 menta,
2304 4074 2471 4141 sicut
2509 4093 2770 4141 causam
2816 4071 3268 4138 instructionis
3311 4092 3391 4139 ex
3442 4091 3553 4137 ea-

2009 4188 2156 4254 dem
2234 4187 2686 4263 similitudine,
2778 4186 3139 4254 secundum
3226 4184 3554 4271 proporti-

2008 4327 2201 4373 onem
2244 4307 2675 4394 desumptam,
2731 4326 2879 4392 quae
2926 4304 3091 4370 ratio
3149 4303 3271 4369 tuit
3321 4314 3392 4368 ut
3439 4304 3550 4367 Sa-

2009 4434 2340 4489 cramenta
2385 4422 2449 4487 in
2516 4420 2711 4488 rebus
2752 4433 2816 4488 et
2863 4420 3084 4487 verbis
3132 4419 3549 4487 institueren-

2012 4551 2118 4605 tur
2177 4559 2257 4604 ex
2316 4538 2654 4625 Dionysio,
2718 4539 3211 4624 chrysostomo,
3285 4549 3349 4604 et
3403 4535 3549 4604 aliis

2010 4655 2249 4721 citatis,
2330 4656 2493 4721 Hinc
2549 4659 2798 4722 ·Doctor
2881 4676 2963 4721 ex
3041 4655 3548 4741 proprietatibus

2013 4794 2202 4859 aquae
2280 4772 2595 4839 naturalis
2672 4771 2956 4838 declarat
3022 4771 3543 4857 congruentiam,

2012 4890 2186 4956 unde
2229 4892 2716 4955 Sacramentum
2771 4888 3080 4974 Baptismi
3132 4888 3196 4953 in
3250 4907 3440 4974 aqua,
3488 4900 3551 4954 et

2015 5024 2144 5070 non
2178 5004 2241 5069 in
2274 5003 2401 5070 alia
2457 5001 2687 5090 quavis
2739 5002 3006 5069 materia
3053 5002 3250 5069 fuerit
3289 5001 3552 5067 institu-

2013 5131 2175 5186 tum.
2232 5117 2506 5184 Easdem
2572 5118 3037 5205 congruentias
3106 5116 3301 5182 tradit
3360 5116 3549 5182 Alen-

2014 5237 2106 5304 sis
2148 5241 2211 5303 4.
2260 5247 2441 5321 part.
2487 5245 2712 5322 quoest.
2760 5239 2825 5300 8.
2876 5256 2963 5300 m.
3002 5234 3071 5301 3.
3135 5245 3265 5301 art.
3304 5235 3366 5300 2.
3416 5237 3544 5319 gl.

3705 3614 3782 3666 11.

3656 5255 3832 5305 Alana.

3641 5358 3652 5370 .
3702 5318 3891 5372 Thom.

2015 5358 2085 5420 D.
2123 5355 2406 5419 Thomas
2436 5352 2510 5417 in
2531 5355 2593 5417 4.
2624 5351 2778 5417 dist.
2818 5355 2885 5417 3.
2917 5361 3118 5436 quaest
3181 5353 3243 5416 3.
3272 5356 3334 5417 3.
3362 5364 3541 5438 part.
3579 5383 3642 5434 D.
3691 5383 3893 5438 Bonav.

2012 5483 2238 5559 quoest.
2275 5474 2392 5539 66.
2461 5480 2592 5535 art.
2658 5472 2727 5534 3.
2792 5471 2871 5533 D.
2944 5471 3394 5534 Bonaventura
3436 5491 3548 5535 ea-

2010 5587 2160 5653 dem
2217 5588 2371 5653 dist.
2417 5586 2480 5652 3.
2541 5596 2720 5674 part.
2767 5589 2829 5651 2.
2901 5595 3032 5652 art.
3083 5589 3143 5651 ί.
3187 5596 3413 5674 quaest.
3489 5587 3542 5654 ί.

3660 5447 3826 5511 Engo,
