4255 6375
892 419 1010 482 562

886 609 1134 671 tionem
1177 609 1627 688 generationis
1671 610 1970 683 carnalis,
2024 627 2154 688 qua
2196 627 2434 689 pecca·

885 731 988 787 tor
1035 728 1323 788 nascitur
1381 743 1461 787 ex
1507 726 1781 801 Adamo,
1843 727 2240 789 describitur
2294 728 2438 806 ejus

881 845 1302 920 regeneratio
1359 845 1425 904 in
1482 842 1730 905 Christo
1781 860 1902 921 per
1948 861 2221 923 aquam;
2258 844 2438 906 unde

881 958 1119 1019 Paulus
1184 975 1455 1021 servans
1527 959 1831 1022 eamdem
1877 963 2355 1039 proprietatem
2425 979 2440 1020 :

881 1080 1020 1139 Non
1038 1079 1245 1153 prius,
1278 1077 1513 1155 inquit,
1569 1081 1741 1155 quod
1784 1079 2130 1156 spirituale
2182 1087 2287 1153 est,
2334 1082 2446 1141 sed

882 1195 1058 1270 quod
1082 1194 1372 1255 animale
1402 1201 1515 1256 est.

681 1365 733 1414 2.
967 1328 1277 1406 Congrue
1309 1345 1467 1406 ergo
1500 1330 1668 1389 sicut
1695 1329 1761 1390 in
1793 1331 2041 1392 caeteris
2072 1329 2443 1407 Baptismus

540 1427 864 1542 ,sseffissffigss‘
890 1443 1220 1504 institutus
1252 1449 1373 1513 est,
1405 1448 1479 1504 ut
1506 1449 1726 1504 servet
1755 1460 1874 1506 suo
1906 1443 2105 1507 modo
2140 1448 2440 1521 proprie-

537 1552 847 1669 ssfflffgio:
899 1563 1095 1619 tatem
1126 1560 1569 1633 generationis
1606 1560 1671 1621 in
1723 1560 1888 1632 aliis,
1929 1564 2018 1621 ita
2063 1564 2132 1622 et
2180 1563 2245 1623 in
2293 1560 2440 1635 boc,

644 1683 748 1734 nis.
899 1679 971 1734 ut
1042 1675 1125 1735 sit
1193 1692 1229 1735 a
1300 1676 1594 1736 ministro
1667 1675 2014 1737 differente
2067 1692 2104 1736 a
2160 1691 2439 1752 persona

894 1793 1234 1870 baptizata,
1298 1798 1612 1873 tanquam
1668 1811 1704 1854 a
1763 1811 1959 1856 causa
2009 1796 2346 1871 proxima;
2379 1796 2445 1855 in

889 1910 1091 1971 rebus
1138 1915 1362 1970 autem
1411 1925 1594 1970 mere
1624 1908 2256 1986 supernaturalibus,
2292 1924 2442 1986 quae

890 2024 1341 2103 dependenta
1382 2026 1721 2087 voluntate
1782 2026 1922 2096 Dei,
1984 2039 2115 2087 non
2166 2031 2264 2087 est
2320 2023 2443 2085 alia

885 2142 1071 2214 ratio,
1106 2142 1227 2202 nisi
1261 2143 1353 2203 sic
1397 2139 1565 2212 volo,
1609 2142 1701 2202 sic
1737 2141 1971 2217 jubeo.
2022 2137 2155 2200 Sed
2202 2154 2284 2198 ex
2331 2153 2444 2198 na-

886 2263 1026 2320 tura
1073 2257 1170 2319 rei
1210 2255 1397 2319 factae
1444 2260 1663 2334 potest
1706 2257 1922 2334 colligi
1965 2271 2261 2334 congrua
2295 2255 2443 2333 ejus

884 2377 1072 2446 rati0‚
1119 2373 1382 2452 qualem
1410 2373 1705 2450 appellat
1735 2373 1973 2434 Doctor
1993 2373 2432 2447 praemissam,

883 2493 951 2553 in
1016 2491 1228 2570 capite
1303 2493 1496 2553 citato
1572 2507 1607 2549 a
1682 2487 1986 2550 Pontiflce
2053 2489 2434 2561 adductam,

885 2609 1073 2689 cujus
1145 2605 1435 2668 efficacia
1506 2605 1844 2667 reducitur
1910 2604 1996 2667 ad
2049 2604 2301 2666 factum
2375 2611 2440 2666 et

882 2724 1383 2795 institutionem,
1462 2726 1614 2801 quia
1688 2722 2029 2799 baptizans
2101 2720 2304 2783 debet
2374 2721 2441 2780 in

883 2855 1165 2916 persona
1210 2838 1442 2899 Christi
1487 2842 1553 2899 et
1595 2838 1919 2908 Ecclesiae,
1974 2853 2257 2915 quorum
2315 2838 2434 2898 mi-

879 2957 1086 3019 nister
1116 2963 1236 3029 est,
1270 2962 1337 3018 et
1367 2956 1800 3016 intentionem
1830 2959 2073 3027 servat,
2119 2952 2439 3016 ministra·

880 3086 953 3132 re
1010 3071 1407 3147 Baptismum
1470 3086 1592 3131 seu
1641 3070 1971 3131 lavacrum
2025 3068 2437 3146 regenerati·

544 3211 853 3277 Baptizatus
878 3187 1043 3250 onis.
1097 3189 1230 3249 Hoc
1272 3191 1496 3249 autem
1536 3203 1671 3248 non
1718 3190 1937 3264 potest
1973 3182 2146 3246 filius
2175 3182 2432 3260 Adami,

532 3274 849 3388 nonngstmmi-
881 3310 946 3366 et
997 3308 1293 3365 remotus
1352 3304 1740 3380 inquantum
1792 3304 1933 3379 ipse
1990 3302 2265 3377 suscipit
2322 3301 2434 3362 Sa-

583 3399 800 3455 Chffl‘i·
879 3425 1283 3483 cramentum
1322 3418 1868 3499 regenerationiS,
1912 3422 1988 3480 ut
2035 3432 2114 3479 eo
2158 3416 2432 3494 conjun-

875 3542 1070 3617 gatur
1123 3536 1373 3600 Christo
1434 3541 1502 3597 et
1554 3535 1859 3596 Ecclesiae
1905 3549 2027 3611 per
2063 3548 2430 3611 regenera-

876 3655 1146 3728 tionem,
1227 3652 1381 3732 quia
1457 3653 1895 3729 repraesentat
1974 3649 2293 3710 Adamum
2365 3652 2432 3710 et

871 3776 1204 3832 mortuum
1244 3768 1371 3829 vita
1429 3766 1771 3844 spirituali,
1848 3766 2002 3842 quia
2055 3765 2150 3823 sic
2209 3763 2428 3824 consi-

871 3885 1163 3959 deratur,
1220 3891 1293 3947 ut
1339 3882 1557 3945 adhuc
1614 3880 1987 3944 membrum
2027 3878 2261 3941 Adami
2306 3893 2428 3956 per

869 4006 1241 4080 peccatum,
1293 4004 1358 4062 et
1408 4014 1538 4078 qua
1582 3997 1928 4077 subjectus
1976 4000 2079 4057 est
2123 3994 2319 4056 morti
2348 4010 2426 4057 ac

868 4119 1313 4192 damnationi;
1348 4132 1507 4196 ergo
1540 4113 1810 4177 initiatio
1846 4115 1989 4192 ejus
2029 4117 2095 4173 et
2123 4109 2422 4174 reductio

867 4234 951 4297 ad
983 4236 1202 4306 vitam,
1238 4232 1443 4295 debet
1470 4230 1607 4292 fieri
1637 4246 1760 4307 per
1789 4229 2009 4302 alium,
2063 4228 2173 4305 qui
2223 4227 2423 4288 susti-

865 4356 984 4413 net
1011 4352 1446 4413 intentionem
1477 4352 1543 4411 et
1572 4345 2025 4409 auctoritatem
2077 4344 2312 4407 Christi
2357 4347 2424 4405 et

866 4471 1201 4545 Ecclesiae,
1254 4485 1407 4530 nam
1446 4468 1511 4528 in
1543 4464 1784 4543 politiis
1830 4461 2157 4534 humaniS,
2201 4460 2420 4522 nullus

869 4587 1028 4649 civis
1059 4586 1334 4648 civitatis
1376 4582 1690 4655 adversae,
1737 4597 1820 4642 ex
1866 4596 1986 4643 sua
2033 4577 2419 4640 auctoritate

864 4703 1241 4765 inscribitur
1293 4700 1358 4760 in
1424 4700 1753 4760 civitatem
1813 4686 2028 4766 aliam,
2101 4693 2225 4755 sed
2293 4690 2418 4753 hoc

866 4820 1072 4883 debet
1111 4816 1252 4880 fieri
1309 4831 1430 4894 per
1485 4815 1779 4875 membra
1850 4812 2057 4890 ipsius
2117 4809 2415 4880 civitatis,

867 4934 1057 5014 cujus
1123 4933 1328 4993 ambit
1390 4926 2033 5004 incorporationem;
2098 4925 2244 4986 talis
2320 4927 2420 4984 est

865 5051 1086 5112 civitas
1145 5050 1261 5110 Dei
1319 5061 1470 5126 quae
1531 5048 1633 5108 est
1693 5042 2004 5115 Ecclesia,
2068 5045 2137 5103 et
2195 5042 2418 5103 civitas

864 5166 1107 5230 diaboli
1163 5164 1267 5225 cui
1323 5161 1697 5225 inscribitur
1749 5160 1945 5222 homo
1999 5174 2122 5235 per
2175 5173 2413 5236 pecca-

863 5288 1047 5355 tum;
1109 5298 1266 5361 ergo
1317 5282 1438 5341 rite
1498 5277 1726 5340 debuit
1781 5274 2030 5338 servari
2085 5275 2220 5337 haec
2268 5289 2416 5350 pro·

518 4834 809 4907 Similitudo

554 4905 807 4965 opposita.

914 5404 1102 5464 ortlo.

636 5529 684 5578 3.
862 5420 905 5481 p
945 5520 1100 5580 Hinc
1173 5532 1330 5595 ergo
1400 5518 1583 5576 recte
1640 5510 1960 5590 sequitur,
2019 5508 2417 5583 baptizatum

856 5653 995 5699 non
1039 5650 1239 5713 posse
1280 5633 1609 5696 sustinere
1657 5643 2015 5710 personam
2069 5623 2305 5689 Christi
2346 5624 2416 5685 in

2051 423 2199 485 ΗΒ.
2245 422 2345 483 Ν.
2391 421 2989 489 8ΕΝΤΕΝΤΙΔΒΠΜ

2546 611 2840 677 favorem
2872 616 3209 693 proprium
3239 614 3461 694 quoad
3487 618 3851 694 propositum,
3872 624 3957 699 quiz

2550 731 2807 796 accedit
2835 731 2920 792 ad
2953 734 3465 799 Sacramentum.
3508 739 3581 794 ut
3627 735 3958 797 inscribendus

2553 850 2919 911 membrum
2962 849 3195 910 Christi
3265 854 3334 910 et
3400 850 3706 921 Ecclesiae,
3749 866 3780 911 a
3816 854 3955 928 quim
4053 862 4056 899 l

2553 968 2654 1025 est
2692 972 3052 1040 separatus.
3109 964 3337 1042 Neque
3382 962 3580 1028 refert
3632 970 3681 1026 si
3716 966 3950 1027 insci-ibes

2553 1080 2852 1141 minister
2899 1079 2984 1140 sit
3030 1080 3402 1141 membrum
3444 1088 3795 1157 separatum
3831 1044 4057 1169 persffi

2553 1192 2809 1266 naliter,
2855 1194 2961 1256 vel
3017 1194 3342 1273 Paganus,
3413 1195 3515 1256 vel
3580 1196 3828 1269 JudaeuS,
3878 1178 4057 1274 quii*

2551 1312 2707 1373 licet
2775 1328 2908 1372 non
2972 1311 3055 1372 sit
3109 1311 3483 1374 membrum
3548 1313 3754 1372 vivum
3806 1242 4057 1372 Clu-isti„ffi

2555 1425 2773 1506 quoad
2829 1426 3023 1488 fidem
3084 1433 3151 1489 et
3195 1429 3660 1499 characterem,
3714 1436 3796 1489 est
3839 1436 3964 1489 tamen

2555 1546 2920 1606 membrum
2992 1544 3162 1623 ejuS,
3236 1544 3460 1624 quoad
3529 1546 3909 1607 auctoritatem
3938 1558 3970 1604 et
4049 1500 4056 1573 ⁴*

2551 1663 3013 1737 intentionem,
3047 1667 3121 1723 ut
3150 1668 3250 1724 est
3279 1662 3606 1724 minister.
4053 1646 4056 1705 ¹

2635 1782 2769 1840 lluc
2801 1782 3000 1841 etiam
3044 1779 3257 1842 tendit
3283 1781 3445 1844 ratio
3487 1783 3562 1842 D.
3612 1783 3973 1842 Bonaventurs.
4055 1854 4056 1869 3

2555 1901 2706 1975 quia
2762 1896 2941 1958 idem
3000 1914 3131 1959 non
3194 1903 3415 1975 potest
3469 1914 3617 1959 esse
3669 1895 3914 1957 mundans
3940 1902 3976 1953 el
4055 1900 4056 1903 ’

2553 2011 2932 2073 mundatus
2989 2013 3246 2075 Alensis
3303 2015 3582 2075 recurrit
3625 2012 3705 2074 ad
3752 2013 3974 2074 veritatem

2551 2126 2797 2199 formae,
2850 2144 3000 2207 quae
3061 2130 3372 2209 designat
3419 2130 3865 2193 distinctionem
3888 2143 3972 2203 per·
4055 2162 4056 2191 1

2553 2261 2886 2307 sonarum.
2943 2246 3195 2308 Veritas
3264 2247 3701 2310 conclusionis
3762 2245 3829 2305 de
3873 2243 3972 2304 facil

2553 2367 2905 2432 deducitur
2934 2386 3017 2431 ex
3067 2371 3205 2431 aliis
3254 2370 3540 2432 decretis
3591 2368 3876 2439 Ecclesia
3905 2365 3967 2426 sed

2551 2483 2714 2545 illud
2756 2484 2965 2545 solum
3028 2484 3297 2547 adducit
3359 2487 3629 2557 Doctor,
3685 2484 3814 2563 quia
3865 2498 3964 2542 cam

2550 2603 2615 2662 in
2673 2602 2898 2680 specie
2942 2603 3334 2680 practicatus
3402 2609 3508 2665 est
3570 2621 3608 2664 a
3676 2603 3874 2672 mdaeo,
3912 2600 3959 2676 qu?

2548 2719 2842 2797 seipsum
2895 2721 3241 2798 baptizavit
3292 2724 3463 2785 inter
3505 2721 3754 2784 Judaeos
3793 2719 3962 2781 existes

2548 2835 2615 2895 in
2679 2834 2946 2901 defectu
3015 2838 3284 2900 alterius
3354 2840 3658 2911 ministri,
3724 2841 3810 2899 cui
3859 2833 3966 2894 fidem

2548 2951 2953 3014 Sacramenti
3013 2951 3362 3031 profuisse,
3424 2953 3625 3018 docet
3669 2950 3912 3021 Pontifex,
3936 2944 3966 3005 ἑὲ

2547 3073 2667 3141 est,
2702 3086 2822 3146 per
2851 3069 3235 3131 charitatem
3268 3079 3680 3148 operantem,
3708 3085 3819 3131 non
3847 3069 3962 3142 ipsun

2546 3184 3044 3249 Sacramentum
3073 3186 3254 3266 quod
3284 3186 3541 3249 nullum
3584 3185 3723 3249 fuit.

2989 3467 3449 3552 QUAESTIO
3547 3470 3641 3537 V.

2547 3727 2781 3793 Utrum
2835 3729 2903 3792 in
2954 3727 3342 3815 baptizante
3379 3731 3761 3817 requiratur
3793 3719 3964 3789 intenti&

3093 3844 3494 3932 baptiza-ndi
3520 3849 3555 3912 ἶ)

2607 4237 2671 4289 D.
2699 4202 2888 4290 Th'om.
2919 4206 3058 4304 q.'1.
3091 4251 3144 4292 a.
3180 4204 3238 4291 ’2.
3271 4206 3319 4289 ie
3348 4236 3404 4290 3.
3436 4167 3509 4302 ἒ.
3576 4275 3593 4291 .

2605 4308 2741 4362 ibid.
2790 4305 2879 4362 13.
2911 4325 2956 4362 s,
2989 4310 3043 4362 2.
3068 4313 3115 4361 et
3147 4309 3201 4363 3.

2623 4548 2861 4623 Circa
2892 4548 3231 4621 tertium
3286 4548 3748 4640 principale,
3786 4553 3948 4635 quaero

2529 4667 2683 4739 duo
2727 4693 2742 4737 :
2791 4665 3095 4750 Prim0‚
3169 4669 3448 4739 utrum
3500 4666 3585 4739 in
3622 4657 3950 4757 baptizante

2532 4783 3008 4877 requiratur
3105 4783 3450 4857 intentio
3547 4771 3948 4875 baptizandi?

2533 4902 2917 4983 Secundo,
3027 4921 3129 4973 an
3235 4900 3705 4993 requiratur
3790 4896 3850 4967 in
3904 4902 3944 4955 et·

2529 5017 2877 5092 actualis
2954 5016 3299 5091 intentio
3360 5012 3846 5111 baptizandi?
3894 4996 3948 5075 Ad

2530 5134 2891 5227 primum
2948 5132 3332 5225 arguitur
3372 5136 3585 5225 quod
3639 5151 3796 5209 non,
3844 5117 3946 5214 quia

2526 5271 2687 5324 non
2719 5250 3012 5325 habens
3045 5251 3276 5323 fidem
3312 5254 3591 5343 potest
3635 5243 3946 5339 baptizare,

2526 5374 2753 5463 patet
2805 5371 2957 5442 hoc
2996 5370 3088 5443 de
3139 5370 3500 5461 Pagano,
3566 5370 3654 5441 de
3701 5363 3945 5432 consecrat·

2526 5489 2683 5555 disc.
2753 5489 2816 5555 4.
2888 5490 3223 5555 Romanus
3256 5515 3277 5566 ,·
3347 5486 3484 5558 sed
3550 5504 3700 5558 non
3753 5474 3944 5550 habel]S

2524 5606 2760 5681 fidem
2820 5626 2982 5678 non
3011 5604 3249 5679 habet
3283 5605 3801 5680 intentionem.
3833 5584 3945 5683 quia
