4255 6375
64 661 258 710 ianzsn.

61 722 215 771 tillus.

61 785 205 835 ieros.

60 849 216 906 frillus

60 911 203 958 ixsnd
215 948 226 959 .

61 973 206 1035 ttbym
220 1011 232 1022 .

61 1051 201 1085 masc
212 1075 225 1087 .

60 2415 219 2458 mestus

61 2470 243 2520 tittendi

60 2540 237 2582 ceatum

60 2613 106 2644 τε
114 2598 179 2645 rie

61 2657 251 2708 rumuni·

70 2727 182 2771 rata.

61 3544 246 3596 'gumen-

85 3602 175 3643 tum
186 3635 196 3645 .

61 3662 223 3719 atrum,

93 3735 177 3790 quo

61 3782 227 3845 slligunt

62 3848 246 3895 hristum

60 3922 91 3953 ie
110 3908 271 3959 Deum.

61 3984 219 4021 ‘ssenm
229 4011 240 4022 .

1415 461 1592 527 msr
1637 463 1680 523 1.
1733 459 2101 538 QuAEs'rio
2179 458 2252 521 v.

291 641 393 700 ter
430 631 712 711 accedit,
751 647 875 698 etc.
936 630 1113 697 Idem
1164 629 1352 695 docet
1401 628 1843 694 Nazianzenus

291 751 605 815 oracione
652 751 725 815 in
780 759 1079 814 sanctum
1140 748 1508 833 Baptisma,
1565 743 1848 831 Cyrillus

295 866 934 952 Hierosolymitanus
1023 865 1364 931 Caceclzesi
1435 863 1502 933 3.
1563 861 1848 948 Cyrillus

293 981 811 1062 AlexandrinuS,
847 996 910 1049 et
949 981 1345 1068 Euthymius
1384 981 1459 1046 in
1495 979 1844 1056 loannem,

294 1102 746 1166 Damascenus
814 1099 927 1165 lib.
997 1103 1063 1165 4.
1149 1097 1317 1181 fidei
1416 1095 1840 1173 Orthodoxoe,

291 1238 445 1303 cap.
525 1221 631 1284 10.
702 1215 918 1282 Tertio
957 1213 1240 1301 denique
1299 1213 1530 1280 adduci
1574 1223 1848 1299 possunt

290 1353 532 1398 omnes
592 1332 998 1419 expositores
1058 1331 1125 1396 in
1187 1328 1343 1395 illud
1421 1328 1720 1393 Maccltoei
1776 1331 1843 1394 9.

286 1449 514 1513 Marci
552 1453 614 1515 2.
652 1469 851 1535 super
904 1447 1060 1513 illud
1099 1470 1111 1512 :
1164 1447 1327 1522 Quis
1360 1455 1575 1532 potest
1615 1444 1811 1510 dimit
1827 1480 1847 1493 ·

287 1576 428 1629 tere
456 1575 752 1651 peccata,
792 1566 925 1630 nisi
961 1564 1139 1629 solas
1194 1562 1421 1628 Deus?
1465 1561 1572 1628 ubi
1614 1560 1850 1627 docent

284 1681 738 1748 communiter
802 1701 883 1747 ex
951 1678 1341 1747 remissione
1407 1687 1845 1763 peccatorum,

286 1798 628 1865 Christum
670 1797 1038 1865 ostendisse
1067 1818 1138 1864 se
1170 1817 1313 1862 esse
1344 1815 1574 1861 verum
1609 1798 1844 1873 Deum;

287 1937 454 2004 ergo
496 1916 577 1982 ad
619 1916 831 1982 solum
866 1920 1068 1982 Deum
1126 1913 1190 1981 id
1251 1923 1523 2000 spectat,
1579 1912 1853 1999 physice

287 2032 650 2119 loquend0‚
683 2032 763 2099 ad
796 2033 957 2100 alios
996 2043 1211 2098 autem
1246 2029 1600 2109 moraliter,
1635 2040 1700 2094 et
1733 2048 1849 2115 po-

289 2157 533 2213 testate
601 2147 1102 2226 communicata,
1174 2167 1324 2233 quae
1393 2164 1520 2211 non
1598 2143 1853 2213 excedit

289 2264 639 2342 moralem,
714 2263 1222 2350 impetratoriam
1282 2273 1391 2329 aut
1460 2260 1852 2328 ministeria·

290 2381 450 2462 lem,
530 2393 642 2448 aut
708 2394 884 2448 certe
950 2381 1376 2462 meritoriam,
1443 2379 1592 2466 quia
1651 2377 1851 2444 variis

292 2497 512 2564 modis
552 2499 696 2565 haec
744 2511 1028 2586 potestas
1067 2497 1533 2565 communicari
1586 2504 1797 2581 potest
1830 2516 1844 2573 ;

293 2625 357 2678 et
386 2613 471 2681 de
503 2615 673 2682 facto
728 2613 1200 2681 communicata
1242 2612 1362 2678 fuit
1399 2612 1658 2678 Christo
1725 2628 1852 2696 qua

295 2730 501 2795 homo
580 2744 740 2811 erat,
786 2743 855 2798 ut
893 2730 1113 2817 capiti,
1165 2727 1494 2815 Apostolis
1539 2740 1607 2792 ut
1667 2724 1852 2790 mini·

294 2845 480 2930 striS,
543 2846 983 2913 Sacramentis
1034 2857 1105 2912 ut
1177 2842 1656 2922 instrumentis»,
1704 2861 1851 2929 quae

297 2983 428 3029 non
469 2964 799 3031 excedunt
838 2985 1048 3051 genus
1089 2983 1305 3030 causae
1357 2960 1645 3040 moraliS,
1700 2959 1851 3048 quia

294 3079 350 3145 si
392 3080 693 3167 physice,
741 3093 811 3146 ut
841 3082 929 3146 ita
961 3079 1195 3160 dicam,
1260 3076 1853 3145 communicaretur

293 3199 513 3265 virtus
553 3198 749 3265 dandi
806 3197 1120 3284 Spiritum
1189 3207 1487 3263 sanctum
1522 3215 1639 3280 per
1702 3214 1851 3280 gra·

292 3314 453 3381 tiam
495 3327 562 3381 et
620 3312 1076 3380 remissionem
1141 3311 1410 3400 peccati,
1456 3332 1605 3397 quae
1643 3310 1724 3377 de
1757 3311 1851 3377 fa·

293 3446 396 3499 cto
436 3451 698 3498 annexa
736 3444 835 3499 est
882 3431 1136 3518 gratiae,
1193 3429 1454 3496 videtur
1492 3449 1849 3516 argumen-

295 3561 433 3615 tum
486 3547 837 3635 colligendi
895 3546 1206 3613 Deitatem
1245 3544 1483 3610 Christi
1550 3566 1632 3611 ex
1670 3545 1850 3631 ejus-

298 3662 473 3729 modi
574 3663 907 3750 operibus,
971 3682 1117 3728 esse
1183 3661 1344 3726 satis
1421 3658 1837 3747 ambiguum.

300 3779 484 3846 Unde
570 3781 904 3866 Nyssenus
960 3777 1186 3843 dicens
1242 3796 1476 3864 aquam
1537 3773 1847 3861 Baptismi

301 3918 428 3962 non
469 3896 700 3984 largiri
743 3897 863 3962 hoc
904 3892 1320 3975 beneficium,
1365 3893 1476 3958 sed
1531 3890 1642 3957 Dei
1684 3912 1849 3978 prae-

297 4025 586 4099 ceptum,
658 4028 723 4079 et
778 4011 1121 4100 Spiritum,
1166 4022 1290 4076 etc.
1354 4008 1699 4095 subjungit
1753 4027 1850 4073 ra-

297 4128 567 4211 tionem,
612 4139 773 4195 esset
828 4130 1008 4195 enim
1037 4129 1222 4193 omni
1285 4136 1595 4192 creatura
1643 4124 1852 4189 subli-

296 4249 485 4327 mior,
511 4247 768 4334 supple,
808 4265 1000 4333 aqua,
1037 4243 1092 4311 si
1125 4243 1306 4309 daret
1335 4241 1638 4329 gratiam,
1677 4237 1850 4327 quod

298 4363 576 4451 intelligi
618 4363 807 4430 debet
851 4360 1146 4449 physice,
1192 4359 1246 4426 si
1311 4358 1665 4444 attingeret
1704 4377 1850 4442 pto-

295 4480 669 4547 ductionem
710 4479 985 4566 gratiae;
1056 4497 1214 4563 ergo
1264 4476 1318 4541 si
1371 4473 1671 4540 Christus
1724 4493 1850 4559 qua

298 4596 491 4662 homo
534 4595 763 4662 habuit
825 4606 1208 4681 potestatem
1252 4590 1592 4677 physicam
1652 4586 1847 4653 dandi

298 4712 599 4798 gratiam,
640 4710 810 4779 unde
855 4708 1274 4797 colligeretur
1307 4727 1383 4772 ex
1437 4706 1562 4771 hoc
1613 4703 1845 4770 effectu

300 4847 444 4893 eum
498 4848 646 4894 esse
698 4830 926 4905 Deum,
989 4835 1380 4911 argumento
1439 4819 1609 4908 quod
1659 4829 1760 4885 est
1813 4839 1848 4884 a

302 4943 667 5028 posteriori,
713 4955 776 5009 et
823 4954 1131 5029 tanquam
1182 4940 1262 5005 ab
1303 4938 1535 5005 effectu
1578 4935 1656 5002 ad
1697 4956 1846 5002 cau·

301 5079 460 5139 sam,
506 5071 570 5126 et
601 5080 730 5146 quo
783 5070 1055 5125 utuntur
1087 5060 1330 5134 PatreS,
1368 5054 1539 5121 sicut
1578 5072 1705 5118 non
1747 5072 1847 5117 se-

301 5176 541 5261 quitur,
607 5173 906 5262 producit
960 5172 1262 5251 calorem,
1308 5191 1467 5257 ergo
1506 5181 1605 5236 est
1646 5168 1843 5256 igniS,

299 5313 444 5378 quae
484 5304 585 5358 est
616 5290 865 5358 fallacia
893 5288 1379 5376 consequentis.
1426 5293 1637 5375 Atque
1675 5286 1846 5353 idem

298 5407 626 5496 colligitur
674 5417 850 5473 recte
879 5426 960 5472 ex
1001 5403 1380 5471 Tridentino
1422 5421 1644 5488 supra,
1688 5399 1848 5467 assi·

298 5525 556 5611 gnando
617 5544 845 5590 causas
912 5542 1026 5609 per
1070 5542 1140 5587 se
1199 5517 1723 5608 justificationis,
1766 5515 1846 5582 ad

299 5642 498 5707 Deum
528 5638 742 5707 solum
810 5636 1120 5705 reducere
1158 5628 1604 5715 efficientiam,
1674 5632 1846 5720 quod

3404 467 3511 534 191

1960 622 2237 711 intelligi
2271 623 2462 693 debet
2497 646 2579 693 ex
2610 647 2808 694 sensu
2849 629 3118 696 Concilii
3150 642 3213 698 et
3244 634 3507 698 Patrum

1960 741 2040 807 de
2087 742 2436 810 efficientia
2475 743 2860 831 simpliciter
2899 746 3197 834 physica,
3259 769 3408 815 nam
3449 762 3514 817 et

1961 857 2257 926 Christus
2299 880 2492 946 quem
2525 859 2710 928 docet
2748 883 2897 929 esse
2924 883 3187 932 causam
3240 864 3510 931 merito-

1960 974 2151 1054 riam,
2215 976 2269 1041 si
2309 975 2655 1063 loquamur
2697 977 2776 1044 de
2843 979 3070 1046 morali
3134 979 3509 1061 efficientia,

1960 1102 2060 1155 est
2101 1092 2450 1177 perfectior
2487 1113 2681 1160 causa
2721 1093 3015 1162 efficiens
3048 1116 3242 1182 quam
3287 1098 3516 1164 Sacra-

1962 1218 2281 1287 mentum,
2329 1210 2500 1296 quod
2532 1210 2599 1276 in
2646 1212 2890 1279 virtute
2945 1233 3215 1300 operum
3274 1214 3516 1284 Christi

1960 1337 2023 1389 et
2065 1324 2390 1410 passionis
2420 1327 2564 1413 ejus
2620 1348 2695 1394 ac
2733 1329 2981 1408 CruciS,
3045 1343 3353 1417 operatur
3413 1354 3513 1399 se-

1960 1439 2246 1507 cundum
2283 1446 2540 1523 Patres;
2578 1466 2736 1531 ergo
2776 1446 2945 1533 quod
2980 1446 3234 1514 dicatur
3265 1447 3513 1514 instru-

1963 1558 2263 1624 mentalis
2287 1580 2503 1640 causa,
2542 1581 2670 1626 nou
2740 1561 3017 1629 infertur
3067 1584 3214 1631 esse
3269 1564 3511 1632 instru-

1967 1689 2256 1738 mentum
2280 1695 2359 1740 ex
2382 1675 2671 1743 efficacia
2696 1678 2965 1764 physica
2996 1679 3327 1767 attingens
3360 1701 3513 1766 gra-

1964 1786 2116 1854 tiam
2169 1788 2564 1873 immediate,
2628 1793 2798 1879 quod
2853 1795 3121 1882 perinde
3185 1795 3514 1864 concludit

1963 1903 2019 1969 si
2054 1906 2471 1991 respondeas,
2510 1908 2682 1995 quod
2714 1910 2909 1976 etiam
2940 1911 3179 1980 Christi
3212 1913 3516 1979 humani—

1965 2040 2062 2089 tas
2103 2044 2217 2110 per
2259 2025 2522 2093 modum
2566 2027 2980 2096 instrumenti
3031 2032 3287 2118 physici
3320 2034 3515 2099 attin·

1960 2139 2158 2225 gebat
2204 2161 2399 2227 opera
2432 2142 2842 2224 miraculosa,
2918 2147 3070 2233 quia
3135 2149 3361 2215 eadem
3415 2160 3516 2216 est

1959 2253 2335 2339 difficultaS,
2383 2271 2446 2324 et
2479 2280 2598 2326 suo
2622 2259 2761 2326 loco
2801 2283 2882 2328 ex
2924 2263 3222 2331 Patribus
3255 2265 3513 2351 opposi-

1964 2385 2097 2439 tum
2150 2374 2575 2462 probavimus
2631 2380 2702 2443 in
2746 2390 3034 2446 tractatu
3071 2381 3154 2446 de
3192 2381 3516 2449 lucarna-

1965 2491 2173 2558 tione.

2047 2606 2142 2673 Ad
2172 2607 2314 2674 haec
2344 2630 2502 2696 ergo
2543 2609 2680 2677 loca
2711 2622 2774 2678 et
2806 2614 3071 2694 similia,
3109 2615 3508 2702 respondent

3653 2654 3733 2705 88.

1957 2723 2253 2792 adversae
2339 2726 2683 2794 sententiae
2767 2742 3129 2796 assertores
3214 2730 3505 2800 denotari
3534 2717 3859 2830 affssffiffig-

1956 2857 2220 2904 causam
2263 2841 2688 2929 principalem
2720 2856 2996 2912 tantum.
3036 2846 3159 2913 Sed
3194 2848 3335 2915 haec
3404 2872 3506 2917 re·
3563 2858 3813 2956 Immff'na

1960 2955 2227 3040 sponsio
2249 2977 2378 3022 non
2412 2956 2575 3024 tollit
2606 2958 3251 3051 difficultatem,quia
3285 2965 3364 3031 de
3390 2968 3513 3034 hoc
3643 2922 3747 3019 {⁰143-
3814 2932 3837 2947 α

1964 3090 2156 3137 nemo
2190 3093 2475 3160 unquam
2515 3074 2863 3158 dubitavit,
2909 3091 3020 3146 aut
3060 3080 3360 3148 dubitare
3399 3104 3514 3171 po-

1959 3187 2085 3253 tuit
2134 3194 2335 3256 Deum
2372 3213 2517 3258 esse
2546 3205 2902 3276 auctorem,
2940 3209 3003 3263 et
3033 3218 3300 3265 causam
3336 3200 3514 3287 prin-

1960 3304 2234 3391 cipalem
2275 3307 2547 3388 salutis;
2604 3330 2761 3397 ergo
2810 3311 3073 3398 quando
3134 3319 3355 3382 Patres
3403 3338 3513 3384 ex-

1961 3418 2234 3487 cludunt
2293 3444 2328 3489 a
2379 3425 2817 3492 Sacramentis
2891 3426 3337 3513 efficientiam,
3402 3432 3517 3498 tri-

1963 3533 2221 3603 buendo
2252 3558 2392 3604 eam
2436 3539 2554 3606 soli
2589 3545 2743 3621 Dec,
2782 3542 2974 3610 debet
3018 3544 3296 3634 intelligi
3352 3548 3517 3634 phy-

1959 3652 2091 3719 sica
2151 3653 2556 3741 simpliciter,
2629 3679 2777 3724 cum
2843 3660 3134 3728 tribuant
3209 3661 3513 3730 effectum

1964 3772 2360 3839 Sacramenti
2402 3778 2529 3840 Deo
2579 3791 2887 3863 tanquam
2931 3797 3151 3845 causae
3186 3802 3202 3859 ;
3259 3793 3321 3847 et
3360 3802 3511 3847 cum

1958 3887 2270 3976 colligant
2300 3890 2708 3958 divinitatem
2756 3894 2997 3961 Christi
3057 3917 3138 3963 ex
3181 3898 3292 3964 tali
3362 3899 3514 3966 effe·

1959 4019 2091 4087 ctu,
2129 4021 2508 4093 supponunt
2550 4030 2677 4076 non
2728 4032 2919 4097 posse
2965 4014 3315 4100 procedere
3347 4017 3514 4102 phy-

1963 4122 2097 4189 sice
2143 4122 2223 4187 ab
2273 4123 2396 4190 alio
2438 4125 2785 4212 principiO.

2050 4238 2431 4305 confirmari
2500 4254 2713 4327 potest
2760 4266 2842 4310 ex
2893 4245 3123 4313 iisdem
3182 4249 3506 4329 Patribus,
3556 4259 3840 4312 Confirma-

1961 4366 2185 4420 contra
2219 4354 2623 4440 Pelagianos,
2660 4360 2812 4445 quia
2844 4360 2994 4428 licet
3035 4364 3325 4431 tribuant
3382 4370 3512 4433 Deo
3564 4329 3818 4436 Extffiddo

1963 4470 2384 4558 principalem
2426 4473 2865 4557 efficientiam,
2911 4480 3294 4566 explicando
3352 4485 3514 4551 Pau·
3579 4447 3816 4561 lss‘ffiffii

1960 4586 2097 4653 lum
2133 4588 2300 4653 circa
2335 4590 2503 4654 bona
2533 4610 2729 4677 opera
2762 4591 2947 4659 liberi
2978 4595 3257 4677 arbitrii,
3296 4611 3512 4666 tamen
3539 4579 3858 4701 Ρθῗὲἒῑξξω,

1962 4715 2300 4769 reservant
2356 4703 2562 4769 libero
2618 4705 2888 4773 arbitrio
2949 4730 3140 4777 suum
3186 4712 3509 4782 inssuxum

1962 4818 2227 4884 vitalem
2263 4831 2325 4885 et
2367 4820 2711 4908 physicum
2762 4823 2828 4889 in
2869 4825 3093 4893 eadem
3160 4851 3379 4918 opera,
3425 4832 3513 4900 ita

1960 4945 2180 5003 tamen
2223 4948 2292 5002 ut
2339 4934 2549 5002 subsit
2605 4937 2837 5023 gratiae
2886 4940 2997 5006 Dei
3077 4944 3512 5031 praevenienti

1960 5063 2024 5117 et
2071 5052 2436 5140 adjuvanti,
2489 5052 2858 5141 disponenti
2891 5067 2954 5122 et
3002 5061 3397 5146 praeparanti
3432 5061 3512 5128 ad

1960 5187 2382 5248 consensum,
2421 5182 2484 5236 et
2513 5169 2732 5257 operis
2763 5170 2913 5238 boni
2956 5175 3510 5259 prosecutionem,

1963 5295 2032 5349 ut
2080 5297 2256 5372 patet
2298 5285 2657 5353 novissime
2695 5308 2777 5354 ex
2806 5287 3192 5357 Tridentino
3238 5314 3394 5360 sess.
3440 5296 3509 5364 6.

1960 5420 2105 5486 cap.
2154 5403 2217 5467 5.
2268 5410 2329 5465 et
2367 5404 2433 5468 6.

2051 5516 2255 5583 Aliter
2310 5529 2526 5584 autem
2588 5518 2945 5606 loquuntur
3021 5522 3100 5590 de
3155 5523 3510 5597 efficientia

1960 5633 2191 5718 gratiae
2231 5655 2346 5723 per
2383 5654 2616 5721 aquam
2650 5648 2714 5702 et
2771 5637 3112 5725 Spiritum,
3160 5643 3510 5714 excluden-
