4255 6375
806 350 926 415 458
1993 356 2139 418 1213.
2186 357 2285 420 IV.
2336 354 2936 428 SRN'OEN'rtARUM

808 512 1046 599 paucis
1135 524 1302 594 erat,
1396 516 1474 581 in
1559 515 1809 602 linquis
1896 519 2096 583 totius
2181 518 2361 583 orbis
2472 519 2757 583 moritur
2801 539 2949 584 eum
2985 520 3487 605 perseverantia
3535 521 3606 585 in
3653 519 3833 598 bono,
3862 542 3957 586 non

817 637 984 706 erat,
1030 637 1154 693 etc.
2470 632 2662 697 habet
2688 634 3058 718 potentiam
3082 635 3435 721 peccandi,
3470 635 3723 699 seilicet
3754 636 3821 699 in
3852 635 3963 700 utzi-

588 760 666 811 11.
906 744 1003 808 Ex
1044 742 1146 808 his
1207 755 1383 829 patet
1440 759 1614 813 recte
1653 751 1990 814 Doctorem
2042 749 2165 814 sub
2223 748 2360 834 opi·
2470 770 2575 813 mo
2608 750 2915 830 instanti,
2962 771 3095 816 non
3148 762 3367 816 tamen
3420 761 3512 815 est
3565 751 3641 815 in
3684 760 3849 814 statu
3871 753 3965 835 yla

819 859 1015 924 nione
1051 879 1200 925 cum
1241 864 1613 949 Augustino
1669 864 2088 930 constituisse
2150 864 2362 950 Bapti-
2471 866 2618 943 rice,
2682 865 2797 930 sed
2858 877 2950 930 est
2988 868 3064 930 in
3100 878 3277 932 statu
3314 866 3532 953 plenae
3556 867 3819 953 yratioe,
3849 870 3961 951 quie

817 996 1033 1042 smum
1101 980 1607 1062 Apostolorum,;
1681 982 2083 1068 Baptismum
2144 994 2360 1051 autem
2476 983 2979 1065 perseverantia
3045 994 3140 1048 est
3216 984 3456 1066 finalis
3532 994 3749 1048 status
3808 984 3971 1069 plene

820 1093 1111 1180 Virginis
1167 1115 1317 1160 cum
1379 1097 1606 1182 majori
1676 1097 2135 1165 incertitudine
2183 1120 2363 1165 asse·
2473 1101 2773 1185 qratz'oe‚·
2852 1123 2998 1167 cum
3080 1123 3236 1188 erqo
3314 1102 3524 1166 Beata
3611 1101 3811 1186 Virgo
3870 1113 3970 1186 pou

820 1210 953 1276 ruit
1028 1210 1279 1298 primus
1353 1212 1524 1278 inter
1609 1214 2068 1296 scholasticos,
2170 1237 2361 1302 quem
2472 1217 3075 1298 sanctificationem
3120 1217 3481 1283 secundam
3540 1217 3683 1304 (id
3758 1227 3861 1294 est,
3923 1219 3967 1281 ιἰι

636 1421 639 1424 v
822 1325 931 1392 alii
1009 1326 1314 1413 deinceps
1409 1330 1615 1396 secuti
1683 1343 1861 1409 sunt,
1926 1332 2076 1420 qnia
2152 1351 2363 1418 neque
2479 1333 2922 1418 Conceptione
2984 1334 3216 1422 Filii)
3274 1346 3438 1401 esset
3478 1337 3550 1400 in
3577 1344 3761 1400 statu
3812 1334 3974 1418 plene

542 1467 735 1516 noctur
821 1441 1253 1528 Augustinus,
1319 1463 1529 1530 neque
1577 1445 1684 1510 alii
1727 1448 1949 1512 Patres
2008 1445 2360 1534 quidquam
2472 1450 2735 1534 qratia»,
2773 1449 2951 1515 unde
2998 1451 3181 1515 discit
3220 1453 3560 1537 Anyelus:
3633 1454 3769 1515 Ave
3802 1453 3971 1536 gratia

532 1543 752 1642 {gx-{³5⁵2
821 1556 1153 1638 dixerunt,
1216 1570 1445 1643 praetet
1494 1562 1946 1647 Euthymium‚
2018 1561 2170 1648 quia
2227 1581 2363 1625 me·
2475 1563 2698 1649 plena,
2736 1578 2914 1651 patet
2947 1568 3121 1651 quod
3159 1588 3294 1632 non
3363 1567 3595 1633 habuit
3666 1567 3972 1652 potentiam

476 1654 798 1768 ἱᾟῗζύξξξο·
825 1673 1033 1740 moria
1087 1675 1308 1760 lapsus
1363 1676 1641 1758 videtur,
1691 1678 1843 1766 quia
1892 1698 2103 1765 neque
2145 1676 2364 1744 verbis
2478 1680 2569 1744 ad
2596 1681 3034 1765 peccandum.

477 1782 796 1908 Bffffgiiffiss'm
821 1789 1050 1855 Evodii
1098 1789 1312 1858 citatis
1377 1814 1413 1861 a
1479 1795 1867 1882 NicephorO,
1950 1815 2162 1881 neque
2228 1795 2364 1861 Cle·
2565 1797 2660 1860 Ex
2692 1797 2933 1882 quibus
2964 1805 3139 1881 patet
3180 1797 3547 1884 intelligere
3612 1810 3845 1863 statum
3881 1796 3969 1884 ple·

823 1902 1021 1973 menti
1084 1904 1523 1977 Alexandrino
1591 1911 1811 1977 multis
1861 1910 2121 1976 saeculis
2180 1923 2363 1977 ante·
2477 1931 2578 1977 nae
2627 1913 2882 1997 gratiae,
2932 1912 3140 1991 illum,
3179 1914 3289 1999 qui
3330 1913 3540 1980 estin
3572 1913 3851 1978 termino
3876 1933 3973 1978 suae

823 2023 980 2089 riori
1029 2026 1339 2107 cohaeret,
1404 2040 1469 2093 et
1526 2028 1746 2115 plures
1788 2028 2074 2094 rationes
2129 2048 2365 2113 suppe-
2479 2018 2891 2097 intensionis,
2948 2019 3119 2107 quod
3151 2020 3428 2086 dixerim
3455 2033 3728 2107 propter
3754 2020 3967 2107 aliquos,

819 2155 968 2210 tunt
997 2143 1325 2211 eximendi
1357 2144 1724 2231 Virginem,
1762 2165 1955 2232 quam
1990 2142 2358 2229 Apostolos,
2478 2135 2587 2219 qui
2655 2156 2803 2201 eum
2881 2135 3068 2202 aliter
3116 2138 3661 2222 interpretantur.
3726 2137 3974 2225 Loquitur

820 2279 970 2346 quae
1058 2260 1395 2327 electionis
1464 2262 1900 2348 praerogativa
1965 2273 2028 2326 et
2103 2258 2359 2346 gratiae,
2478 2251 2672 2316 etiam
2723 2251 2802 2318 de
2831 2253 3039 2338 gratia
3089 2253 3430 2333 habituali,
3504 2266 3575 2319 ut
3638 2267 3828 2342 patet,
3868 2253 3971 2338 quia

819 2377 1020 2444 totius
1070 2377 1292 2444 electoe
1343 2391 1658 2445 creaturae
1696 2379 1955 2443 culmen
2000 2375 2359 2463 superavit,
2478 2369 2632 2435 dicit
2663 2369 2998 2434 minimam
3030 2369 3306 2456 gratiam
3338 2368 3651 2437 sufficere
3699 2368 3774 2435 ad
3801 2368 3961 2434 delen·

479 2494 781 2605 Congtxjuen-
822 2497 886 2553 et
924 2508 960 2554 a
1010 2498 1268 2574 peccato
1330 2487 1452 2554 fuit
1509 2479 1950 2574 praeservata;
1996 2490 2093 2553 sic
2168 2487 2363 2553 etiam
2479 2484 2633 2550 dum
2669 2485 2978 2563 mortale;
3024 2484 3325 2551 videatur
3356 2489 3390 2570 ξ
3420 2487 3751 2572 sequenti.
3784 2487 3853 2549 Et
3875 2483 3969 2547 haec

524 2571 760 2692 apog-falls
824 2624 1191 2690 congruum
1256 2604 1396 2683 fuit,
1445 2615 1515 2669 ut
1558 2602 1846 2669 remedio
1897 2624 2009 2689 per
2068 2624 2140 2670 se
2195 2604 2365 2668 ordi-
2479 2603 2800 2668 sententia
2869 2600 3128 2669 videtur
3197 2607 3269 2668 D.
3345 2603 3624 2670 Thomae
3699 2607 3762 2668 3.
3831 2613 4003 2711 parto

476 2684 800 2796 Ὠτῗῃῖἷῖἕῖἶῦο
827 2731 977 2786 nato
1042 2721 1121 2787 ad
1198 2720 1653 2786 remissionem
1735 2720 2002 2805 peccati,
2084 2721 2367 2808 eJusque
2481 2729 2707 2803 quaest.
2743 2721 2852 2796 27,
2880 2730 3013 2783 art.
3046 2722 3110 2784 ὃ.
3145 2719 3337 2804 cujus
3360 2718 3597 2784 titulus
3630 2733 3770 2784 est:
3799 2717 3966 2782 Utrum
4007 2701 4011 2708 ‘

824 2849 1151 2924 praecepto
1199 2836 1597 2903 eximeretur
1627 2834 1956 2922 (quamvis
1998 2836 2192 2900 etiam
2226 2836 2369 2900 sine
2482 2835 2690 2898 Beata
2734 2835 2932 2921 Virqo
2961 2857 3084 2921 per
3142 2834 3539 2920 hujusmodi
3594 2833 3964 2918 sanctifieati·

825 2951 1208 3040 praejudicio
1257 2971 1396 3017 suae
1437 2949 1739 3035 puritatis
1782 2948 2092 3034 baptizari
2129 2948 2362 3034 potuit,
2480 2971 2671 3016 onem
2699 2951 2946 3037 adepta
2972 2953 3183 3035 suerit
3212 2950 3712 3037 plenitudinem
3739 2950 3963 3016 omnium

826 3079 898 3133 ut
939 3066 1129 3146 infra,
1175 3066 1600 3153 responsione
1660 3064 1750 3133 ad
1803 3065 2129 3142 ultimum,
2203 3063 2368 3129 dicc-
2478 3065 2910 3152 qratiarum?
2959 3079 3083 3133 etc.
3159 3065 3268 3132 ubi
3309 3065 3596 3132 intendit
3662 3066 3740 3131 de
3799 3062 3966 3150 gratiis

824 3182 1185 3271 tur),quam
1217 3182 1713 3271 congruentiam
1739 3182 2027 3248 insinuat
2058 3182 2367 3268 Augusti·
2482 3181 2719 3248 infusis
2760 3204 2875 3269 per
2908 3182 3173 3248 modum
3207 3182 3497 3264 babituS,
3567 3196 3640 3249 ut
3670 3194 3829 3270 patet
3876 3200 3962 3244 res·

826 3323 951 3369 nus
969 3312 1162 3367 tract.
1194 3305 1255 3365 ὃ.
1285 3302 1360 3366 in
1381 3301 1724 3377 Ioannem,
1755 3318 1871 3364 cur
1893 3299 2189 3364 Christus
2231 3298 2367 3362 solo
2480 3300 2806 3387 ponsione
2842 3299 2932 3364 ad
2972 3303 3035 3363 3.
3100 3319 3351 3385 negans
3399 3319 3545 3365 eam
3589 3297 3961 3384 recepissesa·

825 3416 1152 3502 Baptismo
1227 3415 1492 3480 Joannis
1571 3414 1690 3479 fuit
1758 3413 2169 3500 baptizatus?
2210 3414 2364 3501 quia
2482 3416 2793 3502 pientiam
2840 3415 3052 3503 quoad
3097 3436 3286 3481 usum
3341 3414 3645 3482 docendi.
3699 3419 3767 3481 ln
3818 3431 3962 3497 argu·

828 3553 1039 3620 neque
1069 3533 1193 3598 hoc
1242 3531 1384 3618 ipso
1416 3531 1725 3617 indiguit.
2484 3546 2699 3598 mento
2773 3546 2989 3598 autem
3058 3531 3137 3598 ad
3204 3531 3674 3599 affirmativam
3750 3543 3955 3617 partem,

916 3650 1252 3718 Rationem
1347 3660 1561 3716 autem
1651 3650 1874 3738 hujus.
1927 3652 2367 3738 exemptionis
2480 3670 2620 3714 eam
2657 3651 2883 3736 probat
2936 3670 3018 3714 ex
3059 3650 3277 3715 verbis
3316 3649 3583 3734 Angeli,
3611 3653 3788 3715 Lucae
3836 3650 3884 3713 ί.
3921 3655 3960 3703 et

391 3836 402 3849 ἰ
506 3724 672 3861 Rati}
679 3763 777 3861 '015-
831 3768 1121 3854 Virginis
1152 3788 1184 3833 a
1219 3768 1547 3855 Baptismo
1579 3768 1800 3834 subdit
1841 3772 2114 3834 Doctor:
2167 3769 2359 3845 Quia,
2480 3765 2702 3831 verbis
2737 3765 3115 3851 Hieronymi
3146 3786 3345 3831 serm.
3398 3765 3482 3830 de
3540 3764 3951 3849 Assumptione,

489 3858 792 3968 ,ffitfflffiss
829 3885 1065 3972 inquit,
1138 3884 1366 3952 habuit
1432 3888 1504 3950 in
1570 3887 1993 3969 conceptione
2060 3886 2199 3973 lilii
2262 3887 2370 3949 sui
2481 3882 2591 3969 qui
2652 3883 2808 3947 dicit
2873 3881 3018 3946 aliis
3078 3902 3192 3967 per
3266 3894 3484 3968 partes
3545 3880 3751 3947 datam
3813 3877 3953 3943 fuisse

825 4001 1019 4065 illam
1090 3999 1576 4087 plenitudinem
1645 4001 1907 4084 qratioe,
2006 3999 2096 4063 ad
2173 4018 2371 4084 quam
2482 4000 2784 4082 gratiam,
2832 3998 3053 4064 Mariae
3095 3996 3376 4063 infusam
3420 4009 3628 4064 totam
3677 3989 3950 4083 plenitudi-

826 4118 998 4181 Deus
1036 4115 1364 4201 disposuit
1403 4116 1595 4179 illam
1634 4116 2000 4201 pervenire,
2031 4124 2154 4179 etc.
2195 4117 2371 4179 Hanc
2487 4137 2657 4181 nem.
2697 4116 2933 4181 Probat
2965 4115 3030 4179 in
3070 4135 3364 4200 corpore,
3422 4115 3578 4201 quia
3645 4113 3742 4179 illa
3800 4106 3945 4193 magis
3972 4133 4014 4184 01

826 4232 1242 4312 sententiam,
1308 4253 1502 4319 quam
1570 4232 1693 4298 sub
1780 4231 1977 4297 dubio
2055 4230 2370 4317 proponit
2484 4233 2847 4320 propinqua
2924 4245 3060 4298 erat
3114 4230 3296 4312 Filio,
3359 4231 3680 4319 principio
3755 4200 3981 4315 gratiae,t

829 4353 1084 4428 Doctor,
1137 4349 1347 4414 tenuit
1388 4349 1643 4414 Alensis
1675 4354 1738 4415 3.
1779 4360 1976 4435 parte
2035 4358 2261 4435 qua’st.
2302 4352 2365 4414 9.
2485 4352 2744 4438 quando
2785 4370 2934 4415 eum
2967 4348 3266 4433 concepit
3307 4349 3373 4413 in
3403 4361 3631 4426 utero;
3662 4357 3721 4413 et
3748 4360 3942 4428 respon·

533 4511 760 4562 Mensis.
830 4488 917 4531 m.
972 4470 1064 4537 3„
1098 4479 1228 4532 art.
1273 4469 1337 4531 2.
1375 4469 1409 4551 ξ
1450 4469 1512 4531 2.
1559 4479 1688 4531 tam
1751 4467 1816 4531 in
1877 4478 2265 4552 argumento
2307 4461 2371 4529 in
2407 4515 2414 4525 .
2485 4469 2670 4533 sione
2698 4466 2789 4531 ad
2823 4470 2882 4543 l,
2920 4464 3076 4530 dicit
3117 4465 3466 4550 recepisse,
3513 4465 3583 4531 in
3633 4464 3726 4529 illa
3767 4454 3940 4526 sancti·

512 4576 786 4633 virginem
830 4583 1203 4672 oppositum
1248 4602 1442 4673 quam
1477 4583 1545 4648 in
1585 4603 1880 4668 corpore,
1935 4582 2044 4647 ubi
2079 4580 2237 4647 dicit
2269 4603 2372 4647 re-
2490 4584 2791 4668 ficatione
2850 4582 3156 4659 secunda,
3239 4581 3705 4666 plenitudinem
3755 4571 3939 4663 gratiae‚

510 4639 776 4813 mpffifige·
830 4700 1082 4787 cepisse
1125 4697 1597 4787 plenitudinem
1639 4697 1872 4784 gratiae
1905 4699 1970 4763 in
2030 4698 2374 4784 Concepti-
2491 4711 2558 4765 ut
2607 4711 2779 4765 esset
2842 4697 3396 4785 propinquissima
3453 4697 3692 4764 auctori
3739 4689 3934 4780 gratiae3

484 4825 792 4890 'pervenisse
825 4838 950 4884 one
996 4816 1167 4896 Filii,
1203 4836 1477 4902 eamque
1518 4814 1720 4881 fuisse
1753 4815 1816 4879 in
1851 4826 2021 4879 statu
2076 4814 2376 4901 perfectae
2491 4828 2554 4883 et
2600 4818 3033 4902 responsione
3106 4815 3197 4879 ad
3260 4818 3324 4878 3.
3388 4815 3667 4901 explicat
3722 4810 3937 4877 diversos

505 4888 781 5022 ternffssum
833 4934 1087 5022 gratiae,
1160 4946 1231 4999 ut
1288 4931 1593 5015 intelligit
1651 4931 1882 5018 gratiae
1933 4930 1997 4995 in
2067 4932 2370 4998 termino.
2491 4930 2735 5018 gradus
2767 4929 3188 5016 perfectionis
3219 4928 3449 4994 formae
3505 4924 3807 4999 naturalis),
3840 4935 3932 4982 rer·

545 5019 745 5079 gratiae.
839 5050 1023 5118 Unde
1092 5050 1155 5115 in
1214 5049 1638 5136 responsione
1687 5047 1765 5114 ad
1835 5049 2120 5134 primum
2181 5048 2371 5117 dicit:
2492 5050 2556 5115 bi
2589 5049 2823 5135 gratia,
2866 5047 3126 5127 caloris,
3163 5048 3271 5134 qui
3308 5059 3377 5113 ut
3410 5057 3512 5112 est
3544 5040 3834 5133 dispositio
3855 5052 3927 5099 an·

821 5169 982 5257 ‘Non
1027 5187 1217 5254 posse
1285 5185 1580 5252 peecare,
1663 5162 1898 5248 inquit,
1968 5184 2103 5228 non
2168 5165 2379 5228 solum
2491 5166 2796 5233 tecedens
2856 5166 3129 5231 formam
3173 5164 3345 5253 ignis
3402 5178 3506 5230 est
3565 5157 3862 5231 remissior,
3885 5160 3927 5213 ut

828 5286 1121 5372 pertinet
1149 5286 1240 5351 ad
1276 5294 1532 5349 statum.
1566 5283 1825 5368 qlorice,
1868 5281 1984 5346 sed
2032 5282 2233 5345 etiam
2289 5280 2379 5346 ad
2494 5295 2969 5371 consequenter
2999 5296 3099 5349 est
3129 5283 3195 5347 in
3246 5281 3505 5348 intenso
3554 5278 3735 5370 gradu
3788 5249 3920 5358 perit*

826 5412 1069 5476 statum
1115 5404 1425 5488 persectoe
1461 5401 1719 5485 qratioe,
1765 5400 1934 5464 sicut
1973 5409 2064 5463 est
2105 5400 2180 5463 in
2226 5420 2380 5464 san·
2494 5401 2752 5478 ctionis‚
2791 5411 2862 5465 ut
2908 5409 3005 5464 est
3040 5397 3105 5461 in
3145 5406 3367 5464 centro
3447 5409 3515 5463 et
3553 5416 3685 5465 cum
3711 5381 3921 5479 jungffflf

831 5534 934 5587 cto
1009 5520 1276 5586 homine
1337 5528 1805 5607 perseverante
1876 5518 2204 5599 finaliter,
2268 5518 2384 5601 qui
2498 5516 2611 5583 fini
2643 5528 3161 5583 consummatur.
3199 5514 3306 5580 Sic
3334 5517 3531 5581 Beata
3577 5492 3914 5598 ViigoissPfi‘

504 3234 777 3303 Angustia.
