<?xml version="1.0" encoding="UTF-8"?>
<!DOCTYPE html PUBLIC "-//W3C//DTD XHTML 1.0 Transitional//EN"
    "http://www.w3.org/TR/xhtml1/DTD/xhtml1-transitional.dtd">
<html xmlns="http://www.w3.org/1999/xhtml" xml:lang="en" lang="en">
 <head>
  <title>
</title>
<meta http-equiv="Content-Type" content="text/html;charset=utf-8" />
  <meta name='ocr-system' content='tesseract 3.04.00' />
  <meta name='ocr-capabilities' content='ocr_page ocr_carea ocr_par ocr_line ocrx_word'/>
</head>
<body>
  <div class='ocr_page' id='page_1' title='image "./joannisdunsscot02waddgoog_0058.png"; bbox 0 0 4255 6375; ppageno 0'>
   <div class='ocr_carea' id='block_1_1' title="bbox 309 2152 613 2266">
    <p class='ocr_par' dir='ltr' id='par_1_1' title="bbox 309 2152 613 2266">
     <span class='ocr_line' id='line_1_1' title="bbox 309 2152 613 2266; baseline 0.013 -65"><span class='ocrx_word' id='word_1_1' title='bbox 309 2152 357 2203; x_wconf 78' lang='lat'>2.</span> <span class='ocrx_word' id='word_1_2' title='bbox 389 2153 524 2266; x_wconf 60' lang='lat' dir='ltr'>d.73.</span> <span class='ocrx_word' id='word_1_3' title='bbox 558 2170 613 2219; x_wconf 85' lang='lat' dir='ltr'>q.</span> 
     </span>
    </p>
   </div>
   <div class='ocr_carea' id='block_1_2' title="bbox 644 389 725 467">
    <p class='ocr_par' dir='ltr' id='par_1_2' title="bbox 644 389 725 467">
     <span class='ocr_line' id='line_1_2' title="bbox 644 389 725 467; baseline 0 0"><span class='ocrx_word' id='word_1_4' title='bbox 644 389 725 467; x_wconf 73' lang='lat'>52</span> 
     </span>
    </p>
   </div>
   <div class='ocr_carea' id='block_1_3' title="bbox 643 547 2196 760">
    <p class='ocr_par' dir='ltr' id='par_1_3' title="bbox 643 547 2196 760">
     <span class='ocr_line' id='line_1_3' title="bbox 643 547 2187 641; baseline -0.005 -18"><span class='ocrx_word' id='word_1_5' title='bbox 643 552 767 623; x_wconf 89' lang='lat' dir='ltr'>est</span> <span class='ocrx_word' id='word_1_6' title='bbox 797 548 929 622; x_wconf 89' lang='lat' dir='ltr'>hic</span> <span class='ocrx_word' id='word_1_7' title='bbox 959 547 1288 639; x_wconf 87' lang='lat' dir='ltr'>homo);</span> <span class='ocrx_word' id='word_1_8' title='bbox 1327 547 1879 641; x_wconf 88' lang='lat' dir='ltr'>quodcumque</span> <span class='ocrx_word' id='word_1_9' title='bbox 1915 550 2187 618; x_wconf 79' lang='lat' dir='ltr'>autem</span> 
     </span>
     <span class='ocr_line' id='line_1_4' title="bbox 643 665 2196 760; baseline -0.005 -20"><span class='ocrx_word' id='word_1_10' title='bbox 643 671 1012 741; x_wconf 83' lang='lat' dir='ltr'>creatum</span> <span class='ocrx_word' id='word_1_11' title='bbox 1094 665 1536 760; x_wconf 89' lang='lat' dir='ltr'>participat</span> <span class='ocrx_word' id='word_1_12' title='bbox 1616 669 2001 736; x_wconf 84' lang='lat' dir='ltr'>naturam</span> <span class='ocrx_word' id='word_1_13' title='bbox 2071 684 2196 733; x_wconf 91' lang='lat' dir='ltr'>es-</span> 
     </span>
    </p>
   </div>
   <div class='ocr_carea' id='block_1_4' title="bbox 1875 372 2779 450">
    <p class='ocr_par' dir='ltr' id='par_1_4' title="bbox 1875 372 2779 450">
     <span class='ocr_line' id='line_1_5' title="bbox 1875 372 2779 450; baseline 0.007 -6"><span class='ocrx_word' id='word_1_14' title='bbox 1875 382 2018 446; x_wconf 88' lang='lat' dir='ltr'><strong>LIB.</strong></span> <span class='ocrx_word' id='word_1_15' title='bbox 2050 372 2152 446; x_wconf 84' lang='lat' dir='ltr'>IV.</span> <span class='ocrx_word' id='word_1_16' title='bbox 2185 372 2779 450; x_wconf 81' lang='lat' dir='ltr'>SENTENTIARUM</span> 
     </span>
    </p>
   </div>
   <div class='ocr_carea' id='block_1_5' title="bbox 2307 539 3853 758">
    <p class='ocr_par' dir='ltr' id='par_1_5' title="bbox 2307 539 3853 758">
     <span class='ocr_line' id='line_1_6' title="bbox 2307 539 3853 639; baseline -0.006 -21"><span class='ocrx_word' id='word_1_17' title='bbox 2307 549 2576 618; x_wconf 85' lang='lat' dir='ltr'>turam</span> <span class='ocrx_word' id='word_1_18' title='bbox 2655 544 3102 639; x_wconf 84' lang='lat' dir='ltr'>participat</span> <span class='ocrx_word' id='word_1_19' title='bbox 3169 564 3374 626; x_wconf 85' lang='lat' dir='ltr'>eam,</span> <span class='ocrx_word' id='word_1_20' title='bbox 3444 539 3610 614; x_wconf 86' lang='lat' dir='ltr'>haec</span> <span class='ocrx_word' id='word_1_21' title='bbox 3687 557 3853 612; x_wconf 89' lang='lat' dir='ltr'>non</span> 
     </span>
     <span class='ocr_line' id='line_1_7' title="bbox 2307 657 3853 758; baseline -0.006 -22"><span class='ocrx_word' id='word_1_22' title='bbox 2307 667 2575 758; x_wconf 90' lang='lat' dir='ltr'>potest</span> <span class='ocrx_word' id='word_1_23' title='bbox 2653 686 2830 738; x_wconf 89' lang='lat' dir='ltr'>esse</span> <span class='ocrx_word' id='word_1_24' title='bbox 2919 664 3156 745; x_wconf 88' lang='lat' dir='ltr'>ratio,</span> <span class='ocrx_word' id='word_1_25' title='bbox 3241 660 3429 754; x_wconf 88' lang='lat' dir='ltr'>quia</span> <span class='ocrx_word' id='word_1_26' title='bbox 3506 659 3587 730; x_wconf 91' lang='lat' dir='ltr'>in</span> <span class='ocrx_word' id='word_1_27' title='bbox 3676 657 3853 749; x_wconf 89' lang='lat' dir='ltr'>ipso</span> 
     </span>
    </p>
   </div>
   <div class='ocr_carea' id='block_1_6' title="bbox 643 771 3860 994">
    <p class='ocr_par' dir='ltr' id='par_1_6' title="bbox 643 771 3860 994">
     <span class='ocr_line' id='line_1_8' title="bbox 644 771 3855 879; baseline -0.005 -21"><span class='ocrx_word' id='word_1_28' title='bbox 644 788 888 870; x_wconf 84' lang='lat' dir='ltr'>sendi‚</span> <span class='ocrx_word' id='word_1_29' title='bbox 949 785 1137 875; x_wconf 87' lang='lat' dir='ltr'>quia</span> <span class='ocrx_word' id='word_1_30' title='bbox 1196 786 1417 856; x_wconf 89' lang='lat' dir='ltr'>solus</span> <span class='ocrx_word' id='word_1_31' title='bbox 1482 787 1697 858; x_wconf 92' lang='lat' dir='ltr'>Deus</span> <span class='ocrx_word' id='word_1_32' title='bbox 1767 785 1889 853; x_wconf 86' lang='lat' dir='ltr'>est</span> <span class='ocrx_word' id='word_1_33' title='bbox 1954 801 2188 879; x_wconf 83' lang='lat' dir='ltr'>suum</span> <span class='ocrx_word' id='word_1_34' title='bbox 2304 785 2595 872; x_wconf 79' lang='lat' dir='ltr'>agente</span> <span class='ocrx_word' id='word_1_35' title='bbox 2639 801 2799 852; x_wconf 91' lang='lat' dir='ltr'>non</span> <span class='ocrx_word' id='word_1_36' title='bbox 2850 776 3513 872; x_wconf 74' lang='lat' dir='ltr'>p1²aesupponitur</span> <span class='ocrx_word' id='word_1_37' title='bbox 3554 771 3855 865; x_wconf 86' lang='lat' dir='ltr'>aliquid</span> 
     </span>
     <span class='ocr_line' id='line_1_9' title="bbox 643 889 3860 994; baseline -0.004 -22"><span class='ocrx_word' id='word_1_38' title='bbox 643 927 822 985; x_wconf 78' lang='lat' dir='ltr'>esse;</span> <span class='ocrx_word' id='word_1_39' title='bbox 865 921 1065 994; x_wconf 90' lang='lat' dir='ltr'>ergo</span> <span class='ocrx_word' id='word_1_40' title='bbox 1133 901 1447 972; x_wconf 91' lang='lat' dir='ltr'>nullum</span> <span class='ocrx_word' id='word_1_41' title='bbox 1498 903 1867 972; x_wconf 85' lang='lat' dir='ltr'>creatum</span> <span class='ocrx_word' id='word_1_42' title='bbox 1921 900 2191 990; x_wconf 89' lang='lat' dir='ltr'>potest</span> <span class='ocrx_word' id='word_1_43' title='bbox 2305 897 2462 990; x_wconf 87' lang='lat' dir='ltr'>ipsi</span> <span class='ocrx_word' id='word_1_44' title='bbox 2501 923 2657 979; x_wconf 80' lang='lat' dir='ltr'>esse,</span> <span class='ocrx_word' id='word_1_45' title='bbox 2709 901 2903 969; x_wconf 89' lang='lat' dir='ltr'>tunc</span> <span class='ocrx_word' id='word_1_46' title='bbox 2955 896 3168 970; x_wconf 90' lang='lat' dir='ltr'>enim</span> <span class='ocrx_word' id='word_1_47' title='bbox 3231 896 3493 987; x_wconf 92' lang='lat' dir='ltr'>ipsum</span> <span class='ocrx_word' id='word_1_48' title='bbox 3564 889 3860 984; x_wconf 90' lang='lat' dir='ltr'>produ-</span> 
     </span>
    </p>
   </div>
   <div class='ocr_carea' id='block_1_7' title="bbox 645 1011 2196 1574">
    <p class='ocr_par' dir='ltr' id='par_1_7' title="bbox 645 1011 2196 1574">
     <span class='ocr_line' id='line_1_10' title="bbox 645 1011 2192 1111; baseline -0.005 -21"><span class='ocrx_word' id='word_1_49' title='bbox 645 1018 1093 1111; x_wconf 88' lang='lat' dir='ltr'>producere</span> <span class='ocrx_word' id='word_1_50' title='bbox 1153 1015 1479 1107; x_wconf 82' lang='lat' dir='ltr'>aliquod</span> <span class='ocrx_word' id='word_1_51' title='bbox 1537 1033 1703 1093; x_wconf 90' lang='lat' dir='ltr'>ens,</span> <span class='ocrx_word' id='word_1_52' title='bbox 1772 1011 1929 1085; x_wconf 90' lang='lat' dir='ltr'>nisi</span> <span class='ocrx_word' id='word_1_53' title='bbox 1994 1031 2192 1104; x_wconf 85' lang='lat' dir='ltr'>prae-</span> 
     </span>
     <span class='ocr_line' id='line_1_11' title="bbox 647 1128 2190 1224; baseline -0.005 -17"><span class='ocrx_word' id='word_1_54' title='bbox 647 1133 1162 1224; x_wconf 85' lang='lat' dir='ltr'>intelligatur</span> <span class='ocrx_word' id='word_1_55' title='bbox 1244 1130 1546 1223; x_wconf 90' lang='lat' dir='ltr'>aliquid</span> <span class='ocrx_word' id='word_1_56' title='bbox 1616 1128 1922 1203; x_wconf 88' lang='lat' dir='ltr'>actioni</span> <span class='ocrx_word' id='word_1_57' title='bbox 1998 1148 2190 1209; x_wconf 72' lang='lat' dir='ltr'>suae,</span> 
     </span>
     <span class='ocr_line' id='line_1_12' title="bbox 651 1246 2195 1346; baseline -0.004 -22"><span class='ocrx_word' id='word_1_58' title='bbox 651 1272 793 1345; x_wconf 87' lang='lat' dir='ltr'>per</span> <span class='ocrx_word' id='word_1_59' title='bbox 844 1252 1045 1346; x_wconf 91' lang='lat' dir='ltr'>quod</span> <span class='ocrx_word' id='word_1_60' title='bbox 1088 1251 1571 1343; x_wconf 85' lang='lat' dir='ltr'>productum</span> <span class='ocrx_word' id='word_1_61' title='bbox 1626 1247 1734 1320; x_wconf 91' lang='lat' dir='ltr'>sit</span> <span class='ocrx_word' id='word_1_62' title='bbox 1779 1247 1974 1326; x_wconf 85' lang='lat' dir='ltr'>hoc;</span> <span class='ocrx_word' id='word_1_63' title='bbox 2034 1246 2195 1318; x_wconf 87' lang='lat' dir='ltr'>tale</span> 
     </span>
     <span class='ocr_line' id='line_1_13' title="bbox 648 1362 2196 1458; baseline -0.005 -18"><span class='ocrx_word' id='word_1_64' title='bbox 648 1374 921 1442; x_wconf 88' lang='lat' dir='ltr'>autem</span> <span class='ocrx_word' id='word_1_65' title='bbox 962 1388 1122 1439; x_wconf 92' lang='lat' dir='ltr'>non</span> <span class='ocrx_word' id='word_1_66' title='bbox 1181 1370 1444 1458; x_wconf 87' lang='lat' dir='ltr'>potest</span> <span class='ocrx_word' id='word_1_67' title='bbox 1493 1364 1842 1455; x_wconf 79' lang='lat' dir='ltr'>intelligi</span> <span class='ocrx_word' id='word_1_68' title='bbox 1896 1363 1975 1435; x_wconf 91' lang='lat' dir='ltr'>in</span> <span class='ocrx_word' id='word_1_69' title='bbox 2019 1362 2196 1433; x_wconf 90' lang='lat' dir='ltr'>sub-</span> 
     </span>
     <span class='ocr_line' id='line_1_14' title="bbox 651 1481 2196 1574; baseline -0.005 -16"><span class='ocrx_word' id='word_1_70' title='bbox 651 1485 958 1560; x_wconf 86' lang='lat' dir='ltr'>stantia</span> <span class='ocrx_word' id='word_1_71' title='bbox 1000 1483 1555 1564; x_wconf 72' lang='lat' dir='ltr'>immateriali,</span> <span class='ocrx_word' id='word_1_72' title='bbox 1607 1482 1795 1573; x_wconf 86' lang='lat' dir='ltr'>quia</span> <span class='ocrx_word' id='word_1_73' title='bbox 1847 1481 2023 1574; x_wconf 85' lang='lat' dir='ltr'>ipsa</span> <span class='ocrx_word' id='word_1_74' title='bbox 2073 1483 2196 1552; x_wconf 91' lang='lat' dir='ltr'>est</span> 
     </span>
    </p>
   </div>
   <div class='ocr_carea' id='block_1_8' title="bbox 648 1600 2200 1797">
    <p class='ocr_par' dir='ltr' id='par_1_8' title="bbox 648 1600 2200 1797">
     <span class='ocr_line' id='line_1_15' title="bbox 648 1600 2199 1693; baseline -0.003 -25"><span class='ocrx_word' id='word_1_75' title='bbox 648 1606 768 1669; x_wconf 81' lang='lat' dir='ltr'>hoc</span> <span class='ocrx_word' id='word_1_76' title='bbox 818 1621 958 1693; x_wconf 90' lang='lat' dir='ltr'>per</span> <span class='ocrx_word' id='word_1_77' title='bbox 1009 1600 1358 1672; x_wconf 88' lang='lat' dir='ltr'>formam</span> <span class='ocrx_word' id='word_1_78' title='bbox 1431 1618 1686 1678; x_wconf 87' lang='lat' dir='ltr'>suam,</span> <span class='ocrx_word' id='word_1_79' title='bbox 1751 1616 1896 1688; x_wconf 89' lang='lat' dir='ltr'>per</span> <span class='ocrx_word' id='word_1_80' title='bbox 1958 1614 2199 1686; x_wconf 87' lang='lat' dir='ltr'>quam</span> 
     </span>
     <span class='ocr_line' id='line_1_16' title="bbox 650 1702 2200 1797; baseline -0.004 -19"><span class='ocrx_word' id='word_1_81' title='bbox 650 1709 891 1781; x_wconf 89' lang='lat' dir='ltr'>habet</span> <span class='ocrx_word' id='word_1_82' title='bbox 969 1729 1199 1788; x_wconf 87' lang='lat' dir='ltr'>esse;</span> <span class='ocrx_word' id='word_1_83' title='bbox 1246 1726 1446 1797; x_wconf 88' lang='lat' dir='ltr'>ergo</span> <span class='ocrx_word' id='word_1_84' title='bbox 1523 1703 1985 1777; x_wconf 86' lang='lat' dir='ltr'>substantia</span> <span class='ocrx_word' id='word_1_85' title='bbox 2060 1702 2200 1773; x_wconf 81' lang='lat' dir='ltr'>iln-</span> 
     </span>
    </p>
   </div>
   <div class='ocr_carea' id='block_1_9' title="bbox 650 1822 2223 5277">
    <p class='ocr_par' dir='ltr' id='par_1_9' title="bbox 650 1822 2223 5277">
     <span class='ocr_line' id='line_1_17' title="bbox 655 1822 2199 1914; baseline -0.006 -16"><span class='ocrx_word' id='word_1_86' title='bbox 655 1824 1108 1898; x_wconf 88' lang='lat' dir='ltr'>materialis</span> <span class='ocrx_word' id='word_1_87' title='bbox 1181 1843 1345 1894; x_wconf 91' lang='lat' dir='ltr'>non</span> <span class='ocrx_word' id='word_1_88' title='bbox 1410 1827 1679 1914; x_wconf 88' lang='lat' dir='ltr'>potest</span> <span class='ocrx_word' id='word_1_89' title='bbox 1752 1822 2199 1912; x_wconf 87' lang='lat' dir='ltr'>producere</span> 
     </span>
     <span class='ocr_line' id='line_1_18' title="bbox 650 1937 2199 2018; baseline -0.006 -3"><span class='ocrx_word' id='word_1_90' title='bbox 650 1944 898 2016; x_wconf 88' lang='lat' dir='ltr'>aliam</span> <span class='ocrx_word' id='word_1_91' title='bbox 950 1941 1495 2015; x_wconf 87' lang='lat' dir='ltr'>substantiam</span> <span class='ocrx_word' id='word_1_92' title='bbox 1544 1937 2199 2018; x_wconf 71' lang='lat' dir='ltr'>immaterialem,</span> 
     </span>
     <span class='ocr_line' id='line_1_19' title="bbox 653 2053 2107 2154; baseline -0.006 -23"><span class='ocrx_word' id='word_1_93' title='bbox 653 2065 1045 2154; x_wconf 85' lang='lat' dir='ltr'>quantum</span> <span class='ocrx_word' id='word_1_94' title='bbox 1089 2059 1182 2128; x_wconf 84' lang='lat' dir='ltr'>ad</span> <span class='ocrx_word' id='word_1_95' title='bbox 1217 2056 1710 2148; x_wconf 89' lang='lat' dir='ltr'>simpliciter</span> <span class='ocrx_word' id='word_1_96' title='bbox 1740 2079 1874 2122; x_wconf 82' lang='lat' dir='ltr'>esse</span> <span class='ocrx_word' id='word_1_97' title='bbox 1905 2053 2107 2146; x_wconf 85' lang='lat' dir='ltr'>ejus.</span> 
     </span>
     <span class='ocr_line' id='line_1_20' title="bbox 748 2169 2204 2264; baseline -0.007 -15"><span class='ocrx_word' id='word_1_98' title='bbox 748 2179 915 2249; x_wconf 85' lang='lat' dir='ltr'>Ista</span> <span class='ocrx_word' id='word_1_99' title='bbox 942 2175 1155 2248; x_wconf 89' lang='lat' dir='ltr'>ratio</span> <span class='ocrx_word' id='word_1_100' title='bbox 1179 2175 1262 2263; x_wconf 85' lang='lat' dir='ltr'>(l)</span> <span class='ocrx_word' id='word_1_101' title='bbox 1295 2172 1769 2264; x_wconf 71' lang='lat' dir='ltr'>aliqualiter</span> <span class='ocrx_word' id='word_1_102' title='bbox 1803 2169 2204 2262; x_wconf 87' lang='lat' dir='ltr'>improba·</span> 
     </span>
     <span class='ocr_line' id='line_1_21' title="bbox 652 2283 2205 2382; baseline -0.006 -18"><span class='ocrx_word' id='word_1_103' title='bbox 652 2294 738 2364; x_wconf 86' lang='lat' dir='ltr'>ta</span> <span class='ocrx_word' id='word_1_104' title='bbox 795 2292 1012 2373; x_wconf 87' lang='lat' dir='ltr'>alibi,</span> <span class='ocrx_word' id='word_1_105' title='bbox 1053 2288 1612 2382; x_wconf 72' lang='lat' dir='ltr'>praesupponit</span> <span class='ocrx_word' id='word_1_106' title='bbox 1663 2306 1937 2365; x_wconf 92' lang='lat' dir='ltr'>unum,</span> <span class='ocrx_word' id='word_1_107' title='bbox 1994 2283 2205 2357; x_wconf 89' lang='lat' dir='ltr'>scili·</span> 
     </span>
     <span class='ocr_line' id='line_1_22' title="bbox 654 2400 2206 2498; baseline -0.007 -17"><span class='ocrx_word' id='word_1_108' title='bbox 654 2412 781 2481; x_wconf 86' lang='lat' dir='ltr'>cet</span> <span class='ocrx_word' id='word_1_109' title='bbox 832 2406 1040 2498; x_wconf 91' lang='lat' dir='ltr'>quod</span> <span class='ocrx_word' id='word_1_110' title='bbox 1082 2425 1245 2476; x_wconf 89' lang='lat' dir='ltr'>non</span> <span class='ocrx_word' id='word_1_111' title='bbox 1288 2404 1394 2476; x_wconf 90' lang='lat' dir='ltr'>sit</span> <span class='ocrx_word' id='word_1_112' title='bbox 1439 2407 1549 2471; x_wconf 81' lang='lat' dir='ltr'>hic</span> <span class='ocrx_word' id='word_1_113' title='bbox 1590 2407 1806 2484; x_wconf 78' lang='lat' dir='ltr'>homo,</span> <span class='ocrx_word' id='word_1_114' title='bbox 1852 2400 2012 2472; x_wconf 91' lang='lat' dir='ltr'>nisi</span> <span class='ocrx_word' id='word_1_115' title='bbox 2061 2418 2206 2492; x_wconf 87' lang='lat' dir='ltr'>per</span> 
     </span>
     <span class='ocr_line' id='line_1_23' title="bbox 658 2517 2206 2610; baseline -0.006 -15"><span class='ocrx_word' id='word_1_116' title='bbox 658 2523 1146 2603; x_wconf 78' lang='lat' dir='ltr'>materiam3</span> <span class='ocrx_word' id='word_1_117' title='bbox 1212 2520 1452 2602; x_wconf 90' lang='lat' dir='ltr'>aliud,</span> <span class='ocrx_word' id='word_1_118' title='bbox 1553 2519 1759 2610; x_wconf 90' lang='lat' dir='ltr'>quod</span> <span class='ocrx_word' id='word_1_119' title='bbox 1848 2517 2206 2608; x_wconf 84' lang='lat' dir='ltr'>Angelus</span> 
     </span>
     <span class='ocr_line' id='line_1_24' title="bbox 654 2636 2206 2734; baseline -0.006 -21"><span class='ocrx_word' id='word_1_120' title='bbox 654 2661 801 2734; x_wconf 88' lang='lat' dir='ltr'>per</span> <span class='ocrx_word' id='word_1_121' title='bbox 835 2660 1065 2712; x_wconf 87' lang='lat' dir='ltr'>suam</span> <span class='ocrx_word' id='word_1_122' title='bbox 1102 2636 1455 2712; x_wconf 83' lang='lat' dir='ltr'>formam</span> <span class='ocrx_word' id='word_1_123' title='bbox 1492 2637 1600 2710; x_wconf 90' lang='lat' dir='ltr'>sit</span> <span class='ocrx_word' id='word_1_124' title='bbox 1629 2641 1760 2705; x_wconf 80' lang='lat' dir='ltr'>hic.</span> <span class='ocrx_word' id='word_1_125' title='bbox 1800 2636 2206 2709; x_wconf 83' lang='lat' dir='ltr'>Similiter</span> 
     </span>
     <span class='ocr_line' id='line_1_25' title="bbox 657 2752 2210 2848; baseline -0.004 -20"><span class='ocrx_word' id='word_1_126' title='bbox 657 2756 970 2848; x_wconf 87' lang='lat' dir='ltr'>quando</span> <span class='ocrx_word' id='word_1_127' title='bbox 1003 2754 1303 2846; x_wconf 85' lang='lat' dir='ltr'>accipit</span> <span class='ocrx_word' id='word_1_128' title='bbox 1334 2753 1415 2826; x_wconf 91' lang='lat' dir='ltr'>in</span> <span class='ocrx_word' id='word_1_129' title='bbox 1458 2752 1995 2844; x_wconf 87' lang='lat' dir='ltr'>majori.quod</span> <span class='ocrx_word' id='word_1_130' title='bbox 2030 2772 2210 2844; x_wconf 86' lang='lat' dir='ltr'>par-</span> 
     </span>
     <span class='ocr_line' id='line_1_26' title="bbox 655 2870 2209 2966; baseline -0.005 -19"><span class='ocrx_word' id='word_1_131' title='bbox 655 2874 1007 2966; x_wconf 87' lang='lat' dir='ltr'>ticipans</span> <span class='ocrx_word' id='word_1_132' title='bbox 1043 2870 1403 2963; x_wconf 88' lang='lat' dir='ltr'>aliquam</span> <span class='ocrx_word' id='word_1_133' title='bbox 1438 2875 1848 2952; x_wconf 85' lang='lat' dir='ltr'>naturam,</span> <span class='ocrx_word' id='word_1_134' title='bbox 1878 2890 2040 2941; x_wconf 89' lang='lat' dir='ltr'>non</span> <span class='ocrx_word' id='word_1_135' title='bbox 2076 2890 2209 2961; x_wconf 90' lang='lat' dir='ltr'>po-</span> 
     </span>
     <span class='ocr_line' id='line_1_27' title="bbox 657 2985 2210 3081; baseline -0.003 -18"><span class='ocrx_word' id='word_1_136' title='bbox 657 2993 820 3063; x_wconf 87' lang='lat' dir='ltr'>test</span> <span class='ocrx_word' id='word_1_137' title='bbox 889 2988 1362 3081; x_wconf 90' lang='lat' dir='ltr'>producere,</span> <span class='ocrx_word' id='word_1_138' title='bbox 1432 2989 1584 3059; x_wconf 86' lang='lat' dir='ltr'>etc.</span> <span class='ocrx_word' id='word_1_139' title='bbox 1654 2988 1816 3060; x_wconf 90' lang='lat' dir='ltr'>Aut</span> <span class='ocrx_word' id='word_1_140' title='bbox 1872 2985 2026 3058; x_wconf 89' lang='lat' dir='ltr'>hoc</span> <span class='ocrx_word' id='word_1_141' title='bbox 2085 2989 2210 3059; x_wconf 87' lang='lat' dir='ltr'>est</span> 
     </span>
     <span class='ocr_line' id='line_1_28' title="bbox 658 3102 2210 3198; baseline -0.001 -23"><span class='ocrx_word' id='word_1_142' title='bbox 658 3105 859 3187; x_wconf 92' lang='lat' dir='ltr'>ideo,</span> <span class='ocrx_word' id='word_1_143' title='bbox 918 3105 1105 3198; x_wconf 86' lang='lat' dir='ltr'>quia</span> <span class='ocrx_word' id='word_1_144' title='bbox 1154 3123 1482 3177; x_wconf 90' lang='lat' dir='ltr'>necesse</span> <span class='ocrx_word' id='word_1_145' title='bbox 1525 3106 1650 3176; x_wconf 90' lang='lat' dir='ltr'>est</span> <span class='ocrx_word' id='word_1_146' title='bbox 1693 3102 1918 3174; x_wconf 86' lang='lat' dir='ltr'>illam</span> <span class='ocrx_word' id='word_1_147' title='bbox 1975 3106 2210 3176; x_wconf 90' lang='lat' dir='ltr'>natu-</span> 
     </span>
     <span class='ocr_line' id='line_1_29' title="bbox 662 3220 2214 3314; baseline -0.003 -21"><span class='ocrx_word' id='word_1_148' title='bbox 662 3243 839 3294; x_wconf 89' lang='lat' dir='ltr'>ram</span> <span class='ocrx_word' id='word_1_149' title='bbox 903 3221 1392 3314; x_wconf 88' lang='lat' dir='ltr'>participari</span> <span class='ocrx_word' id='word_1_150' title='bbox 1435 3240 1482 3292; x_wconf 92' lang='lat' dir='ltr'>a</span> <span class='ocrx_word' id='word_1_151' title='bbox 1531 3220 1955 3312; x_wconf 91' lang='lat' dir='ltr'>producto,</span> <span class='ocrx_word' id='word_1_152' title='bbox 2002 3220 2214 3290; x_wconf 83' lang='lat' dir='ltr'>etex</span> 
     </span>
     <span class='ocr_line' id='line_1_30' title="bbox 656 3334 2211 3428; baseline -0.003 -20"><span class='ocrx_word' id='word_1_153' title='bbox 656 3338 811 3410; x_wconf 90' lang='lat' dir='ltr'>hoc</span> <span class='ocrx_word' id='word_1_154' title='bbox 852 3337 1056 3428; x_wconf 90' lang='lat' dir='ltr'>quod</span> <span class='ocrx_word' id='word_1_155' title='bbox 1093 3335 1645 3428; x_wconf 85' lang='lat' dir='ltr'>participatur</span> <span class='ocrx_word' id='word_1_156' title='bbox 1676 3334 1774 3405; x_wconf 86' lang='lat' dir='ltr'>ab</span> <span class='ocrx_word' id='word_1_157' title='bbox 1813 3354 1934 3417; x_wconf 93' lang='lat' dir='ltr'>e0,</span> <span class='ocrx_word' id='word_1_158' title='bbox 1975 3354 2211 3425; x_wconf 89' lang='lat' dir='ltr'>opor·</span> 
     </span>
     <span class='ocr_line' id='line_1_31' title="bbox 659 3451 2214 3546; baseline -0.006 -16"><span class='ocrx_word' id='word_1_159' title='bbox 659 3453 1133 3546; x_wconf 85' lang='lat' dir='ltr'>tet&#39;aliquid</span> <span class='ocrx_word' id='word_1_160' title='bbox 1189 3451 1712 3546; x_wconf 82' lang='lat' dir='ltr'>praesupponi</span> <span class='ocrx_word' id='word_1_161' title='bbox 1774 3452 1902 3523; x_wconf 92' lang='lat' dir='ltr'>cui</span> <span class='ocrx_word' id='word_1_162' title='bbox 1962 3451 2214 3542; x_wconf 90' lang='lat' dir='ltr'>appli-</span> 
     </span>
     <span class='ocr_line' id='line_1_32' title="bbox 656 3567 2213 3660; baseline -0.004 -15"><span class='ocrx_word' id='word_1_163' title='bbox 656 3576 912 3652; x_wconf 83' lang='lat' dir='ltr'>cetur,</span> <span class='ocrx_word' id='word_1_164' title='bbox 998 3575 1078 3644; x_wconf 93' lang='lat' dir='ltr'>et</span> <span class='ocrx_word' id='word_1_165' title='bbox 1159 3573 1351 3644; x_wconf 87' lang='lat' dir='ltr'>tunc</span> <span class='ocrx_word' id='word_1_166' title='bbox 1437 3572 1922 3660; x_wconf 85' lang='lat' dir='ltr'>sequeretur</span> <span class='ocrx_word' id='word_1_167' title='bbox 2007 3567 2213 3658; x_wconf 89' lang='lat' dir='ltr'>quod</span> 
     </span>
     <span class='ocr_line' id='line_1_33' title="bbox 654 3681 2210 3781; baseline -0.006 -17"><span class='ocrx_word' id='word_1_168' title='bbox 654 3681 870 3764; x_wconf 85' lang='lat' dir='ltr'>Deus</span> <span class='ocrx_word' id='word_1_169' title='bbox 921 3709 1083 3760; x_wconf 91' lang='lat' dir='ltr'>non</span> <span class='ocrx_word' id='word_1_170' title='bbox 1137 3689 1410 3781; x_wconf 86' lang='lat' dir='ltr'>posset</span> <span class='ocrx_word' id='word_1_171' title='bbox 1440 3699 1729 3760; x_wconf 84' lang='lat' dir='ltr'>creare</span> <span class='ocrx_word' id='word_1_172' title='bbox 1788 3684 2210 3775; x_wconf 88' lang='lat' dir='ltr'>Angelum,</span> 
     </span>
     <span class='ocr_line' id='line_1_34' title="bbox 656 3800 2214 3897; baseline -0.003 -19"><span class='ocrx_word' id='word_1_173' title='bbox 656 3809 832 3878; x_wconf 91' lang='lat' dir='ltr'>tum</span> <span class='ocrx_word' id='word_1_174' title='bbox 867 3805 1057 3897; x_wconf 88' lang='lat' dir='ltr'>quia</span> <span class='ocrx_word' id='word_1_175' title='bbox 1107 3805 1461 3895; x_wconf 86' lang='lat' dir='ltr'>Angelus</span> <span class='ocrx_word' id='word_1_176' title='bbox 1503 3803 1640 3874; x_wconf 89' lang='lat' dir='ltr'>ille</span> <span class='ocrx_word' id='word_1_177' title='bbox 1674 3800 2214 3894; x_wconf 82' lang='lat' dir='ltr'>participaret</span> 
     </span>
     <span class='ocr_line' id='line_1_35' title="bbox 659 3920 2214 4012; baseline -0.003 -19"><span class='ocrx_word' id='word_1_178' title='bbox 659 3941 863 4003; x_wconf 88' lang='lat' dir='ltr'>esse,</span> <span class='ocrx_word' id='word_1_179' title='bbox 916 3925 996 3994; x_wconf 89' lang='lat' dir='ltr'>et</span> <span class='ocrx_word' id='word_1_180' title='bbox 1041 3939 1188 4012; x_wconf 86' lang='lat' dir='ltr'>per·</span> <span class='ocrx_word' id='word_1_181' title='bbox 1238 3938 1739 4011; x_wconf 87' lang='lat' dir='ltr'>consequens</span> <span class='ocrx_word' id='word_1_182' title='bbox 1788 3920 2214 4009; x_wconf 89' lang='lat' dir='ltr'>oporteret</span> 
     </span>
     <span class='ocr_line' id='line_1_36' title="bbox 665 4033 2217 4130; baseline -0.003 -21"><span class='ocrx_word' id='word_1_183' title='bbox 665 4057 1297 4130; x_wconf 75' lang='lat' dir='ltr'>praesupponere</span> <span class='ocrx_word' id='word_1_184' title='bbox 1337 4035 1662 4125; x_wconf 87' lang='lat' dir='ltr'>aliquid,</span> <span class='ocrx_word' id='word_1_185' title='bbox 1701 4034 1831 4107; x_wconf 90' lang='lat' dir='ltr'>cui</span> <span class='ocrx_word' id='word_1_186' title='bbox 1868 4033 2217 4126; x_wconf 87' lang='lat' dir='ltr'>applica-</span> 
     </span>
     <span class='ocr_line' id='line_1_37' title="bbox 665 4150 2218 4243; baseline -0.002 -18"><span class='ocrx_word' id='word_1_187' title='bbox 665 4157 900 4227; x_wconf 85' lang='lat' dir='ltr'>retur</span> <span class='ocrx_word' id='word_1_188' title='bbox 958 4177 1114 4235; x_wconf 78' lang='lat' dir='ltr'>esse,</span> <span class='ocrx_word' id='word_1_189' title='bbox 1184 4152 1391 4243; x_wconf 90' lang='lat' dir='ltr'>quod</span> <span class='ocrx_word' id='word_1_190' title='bbox 1448 4156 1573 4225; x_wconf 89' lang='lat' dir='ltr'>est</span> <span class='ocrx_word' id='word_1_191' title='bbox 1624 4154 1916 4224; x_wconf 87' lang='lat' dir='ltr'>contra</span> <span class='ocrx_word' id='word_1_192' title='bbox 1969 4150 2218 4224; x_wconf 86' lang='lat' dir='ltr'>ratio·</span> 
     </span>
     <span class='ocr_line' id='line_1_38' title="bbox 664 4264 2216 4355; baseline -0.001 -16"><span class='ocrx_word' id='word_1_193' title='bbox 664 4288 850 4340; x_wconf 90' lang='lat' dir='ltr'>nem</span> <span class='ocrx_word' id='word_1_194' title='bbox 935 4267 1436 4348; x_wconf 89' lang='lat' dir='ltr'>creationis;</span> <span class='ocrx_word' id='word_1_195' title='bbox 1490 4268 1665 4338; x_wconf 86' lang='lat' dir='ltr'>tum</span> <span class='ocrx_word' id='word_1_196' title='bbox 1766 4264 1955 4355; x_wconf 88' lang='lat' dir='ltr'>quia</span> <span class='ocrx_word' id='word_1_197' title='bbox 2040 4266 2064 4352; x_wconf 94' lang='lat'>(</span> <span class='ocrx_word' id='word_1_198' title='bbox 2127 4268 2216 4338; x_wconf 87' lang='lat' dir='ltr'>ut</span> 
     </span>
     <span class='ocr_line' id='line_1_39' title="bbox 665 4381 2219 4474; baseline -0.003 -19"><span class='ocrx_word' id='word_1_199' title='bbox 665 4383 1029 4457; x_wconf 80' lang='lat' dir='ltr'>declarat</span> <span class='ocrx_word' id='word_1_200' title='bbox 1124 4382 1499 4474; x_wconf 80' lang='lat' dir='ltr'>probatio</span> <span class='ocrx_word' id='word_1_201' title='bbox 1590 4381 1932 4474; x_wconf 75' lang='lat' dir='ltr'>maJoris</span> <span class='ocrx_word' id='word_1_202' title='bbox 1983 4382 2005 4470; x_wconf 87' lang='lat'>)</span> <span class='ocrx_word' id='word_1_203' title='bbox 2073 4400 2219 4474; x_wconf 85' lang='lat' dir='ltr'>per</span> 
     </span>
     <span class='ocr_line' id='line_1_40' title="bbox 666 4496 2211 4590; baseline 0 -22"><span class='ocrx_word' id='word_1_204' title='bbox 666 4496 861 4569; x_wconf 90' lang='lat' dir='ltr'>illud</span> <span class='ocrx_word' id='word_1_205' title='bbox 982 4499 1672 4590; x_wconf 82' lang='lat' dir='ltr'>praesuppositum</span> <span class='ocrx_word' id='word_1_206' title='bbox 1789 4500 2211 4588; x_wconf 87' lang='lat' dir='ltr'>oporteret</span> 
     </span>
     <span class='ocr_line' id='line_1_41' title="bbox 666 4612 2216 4704; baseline -0.001 -21"><span class='ocrx_word' id='word_1_207' title='bbox 666 4613 1152 4703; x_wconf 89' lang='lat' dir='ltr'>productum</span> <span class='ocrx_word' id='word_1_208' title='bbox 1214 4634 1394 4685; x_wconf 88' lang='lat' dir='ltr'>esse</span> <span class='ocrx_word' id='word_1_209' title='bbox 1459 4617 1621 4694; x_wconf 81' lang='lat' dir='ltr'>hoc;</span> <span class='ocrx_word' id='word_1_210' title='bbox 1670 4612 1804 4684; x_wconf 92' lang='lat' dir='ltr'>sed</span> <span class='ocrx_word' id='word_1_211' title='bbox 1867 4632 2014 4704; x_wconf 88' lang='lat' dir='ltr'>per</span> <span class='ocrx_word' id='word_1_212' title='bbox 2078 4631 2216 4683; x_wconf 91' lang='lat' dir='ltr'>eos</span> 
     </span>
     <span class='ocr_line' id='line_1_42' title="bbox 669 4728 2221 4820; baseline -0.001 -21"><span class='ocrx_word' id='word_1_213' title='bbox 669 4728 1027 4818; x_wconf 81' lang='lat' dir='ltr'>Angelus</span> <span class='ocrx_word' id='word_1_214' title='bbox 1083 4748 1245 4799; x_wconf 90' lang='lat' dir='ltr'>non</span> <span class='ocrx_word' id='word_1_215' title='bbox 1307 4730 1574 4819; x_wconf 90' lang='lat' dir='ltr'>potest</span> <span class='ocrx_word' id='word_1_216' title='bbox 1643 4748 1822 4801; x_wconf 90' lang='lat' dir='ltr'>esse</span> <span class='ocrx_word' id='word_1_217' title='bbox 1878 4731 2009 4810; x_wconf 63' lang='lat' dir='ltr'>laic,</span> <span class='ocrx_word' id='word_1_218' title='bbox 2075 4748 2221 4820; x_wconf 87' lang='lat' dir='ltr'>per</span> 
     </span>
     <span class='ocr_line' id='line_1_43' title="bbox 673 4842 2220 4937; baseline 0.001 -24"><span class='ocrx_word' id='word_1_219' title='bbox 673 4842 973 4935; x_wconf 88' lang='lat' dir='ltr'>aliquid</span> <span class='ocrx_word' id='word_1_220' title='bbox 1043 4843 1759 4937; x_wconf 82' lang='lat' dir='ltr'>praesuppositum,</span> <span class='ocrx_word' id='word_1_221' title='bbox 1827 4844 2015 4935; x_wconf 88' lang='lat' dir='ltr'>quia</span> <span class='ocrx_word' id='word_1_222' title='bbox 2075 4864 2220 4936; x_wconf 90' lang='lat' dir='ltr'>per</span> 
     </span>
     <span class='ocr_line' id='line_1_44' title="bbox 676 4957 2220 5052; baseline 0.002 -24"><span class='ocrx_word' id='word_1_223' title='bbox 676 4957 1027 5030; x_wconf 84' lang='lat' dir='ltr'>formam</span> <span class='ocrx_word' id='word_1_224' title='bbox 1062 4980 1292 5031; x_wconf 87' lang='lat' dir='ltr'>suam</span> <span class='ocrx_word' id='word_1_225' title='bbox 1324 4964 1447 5033; x_wconf 88' lang='lat' dir='ltr'>est</span> <span class='ocrx_word' id='word_1_226' title='bbox 1485 4963 1805 5040; x_wconf 58' lang='lat' dir='ltr'>himnon</span> <span class='ocrx_word' id='word_1_227' title='bbox 1849 4979 2047 5050; x_wconf 86' lang='lat' dir='ltr'>ergo</span> <span class='ocrx_word' id='word_1_228' title='bbox 2082 4980 2220 5052; x_wconf 88' lang='lat' dir='ltr'>po-</span> 
     </span>
     <span class='ocr_line' id='line_1_45' title="bbox 678 5076 2216 5168; baseline 0.005 -24"><span class='ocrx_word' id='word_1_229' title='bbox 678 5076 837 5147; x_wconf 87' lang='lat' dir='ltr'>test</span> <span class='ocrx_word' id='word_1_230' title='bbox 880 5076 1147 5166; x_wconf 83' lang='lat' dir='ltr'>major</span> <span class='ocrx_word' id='word_1_231' title='bbox 1187 5097 1364 5148; x_wconf 87' lang='lat' dir='ltr'>esse</span> <span class='ocrx_word' id='word_1_232' title='bbox 1413 5096 1612 5148; x_wconf 81' lang='lat' dir='ltr'>vera</span> <span class='ocrx_word' id='word_1_233' title='bbox 1667 5078 2007 5168; x_wconf 88' lang='lat' dir='ltr'>propter</span> <span class='ocrx_word' id='word_1_234' title='bbox 2038 5077 2216 5159; x_wconf 88' lang='lat' dir='ltr'>hoc,</span> 
     </span>
     <span class='ocr_line' id='line_1_46' title="bbox 680 5189 2223 5277; baseline 0.005 -19"><span class='ocrx_word' id='word_1_235' title='bbox 680 5189 885 5277; x_wconf 89' lang='lat' dir='ltr'>quod</span> <span class='ocrx_word' id='word_1_236' title='bbox 958 5197 1258 5263; x_wconf 85' lang='lat' dir='ltr'>natura</span> <span class='ocrx_word' id='word_1_237' title='bbox 1340 5192 1482 5263; x_wconf 88' lang='lat' dir='ltr'>illa</span> <span class='ocrx_word' id='word_1_238' title='bbox 1553 5193 2223 5265; x_wconf 82' lang='lat' dir='ltr'>communicanda</span> 
     </span>
    </p>
   </div>
   <div class='ocr_carea' id='block_1_10' title="bbox 680 5303 2221 5509">
    <p class='ocr_par' dir='ltr' id='par_1_10' title="bbox 680 5303 2221 5509">
     <span class='ocr_line' id='line_1_47' title="bbox 681 5303 2220 5399; baseline 0.007 -28"><span class='ocrx_word' id='word_1_239' title='bbox 681 5303 1224 5397; x_wconf 87' lang='lat' dir='ltr'>participetur</span> <span class='ocrx_word' id='word_1_240' title='bbox 1301 5328 1348 5379; x_wconf 89' lang='lat' dir='ltr'>a</span> <span class='ocrx_word' id='word_1_241' title='bbox 1425 5309 1844 5399; x_wconf 89' lang='lat' dir='ltr'>producto.</span> <span class='ocrx_word' id='word_1_242' title='bbox 1892 5309 1973 5381; x_wconf 82' lang='lat' dir='ltr'>Si</span> <span class='ocrx_word' id='word_1_243' title='bbox 2021 5329 2220 5382; x_wconf 87' lang='lat' dir='ltr'>vero</span> 
     </span>
     <span class='ocr_line' id='line_1_48' title="bbox 680 5408 2221 5509; baseline 0.006 -30"><span class='ocrx_word' id='word_1_244' title='bbox 680 5408 1001 5480; x_wconf 90' lang='lat' dir='ltr'>dicatur</span> <span class='ocrx_word' id='word_1_245' title='bbox 1070 5414 1335 5504; x_wconf 86' lang='lat' dir='ltr'>major</span> <span class='ocrx_word' id='word_1_246' title='bbox 1379 5436 1555 5487; x_wconf 88' lang='lat' dir='ltr'>esse</span> <span class='ocrx_word' id='word_1_247' title='bbox 1603 5436 1824 5498; x_wconf 88' lang='lat' dir='ltr'>vera,</span> <span class='ocrx_word' id='word_1_248' title='bbox 1882 5422 2221 5509; x_wconf 89' lang='lat' dir='ltr'>propter</span> 
     </span>
    </p>
   </div>
   <div class='ocr_carea' id='block_1_11' title="bbox 683 5524 2223 5618">
    <p class='ocr_par' dir='ltr' id='par_1_11' title="bbox 683 5524 2223 5618">
     <span class='ocr_line' id='line_1_49' title="bbox 683 5524 2223 5618; baseline 0.008 -27"><span class='ocrx_word' id='word_1_249' title='bbox 683 5525 835 5594; x_wconf 90' lang='lat' dir='ltr'>hoc</span> <span class='ocrx_word' id='word_1_250' title='bbox 887 5524 1094 5615; x_wconf 91' lang='lat' dir='ltr'>quod</span> <span class='ocrx_word' id='word_1_251' title='bbox 1152 5547 1397 5618; x_wconf 87' lang='lat' dir='ltr'>agens</span> <span class='ocrx_word' id='word_1_252' title='bbox 1440 5533 2048 5603; x_wconf 87' lang='lat' dir='ltr'>communicans</span> <span class='ocrx_word' id='word_1_253' title='bbox 2083 5553 2223 5604; x_wconf 91' lang='lat' dir='ltr'>na-</span> 
     </span>
    </p>
   </div>
   <div class='ocr_carea' id='block_1_12' title="bbox 2307 1011 3858 1107">
    <p class='ocr_par' dir='ltr' id='par_1_12' title="bbox 2307 1011 3858 1107">
     <span class='ocr_line' id='line_1_50' title="bbox 2307 1011 3858 1107; baseline -0.01 -19"><span class='ocrx_word' id='word_1_254' title='bbox 2307 1036 2494 1088; x_wconf 89' lang='lat' dir='ltr'>cens</span> <span class='ocrx_word' id='word_1_255' title='bbox 2545 1036 2707 1088; x_wconf 91' lang='lat' dir='ltr'>non</span> <span class='ocrx_word' id='word_1_256' title='bbox 2767 1017 3044 1107; x_wconf 86' lang='lat' dir='ltr'>posset</span> <span class='ocrx_word' id='word_1_257' title='bbox 3107 1011 3422 1092; x_wconf 78' lang='lat' dir='ltr'>creari3</span> <span class='ocrx_word' id='word_1_258' title='bbox 3461 1027 3663 1099; x_wconf 88' lang='lat' dir='ltr'>ergo</span> <span class='ocrx_word' id='word_1_259' title='bbox 3713 1025 3858 1077; x_wconf 88' lang='lat' dir='ltr'>nec</span> 
     </span>
    </p>
   </div>
   <div class='ocr_carea' id='block_1_13' title="bbox 2311 1124 3878 3436">
    <p class='ocr_par' dir='ltr' id='par_1_13' title="bbox 2311 1124 3864 1456">
     <span class='ocr_line' id='line_1_51' title="bbox 2311 1124 3863 1224; baseline -0.008 -20"><span class='ocrx_word' id='word_1_260' title='bbox 2311 1135 2634 1224; x_wconf 87' lang='lat' dir='ltr'>oportet</span> <span class='ocrx_word' id='word_1_261' title='bbox 2696 1131 2773 1203; x_wconf 91' lang='lat' dir='ltr'>in</span> <span class='ocrx_word' id='word_1_262' title='bbox 2835 1130 3002 1212; x_wconf 91' lang='lat' dir='ltr'>illo,</span> <span class='ocrx_word' id='word_1_263' title='bbox 3073 1129 3277 1222; x_wconf 90' lang='lat' dir='ltr'>quod</span> <span class='ocrx_word' id='word_1_264' title='bbox 3344 1124 3863 1197; x_wconf 86' lang='lat' dir='ltr'>assimilatur</span> 
     </span>
     <span class='ocr_line' id='line_1_52' title="bbox 2313 1239 3864 1340; baseline -0.005 -21"><span class='ocrx_word' id='word_1_265' title='bbox 2313 1248 2787 1340; x_wconf 88' lang='lat' dir='ltr'>producenti</span> <span class='ocrx_word' id='word_1_266' title='bbox 2881 1247 3315 1319; x_wconf 89' lang='lat' dir='ltr'>secundum</span> <span class='ocrx_word' id='word_1_267' title='bbox 3413 1263 3620 1326; x_wconf 90' lang='lat' dir='ltr'>esse,</span> <span class='ocrx_word' id='word_1_268' title='bbox 3714 1239 3864 1312; x_wconf 86' lang='lat' dir='ltr'>ali-</span> 
     </span>
     <span class='ocr_line' id='line_1_53' title="bbox 2312 1359 3365 1456; baseline -0.004 -23"><span class='ocrx_word' id='word_1_269' title='bbox 2312 1364 2515 1456; x_wconf 85' lang='lat' dir='ltr'>quod</span> <span class='ocrx_word' id='word_1_270' title='bbox 2574 1364 2738 1435; x_wconf 81' lang='lat' dir='ltr'>tale</span> <span class='ocrx_word' id='word_1_271' title='bbox 2820 1359 3365 1455; x_wconf 84' lang='lat' dir='ltr'>praesupponi.</span> 
     </span>
    </p>

    <p class='ocr_par' dir='ltr' id='par_1_14' title="bbox 2313 1477 3878 3436">
     <span class='ocr_line' id='line_1_54' title="bbox 2403 1477 3860 1571; baseline -0.005 -20"><span class='ocrx_word' id='word_1_272' title='bbox 2403 1482 2633 1559; x_wconf 86' lang='lat' dir='ltr'>Item,</span> <span class='ocrx_word' id='word_1_273' title='bbox 2699 1484 2839 1552; x_wconf 88' lang='lat' dir='ltr'>aut</span> <span class='ocrx_word' id='word_1_274' title='bbox 2888 1503 3022 1547; x_wconf 82' lang='lat' dir='ltr'>esse</span> <span class='ocrx_word' id='word_1_275' title='bbox 3063 1478 3619 1571; x_wconf 88' lang='lat' dir='ltr'>participatur</span> <span class='ocrx_word' id='word_1_276' title='bbox 3676 1477 3860 1547; x_wconf 88' lang='lat' dir='ltr'>tan-</span> 
     </span>
     <span class='ocr_line' id='line_1_55' title="bbox 2315 1592 3866 1689; baseline -0.005 -20"><span class='ocrx_word' id='word_1_277' title='bbox 2315 1617 2555 1689; x_wconf 87' lang='lat' dir='ltr'>quam</span> <span class='ocrx_word' id='word_1_278' title='bbox 2591 1602 2824 1669; x_wconf 84' lang='lat' dir='ltr'>actus</span> <span class='ocrx_word' id='word_1_279' title='bbox 2863 1595 3157 1689; x_wconf 80' lang='lat' dir='ltr'>aliquis</span> <span class='ocrx_word' id='word_1_280' title='bbox 3192 1594 3430 1676; x_wconf 86' lang='lat' dir='ltr'>alius,</span> <span class='ocrx_word' id='word_1_281' title='bbox 3467 1592 3566 1665; x_wconf 88' lang='lat' dir='ltr'>ab</span> <span class='ocrx_word' id='word_1_282' title='bbox 3596 1611 3866 1664; x_wconf 88' lang='lat' dir='ltr'>essen-</span> 
     </span>
     <span class='ocr_line' id='line_1_56' title="bbox 2313 1707 3864 1805; baseline -0.006 -19"><span class='ocrx_word' id='word_1_283' title='bbox 2313 1713 2431 1786; x_wconf 89' lang='lat' dir='ltr'>tia</span> <span class='ocrx_word' id='word_1_284' title='bbox 2489 1712 2929 1805; x_wconf 87' lang='lat' dir='ltr'>posterior,</span> <span class='ocrx_word' id='word_1_285' title='bbox 3000 1717 3142 1784; x_wconf 88' lang='lat' dir='ltr'>aut</span> <span class='ocrx_word' id='word_1_286' title='bbox 3202 1716 3590 1802; x_wconf 86' lang='lat' dir='ltr'>tanquam</span> <span class='ocrx_word' id='word_1_287' title='bbox 3655 1707 3864 1781; x_wconf 89' lang='lat' dir='ltr'>idem</span> 
     </span>
     <span class='ocr_line' id='line_1_57' title="bbox 2318 1825 3865 1922; baseline -0.005 -21"><span class='ocrx_word' id='word_1_288' title='bbox 2318 1830 2471 1922; x_wconf 90' lang='lat' dir='ltr'>ipsi</span> <span class='ocrx_word' id='word_1_289' title='bbox 2527 1828 2928 1911; x_wconf 74' lang='lat' dir='ltr'>essentiae,</span> <span class='ocrx_word' id='word_1_290' title='bbox 2998 1827 3166 1899; x_wconf 88' lang='lat' dir='ltr'>sive</span> <span class='ocrx_word' id='word_1_291' title='bbox 3243 1825 3560 1919; x_wconf 88' lang='lat' dir='ltr'>primus</span> <span class='ocrx_word' id='word_1_292' title='bbox 3631 1829 3865 1897; x_wconf 87' lang='lat' dir='ltr'>actus</span> 
     </span>
     <span class='ocr_line' id='line_1_58' title="bbox 2318 1941 3869 2038; baseline -0.005 -21"><span class='ocrx_word' id='word_1_293' title='bbox 2318 1946 2462 2018; x_wconf 90' lang='lat' dir='ltr'>rei.</span> <span class='ocrx_word' id='word_1_294' title='bbox 2509 1947 2592 2019; x_wconf 87' lang='lat' dir='ltr'>Si</span> <span class='ocrx_word' id='word_1_295' title='bbox 2647 1946 2913 2038; x_wconf 89' lang='lat' dir='ltr'>primo</span> <span class='ocrx_word' id='word_1_296' title='bbox 2948 1946 3208 2023; x_wconf 91' lang='lat' dir='ltr'>modo,</span> <span class='ocrx_word' id='word_1_297' title='bbox 3253 1961 3413 2013; x_wconf 93' lang='lat' dir='ltr'>non</span> <span class='ocrx_word' id='word_1_298' title='bbox 3465 1941 3869 2033; x_wconf 82' lang='lat' dir='ltr'>probatur</span> 
     </span>
     <span class='ocr_line' id='line_1_59' title="bbox 2317 2054 3870 2157; baseline -0.005 -24"><span class='ocrx_word' id='word_1_299' title='bbox 2317 2063 2799 2157; x_wconf 90' lang='lat' dir='ltr'>productum</span> <span class='ocrx_word' id='word_1_300' title='bbox 2840 2082 3001 2133; x_wconf 91' lang='lat' dir='ltr'>non</span> <span class='ocrx_word' id='word_1_301' title='bbox 3053 2081 3290 2153; x_wconf 89' lang='lat' dir='ltr'>posse</span> <span class='ocrx_word' id='word_1_302' title='bbox 3331 2058 3629 2140; x_wconf 85' lang='lat' dir='ltr'>creari,</span> <span class='ocrx_word' id='word_1_303' title='bbox 3677 2054 3870 2149; x_wconf 87' lang='lat' dir='ltr'>quia</span> 
     </span>
     <span class='ocr_line' id='line_1_60' title="bbox 2317 2173 3869 2271; baseline -0.004 -20"><span class='ocrx_word' id='word_1_304' title='bbox 2317 2178 2472 2251; x_wconf 90' lang='lat' dir='ltr'>etsi</span> <span class='ocrx_word' id='word_1_305' title='bbox 2514 2202 2647 2247; x_wconf 75' lang='lat' dir='ltr'>esse</span> <span class='ocrx_word' id='word_1_306' title='bbox 2687 2180 3270 2271; x_wconf 79' lang='lat' dir='ltr'>praesupponat</span> <span class='ocrx_word' id='word_1_307' title='bbox 3320 2178 3401 2249; x_wconf 89' lang='lat' dir='ltr'>in</span> <span class='ocrx_word' id='word_1_308' title='bbox 3457 2194 3613 2267; x_wconf 91' lang='lat' dir='ltr'>quo</span> <span class='ocrx_word' id='word_1_309' title='bbox 3667 2173 3869 2247; x_wconf 80' lang='lat' dir='ltr'>reci-</span> 
     </span>
     <span class='ocr_line' id='line_1_61' title="bbox 2320 2292 3868 2387; baseline -0.001 -21"><span class='ocrx_word' id='word_1_310' title='bbox 2320 2295 2619 2387; x_wconf 83' lang='lat' dir='ltr'>piatur,</span> <span class='ocrx_word' id='word_1_311' title='bbox 2676 2301 2948 2368; x_wconf 86' lang='lat' dir='ltr'>tamen</span> <span class='ocrx_word' id='word_1_312' title='bbox 3002 2294 3360 2367; x_wconf 87' lang='lat' dir='ltr'>essentia</span> <span class='ocrx_word' id='word_1_313' title='bbox 3408 2292 3612 2365; x_wconf 87' lang='lat' dir='ltr'>nihil</span> <span class='ocrx_word' id='word_1_314' title='bbox 3663 2312 3868 2385; x_wconf 85' lang='lat' dir='ltr'>prae-</span> 
     </span>
     <span class='ocr_line' id='line_1_62' title="bbox 2320 2410 3869 2505; baseline -0.003 -20"><span class='ocrx_word' id='word_1_315' title='bbox 2320 2413 2729 2505; x_wconf 83' lang='lat' dir='ltr'>supponit,</span> <span class='ocrx_word' id='word_1_316' title='bbox 2794 2416 2874 2486; x_wconf 90' lang='lat' dir='ltr'>et</span> <span class='ocrx_word' id='word_1_317' title='bbox 2933 2413 3050 2484; x_wconf 88' lang='lat' dir='ltr'>ita</span> <span class='ocrx_word' id='word_1_318' title='bbox 3108 2411 3299 2485; x_wconf 90' lang='lat' dir='ltr'>licet</span> <span class='ocrx_word' id='word_1_319' title='bbox 3358 2410 3869 2503; x_wconf 87' lang='lat' dir='ltr'>participans</span> 
     </span>
     <span class='ocr_line' id='line_1_63' title="bbox 2319 2528 3875 2610; baseline 0.001 -13"><span class='ocrx_word' id='word_1_320' title='bbox 2319 2555 2451 2598; x_wconf 80' lang='lat' dir='ltr'>esse</span> <span class='ocrx_word' id='word_1_321' title='bbox 2481 2551 2639 2602; x_wconf 89' lang='lat' dir='ltr'>non</span> <span class='ocrx_word' id='word_1_322' title='bbox 2679 2533 3015 2602; x_wconf 87' lang='lat' dir='ltr'>creatur</span> <span class='ocrx_word' id='word_1_323' title='bbox 3048 2528 3479 2602; x_wconf 92' lang='lat' dir='ltr'>secundum</span> <span class='ocrx_word' id='word_1_324' title='bbox 3513 2551 3670 2610; x_wconf 79' lang='lat' dir='ltr'>esse,</span> <span class='ocrx_word' id='word_1_325' title='bbox 3710 2547 3875 2599; x_wconf 90' lang='lat' dir='ltr'>non</span> 
     </span>
     <span class='ocr_line' id='line_1_64' title="bbox 2323 2643 3876 2739; baseline 0 -22"><span class='ocrx_word' id='word_1_326' title='bbox 2323 2646 2721 2739; x_wconf 89' lang='lat' dir='ltr'>probatur</span> <span class='ocrx_word' id='word_1_327' title='bbox 2791 2646 2980 2737; x_wconf 88' lang='lat' dir='ltr'>quin</span> <span class='ocrx_word' id='word_1_328' title='bbox 3049 2649 3325 2736; x_wconf 89' lang='lat' dir='ltr'>posset</span> <span class='ocrx_word' id='word_1_329' title='bbox 3401 2643 3676 2719; x_wconf 87' lang='lat' dir='ltr'>creari</span> <span class='ocrx_word' id='word_1_330' title='bbox 3753 2665 3876 2717; x_wconf 89' lang='lat' dir='ltr'>se-</span> 
     </span>
     <span class='ocr_line' id='line_1_65' title="bbox 2321 2762 3877 2855; baseline -0.002 -20"><span class='ocrx_word' id='word_1_331' title='bbox 2321 2765 2663 2835; x_wconf 91' lang='lat' dir='ltr'>cundum</span> <span class='ocrx_word' id='word_1_332' title='bbox 2727 2762 3195 2846; x_wconf 85' lang='lat' dir='ltr'>essentiam,</span> <span class='ocrx_word' id='word_1_333' title='bbox 3273 2783 3447 2855; x_wconf 85' lang='lat' dir='ltr'>quae</span> <span class='ocrx_word' id='word_1_334' title='bbox 3517 2782 3877 2855; x_wconf 75' lang='lat' dir='ltr'>praesup-</span> 
     </span>
     <span class='ocr_line' id='line_1_66' title="bbox 2323 2878 3877 2972; baseline -0.003 -19"><span class='ocrx_word' id='word_1_335' title='bbox 2323 2881 2680 2972; x_wconf 85' lang='lat' dir='ltr'>ponitur.</span> <span class='ocrx_word' id='word_1_336' title='bbox 2739 2881 2822 2954; x_wconf 84' lang='lat' dir='ltr'>Si</span> <span class='ocrx_word' id='word_1_337' title='bbox 2883 2880 3227 2953; x_wconf 90' lang='lat' dir='ltr'>secundo</span> <span class='ocrx_word' id='word_1_338' title='bbox 3280 2880 3541 2962; x_wconf 90' lang='lat' dir='ltr'>modo,</span> <span class='ocrx_word' id='word_1_339' title='bbox 3607 2878 3877 2951; x_wconf 89' lang='lat' dir='ltr'>minus</span> 
     </span>
     <span class='ocr_line' id='line_1_67' title="bbox 2322 2994 3875 3088; baseline -0.001 -21"><span class='ocrx_word' id='word_1_340' title='bbox 2322 2996 2670 3069; x_wconf 86' lang='lat' dir='ltr'>habetur</span> <span class='ocrx_word' id='word_1_341' title='bbox 2713 2996 3259 3088; x_wconf 85' lang='lat' dir='ltr'>propositum,</span> <span class='ocrx_word' id='word_1_342' title='bbox 3299 2994 3490 3087; x_wconf 89' lang='lat' dir='ltr'>quin</span> <span class='ocrx_word' id='word_1_343' title='bbox 3522 3019 3655 3063; x_wconf 77' lang='lat' dir='ltr'>esse</span> <span class='ocrx_word' id='word_1_344' title='bbox 3698 3015 3875 3087; x_wconf 88' lang='lat' dir='ltr'>pos-</span> 
     </span>
     <span class='ocr_line' id='line_1_68' title="bbox 2325 3111 3878 3206; baseline -0.001 -21"><span class='ocrx_word' id='word_1_345' title='bbox 2325 3113 2433 3187; x_wconf 89' lang='lat' dir='ltr'>sit</span> <span class='ocrx_word' id='word_1_346' title='bbox 2505 3115 2802 3196; x_wconf 84' lang='lat' dir='ltr'>creari,</span> <span class='ocrx_word' id='word_1_347' title='bbox 2883 3118 2963 3186; x_wconf 91' lang='lat' dir='ltr'>et</span> <span class='ocrx_word' id='word_1_348' title='bbox 3036 3114 3151 3186; x_wconf 86' lang='lat' dir='ltr'>ita</span> <span class='ocrx_word' id='word_1_349' title='bbox 3218 3131 3264 3184; x_wconf 87' lang='lat' dir='ltr'>a</span> <span class='ocrx_word' id='word_1_350' title='bbox 3324 3111 3878 3206; x_wconf 85' lang='lat' dir='ltr'>participante</span> 
     </span>
     <span class='ocr_line' id='line_1_69' title="bbox 2327 3229 3877 3323; baseline -0.001 -21"><span class='ocrx_word' id='word_1_351' title='bbox 2327 3232 2616 3323; x_wconf 91' lang='lat' dir='ltr'>ipsum,</span> <span class='ocrx_word' id='word_1_352' title='bbox 2683 3231 2896 3304; x_wconf 84' lang='lat' dir='ltr'>sicut</span> <span class='ocrx_word' id='word_1_353' title='bbox 2945 3230 3042 3301; x_wconf 85' lang='lat' dir='ltr'>ab</span> <span class='ocrx_word' id='word_1_354' title='bbox 3084 3229 3271 3309; x_wconf 76' lang='lat' dir='ltr'>alio,</span> <span class='ocrx_word' id='word_1_355' title='bbox 3330 3229 3518 3320; x_wconf 88' lang='lat' dir='ltr'>quia</span> <span class='ocrx_word' id='word_1_356' title='bbox 3567 3229 3645 3301; x_wconf 91' lang='lat' dir='ltr'>in</span> <span class='ocrx_word' id='word_1_357' title='bbox 3693 3229 3877 3301; x_wconf 87' lang='lat' dir='ltr'>istis</span> 
     </span>
     <span class='ocr_line' id='line_1_70' title="bbox 2326 3343 3877 3436; baseline -0.001 -21"><span class='ocrx_word' id='word_1_358' title='bbox 2326 3344 2880 3427; x_wconf 87' lang='lat' dir='ltr'>inferioribus,</span> <span class='ocrx_word' id='word_1_359' title='bbox 2929 3344 3334 3436; x_wconf 89' lang='lat' dir='ltr'>quodlibet</span> <span class='ocrx_word' id='word_1_360' title='bbox 3379 3343 3877 3416; x_wconf 87' lang='lat' dir='ltr'>individuum</span> 
     </span>
    </p>
   </div>
   <div class='ocr_carea' id='block_1_14' title="bbox 2327 3450 4131 3690">
    <p class='ocr_par' dir='ltr' id='par_1_15' title="bbox 2327 3450 4131 3690">
     <span class='ocr_line' id='line_1_71' title="bbox 2327 3450 3879 3544; baseline -0.001 -22"><span class='ocrx_word' id='word_1_361' title='bbox 2327 3452 2767 3544; x_wconf 87' lang='lat' dir='ltr'>participat</span> <span class='ocrx_word' id='word_1_362' title='bbox 2822 3457 3201 3526; x_wconf 83' lang='lat' dir='ltr'>naturam</span> <span class='ocrx_word' id='word_1_363' title='bbox 3261 3450 3585 3543; x_wconf 88' lang='lat' dir='ltr'>speciei,</span> <span class='ocrx_word' id='word_1_364' title='bbox 3640 3456 3721 3524; x_wconf 89' lang='lat' dir='ltr'>et</span> <span class='ocrx_word' id='word_1_365' title='bbox 3764 3456 3879 3523; x_wconf 85' lang='lat' dir='ltr'>ta-</span> 
     </span>
     <span class='ocr_line' id='line_1_72' title="bbox 2333 3559 4131 3690; baseline -0.001 -61"><span class='ocrx_word' id='word_1_366' title='bbox 2333 3579 2513 3630; x_wconf 90' lang='lat' dir='ltr'>men</span> <span class='ocrx_word' id='word_1_367' title='bbox 2549 3561 2688 3632; x_wconf 90' lang='lat' dir='ltr'>illa</span> <span class='ocrx_word' id='word_1_368' title='bbox 2737 3566 3034 3635; x_wconf 83' lang='lat' dir='ltr'>natura</span> <span class='ocrx_word' id='word_1_369' title='bbox 3069 3563 3337 3652; x_wconf 88' lang='lat' dir='ltr'>potest</span> <span class='ocrx_word' id='word_1_370' title='bbox 3368 3580 3545 3632; x_wconf 87' lang='lat' dir='ltr'>esse</span> <span class='ocrx_word' id='word_1_371' title='bbox 3587 3559 3671 3630; x_wconf 93' lang='lat' dir='ltr'>in</span> <span class='ocrx_word' id='word_1_372' title='bbox 3716 3579 3877 3631; x_wconf 91' lang='lat' dir='ltr'>uno</span> <span class='ocrx_word' id='word_1_373' title='bbox 3970 3640 4131 3690; x_wconf 51' lang='lat' dir='ltr'>Nam</span> 
     </span>
    </p>
   </div>
   <div class='ocr_carea' id='block_1_15' title="bbox 2332 3674 4170 3773">
    <p class='ocr_par' dir='ltr' id='par_1_16' title="bbox 2332 3674 4170 3773">
     <span class='ocr_line' id='line_1_73' title="bbox 2332 3674 4170 3773; baseline 0.001 -29"><span class='ocrx_word' id='word_1_374' title='bbox 2332 3674 2731 3764; x_wconf 86' lang='lat' dir='ltr'>singulari</span> <span class='ocrx_word' id='word_1_375' title='bbox 2811 3675 3126 3767; x_wconf 88' lang='lat' dir='ltr'>primus</span> <span class='ocrx_word' id='word_1_376' title='bbox 3204 3675 3606 3747; x_wconf 87' lang='lat' dir='ltr'>terminus</span> <span class='ocrx_word' id='word_1_377' title='bbox 3689 3695 4170 3773; x_wconf 50' lang='lat' dir='ltr'>pro-misse</span> 
     </span>
    </p>
   </div>
   <div class='ocr_carea' id='block_1_16' title="bbox 2325 3765 4174 4001">
    <p class='ocr_par' dir='ltr' id='par_1_17' title="bbox 2325 3765 4174 4001">
     <span class='ocr_line' id='line_1_74' title="bbox 2325 3765 4163 3893; baseline -0.002 -32"><span class='ocrx_word' id='word_1_378' title='bbox 2325 3790 2728 3862; x_wconf 84' lang='lat' dir='ltr'>ductionis</span> <span class='ocrx_word' id='word_1_379' title='bbox 2770 3795 2848 3863; x_wconf 90' lang='lat' dir='ltr'>et</span> <span class='ocrx_word' id='word_1_380' title='bbox 2885 3791 2962 3863; x_wconf 92' lang='lat' dir='ltr'>in</span> <span class='ocrx_word' id='word_1_381' title='bbox 3006 3791 3169 3863; x_wconf 86' lang='lat' dir='ltr'>alio</span> <span class='ocrx_word' id='word_1_382' title='bbox 3205 3790 3609 3881; x_wconf 86' lang='lat' dir='ltr'>singulari</span> <span class='ocrx_word' id='word_1_383' title='bbox 3662 3790 3878 3881; x_wconf 89' lang='lat' dir='ltr'>prin·</span> <span class='ocrx_word' id='word_1_384' title='bbox 3909 3765 4163 3893; x_wconf 54' lang='lat' dir='ltr'>Pffiffi?</span> 
     </span>
     <span class='ocr_line' id='line_1_75' title="bbox 2327 3889 4174 4001; baseline 0.001 -25"><span class='ocrx_word' id='word_1_385' title='bbox 2327 3907 2631 3998; x_wconf 88' lang='lat' dir='ltr'>cipium</span> <span class='ocrx_word' id='word_1_386' title='bbox 2702 3907 3211 3999; x_wconf 88' lang='lat' dir='ltr'>producendi.</span> <span class='ocrx_word' id='word_1_387' title='bbox 3276 3906 3360 3979; x_wconf 87' lang='lat' dir='ltr'>Si</span> <span class='ocrx_word' id='word_1_388' title='bbox 3434 3907 3705 3977; x_wconf 90' lang='lat' dir='ltr'>autem</span> <span class='ocrx_word' id='word_1_389' title='bbox 3771 3889 4174 4001; x_wconf 52' lang='lat' dir='ltr'>ibieusssssszsinus</span> 
     </span>
    </p>
   </div>
   <div class='ocr_carea' id='block_1_17' title="bbox 2329 4016 4104 4224">
    <p class='ocr_par' dir='ltr' id='par_1_18' title="bbox 2329 4016 4104 4224">
     <span class='ocr_line' id='line_1_76' title="bbox 2329 4016 4104 4116; baseline 0.001 -22"><span class='ocrx_word' id='word_1_390' title='bbox 2329 4028 3015 4116; x_wconf 85' lang='lat' dir='ltr'>praesupponatur</span> <span class='ocrx_word' id='word_1_391' title='bbox 3087 4025 3461 4104; x_wconf 86' lang='lat' dir='ltr'>materia,</span> <span class='ocrx_word' id='word_1_392' title='bbox 3526 4021 3676 4097; x_wconf 91' lang='lat' dir='ltr'>hoc</span> <span class='ocrx_word' id='word_1_393' title='bbox 3716 4044 3883 4096; x_wconf 89' lang='lat' dir='ltr'>non</span> <span class='ocrx_word' id='word_1_394' title='bbox 3996 4016 4104 4079; x_wconf 65' lang='lat'>²1⁰⁸·</span> 
     </span>
     <span class='ocr_line' id='line_1_77' title="bbox 2329 4132 3883 4224; baseline 0.002 -24"><span class='ocrx_word' id='word_1_395' title='bbox 2329 4134 2453 4204; x_wconf 90' lang='lat' dir='ltr'>est</span> <span class='ocrx_word' id='word_1_396' title='bbox 2507 4134 2847 4223; x_wconf 85' lang='lat' dir='ltr'>propter</span> <span class='ocrx_word' id='word_1_397' title='bbox 2904 4134 3290 4203; x_wconf 88' lang='lat' dir='ltr'>naturam</span> <span class='ocrx_word' id='word_1_398' title='bbox 3349 4132 3574 4203; x_wconf 86' lang='lat' dir='ltr'>illam</span> <span class='ocrx_word' id='word_1_399' title='bbox 3628 4132 3883 4224; x_wconf 82' lang='lat' dir='ltr'>parti-</span> 
     </span>
    </p>
   </div>
   <div class='ocr_carea' id='block_1_18' title="bbox 2328 4247 3884 4553">
    <p class='ocr_par' dir='ltr' id='par_1_19' title="bbox 2328 4247 3884 4553">
     <span class='ocr_line' id='line_1_78' title="bbox 2328 4247 3878 4339; baseline 0.001 -22"><span class='ocrx_word' id='word_1_400' title='bbox 2328 4247 2713 4338; x_wconf 84' lang='lat' dir='ltr'>cipatam,</span> <span class='ocrx_word' id='word_1_401' title='bbox 2760 4248 2898 4319; x_wconf 89' lang='lat' dir='ltr'>sed·</span> <span class='ocrx_word' id='word_1_402' title='bbox 2929 4249 3118 4339; x_wconf 84' lang='lat' dir='ltr'>quia</span> <span class='ocrx_word' id='word_1_403' title='bbox 3159 4247 3433 4319; x_wconf 86' lang='lat' dir='ltr'>forma</span> <span class='ocrx_word' id='word_1_404' title='bbox 3485 4247 3653 4332; x_wconf 86' lang='lat' dir='ltr'>illa,</span> <span class='ocrx_word' id='word_1_405' title='bbox 3699 4268 3878 4339; x_wconf 84' lang='lat' dir='ltr'>quae</span> 
     </span>
     <span class='ocr_line' id='line_1_79' title="bbox 2331 4365 3884 4459; baseline 0.003 -25"><span class='ocrx_word' id='word_1_406' title='bbox 2331 4367 2457 4438; x_wconf 91' lang='lat' dir='ltr'>est</span> <span class='ocrx_word' id='word_1_407' title='bbox 2510 4385 2698 4457; x_wconf 88' lang='lat' dir='ltr'>pars</span> <span class='ocrx_word' id='word_1_408' title='bbox 2759 4371 3079 4439; x_wconf 74' lang='lat' dir='ltr'>naturae</span> <span class='ocrx_word' id='word_1_409' title='bbox 3148 4365 3698 4459; x_wconf 72' lang='lat' dir='ltr'>participatae,</span> <span class='ocrx_word' id='word_1_410' title='bbox 3758 4370 3884 4439; x_wconf 91' lang='lat' dir='ltr'>est</span> 
     </span>
     <span class='ocr_line' id='line_1_80' title="bbox 2331 4479 3119 4553; baseline 0.004 -4"><span class='ocrx_word' id='word_1_411' title='bbox 2331 4479 2599 4551; x_wconf 83' lang='lat' dir='ltr'>forma</span> <span class='ocrx_word' id='word_1_412' title='bbox 2644 4481 3119 4553; x_wconf 84' lang='lat' dir='ltr'>materialis.</span> 
     </span>
    </p>
   </div>
   <div class='ocr_carea' id='block_1_19' title="bbox 2769 4749 3412 4814">
    <p class='ocr_par' dir='ltr' id='par_1_20' title="bbox 2769 4749 3412 4814">
     <span class='ocr_line' id='line_1_81' title="bbox 2769 4749 3412 4814; baseline -0.002 -2"><span class='ocrx_word' id='word_1_413' title='bbox 2769 4749 3386 4814; x_wconf 80' lang='lat' dir='ltr'>COMMENTARIUS</span> <span class='ocrx_word' id='word_1_414' title='bbox 3398 4796 3412 4811; x_wconf 92' lang='lat'><strong>.</strong></span> 
     </span>
    </p>
   </div>
   <div class='ocr_carea' id='block_1_20' title="bbox 2331 4968 4156 5634">
    <p class='ocr_par' dir='ltr' id='par_1_21' title="bbox 2331 4968 4156 5634">
     <span class='ocr_line' id='line_1_82' title="bbox 2410 4968 4098 5063; baseline 0.002 -32"><span class='ocrx_word' id='word_1_415' title='bbox 2410 4968 2502 5052; x_wconf 89' lang='lat' dir='ltr'>(k)</span> <span class='ocrx_word' id='word_1_416' title='bbox 2576 4976 2816 5033; x_wconf 80' lang='lat' dir='ltr'>Contra</span> <span class='ocrx_word' id='word_1_417' title='bbox 2884 4974 3077 5036; x_wconf 81' lang='lat' dir='ltr'>istam</span> <span class='ocrx_word' id='word_1_418' title='bbox 3151 4976 3519 5050; x_wconf 75' lang='lat' dir='ltr'>opinionem</span> <span class='ocrx_word' id='word_1_419' title='bbox 3589 4975 3896 5052; x_wconf 73' lang='lat' dir='ltr'>arquitur</span> <span class='ocrx_word' id='word_1_420' title='bbox 4031 5012 4098 5063; x_wconf 81' lang='lat'>51.</span> 
     </span>
     <span class='ocr_line' id='line_1_83' title="bbox 2332 5073 4156 5192; baseline 0.002 -44"><span class='ocrx_word' id='word_1_421' title='bbox 2332 5090 2442 5163; x_wconf 79' lang='lat' dir='ltr'>sic,</span> <span class='ocrx_word' id='word_1_422' title='bbox 2521 5094 2649 5151; x_wconf 82' lang='lat' dir='ltr'>etc.</span> <span class='ocrx_word' id='word_1_423' title='bbox 2722 5089 3009 5153; x_wconf 87' lang='lat' dir='ltr'>Adducit</span> <span class='ocrx_word' id='word_1_424' title='bbox 3078 5095 3399 5154; x_wconf 81' lang='lat' dir='ltr'>rationem</span> <span class='ocrx_word' id='word_1_425' title='bbox 3490 5094 3566 5154; x_wconf 90' lang='lat' dir='ltr'>D.</span> <span class='ocrx_word' id='word_1_426' title='bbox 3619 5093 3891 5154; x_wconf 86' lang='lat' dir='ltr'>Thomae</span> <span class='ocrx_word' id='word_1_427' title='bbox 3947 5073 4156 5192; x_wconf 52' lang='lat' dir='ltr'>Rfffim}</span> 
     </span>
     <span class='ocr_line' id='line_1_84' title="bbox 2336 5204 4138 5315; baseline -0.004 -44"><span class='ocrx_word' id='word_1_428' title='bbox 2336 5204 2389 5265; x_wconf 89' lang='lat' dir='ltr'>l.</span> <span class='ocrx_word' id='word_1_429' title='bbox 2469 5222 2539 5279; x_wconf 80' lang='lat' dir='ltr'>p.</span> <span class='ocrx_word' id='word_1_430' title='bbox 2592 5222 2652 5282; x_wconf 82' lang='lat' dir='ltr'>q.</span> <span class='ocrx_word' id='word_1_431' title='bbox 2684 5207 2784 5268; x_wconf 84' lang='lat'>45.</span> <span class='ocrx_word' id='word_1_432' title='bbox 2834 5213 2963 5268; x_wconf 79' lang='lat' dir='ltr'>art.</span> <span class='ocrx_word' id='word_1_433' title='bbox 3041 5210 3103 5270; x_wconf 89' lang='lat'>5.</span> <span class='ocrx_word' id='word_1_434' title='bbox 3161 5224 3328 5286; x_wconf 80' lang='lat' dir='ltr'>resp.</span> <span class='ocrx_word' id='word_1_435' title='bbox 3410 5211 3500 5271; x_wconf 83' lang='lat' dir='ltr'>ad</span> <span class='ocrx_word' id='word_1_436' title='bbox 3584 5210 3639 5273; x_wconf 86' lang='lat' dir='ltr'>l.</span> <span class='ocrx_word' id='word_1_437' title='bbox 3750 5223 3896 5286; x_wconf 63' lang='lat' dir='ltr'>quae</span> <span class='ocrx_word' id='word_1_438' title='bbox 3978 5205 4138 5315; x_wconf 38' lang='grc' dir='ltr'>[ἓξὲξ</span> 
     </span>
     <span class='ocr_line' id='line_1_85' title="bbox 2331 5318 4119 5403; baseline 0.003 -23"><span class='ocrx_word' id='word_1_439' title='bbox 2331 5318 2494 5380; x_wconf 83' lang='lat' dir='ltr'>ratio</span> <span class='ocrx_word' id='word_1_440' title='bbox 2554 5321 2618 5380; x_wconf 90' lang='lat' dir='ltr'>in</span> <span class='ocrx_word' id='word_1_441' title='bbox 2674 5320 2799 5382; x_wconf 89' lang='lat' dir='ltr'>hoc</span> <span class='ocrx_word' id='word_1_442' title='bbox 2872 5329 3196 5396; x_wconf 80' lang='lat' dir='ltr'>versatur,</span> <span class='ocrx_word' id='word_1_443' title='bbox 3259 5324 3439 5403; x_wconf 88' lang='lat' dir='ltr'>quod</span> <span class='ocrx_word' id='word_1_444' title='bbox 3494 5324 3894 5403; x_wconf 77' lang='lat' dir='ltr'>participans</span> <span class='ocrx_word' id='word_1_445' title='bbox 4008 5339 4119 5376; x_wconf 80' lang='lat' dir='ltr'>nam.</span> 
     </span>
     <span class='ocr_line' id='line_1_86' title="bbox 2334 5435 3896 5520; baseline 0.006 -26"><span class='ocrx_word' id='word_1_446' title='bbox 2334 5435 2616 5513; x_wconf 81' lang='lat' dir='ltr'>aliquam</span> <span class='ocrx_word' id='word_1_447' title='bbox 2703 5442 3031 5512; x_wconf 81' lang='lat' dir='ltr'>naturam,</span> <span class='ocrx_word' id='word_1_448' title='bbox 3133 5458 3267 5503; x_wconf 91' lang='lat' dir='ltr'>non</span> <span class='ocrx_word' id='word_1_449' title='bbox 3362 5442 3672 5520; x_wconf 82' lang='lat' dir='ltr'>producit</span> <span class='ocrx_word' id='word_1_450' title='bbox 3775 5439 3896 5505; x_wconf 90' lang='lat' dir='ltr'>sibi</span> 
     </span>
     <span class='ocr_line' id='line_1_87' title="bbox 2333 5548 3895 5634; baseline 0.004 -24"><span class='ocrx_word' id='word_1_451' title='bbox 2333 5548 2543 5612; x_wconf 87' lang='lat' dir='ltr'>simile</span> <span class='ocrx_word' id='word_1_452' title='bbox 2596 5552 2965 5616; x_wconf 87' lang='lat' dir='ltr'>secuudum</span> <span class='ocrx_word' id='word_1_453' title='bbox 3028 5553 3226 5630; x_wconf 77' lang='lat' dir='ltr'>illam,</span> <span class='ocrx_word' id='word_1_454' title='bbox 3295 5556 3425 5617; x_wconf 87' lang='lat' dir='ltr'>nisi</span> <span class='ocrx_word' id='word_1_455' title='bbox 3495 5555 3895 5634; x_wconf 83' lang='lat' dir='ltr'>applicando</span> 
     </span>
    </p>
   </div>
   <div class='ocr_carea' id='block_1_21' title="bbox 4190 130 4233 6264">
    <p class='ocr_par' dir='ltr' id='par_1_22' title="bbox 4190 130 4233 6264">
     <span class='ocr_line' id='line_1_88' title="bbox 4190 130 4233 6264; baseline 0 0"><span class='ocrx_word' id='word_1_456' title='bbox 4190 130 4233 6264; x_wconf 95' lang='lat' dir='ltr'> </span> 
     </span>
    </p>
   </div>
  </div>
 </body>
</html>
