4255 6375
1327 405 1527 469 DIS'r.
1558 405 1660 468 vl.
1707 404 2067 479 QUAEsTlo
2109 405 2227 467 Xl.

3358 400 3472 465 651

205 564 605 654 quaedam
656 565 890 657 Signa
949 563 1561 638 manifestantia
1604 564 1799 637 illud
1908 565 2238 645 abluente,
2291 579 2353 632 et
2392 567 2589 633 verba
2637 579 2840 648 certa,
2897 579 3116 634 actam
3154 578 3215 632 et
3261 565 3468 632 susei-

203 700 393 751 esse
438 680 806 751 firmum.

113 816 160 885 ξπ
302 793 428 865 Ad
497 799 1079 886 argumentum
1151 794 1229 866 in
1302 794 1792 888 oppositum,

113 899 153 975 io
213 913 452 1000 patet
535 912 744 1003 quod
801 911 1237 985 character
1289 931 1450 982 non
1507 914 1633 985 est
1691 910 1796 983 di-

113 1003 152 1050 '
116 1025 592 1162 tnspositio
629 1028 1005 1121 proxima
1038 1029 1131 1101 ad
1170 1027 1431 1111 fidem,
1480 1029 1564 1099 ut
1605 1027 1795 1099 fides

116 1127 366 1225 tn‘est,
422 1143 573 1216 sed
604 1149 727 1217 est
758 1143 1188 1237 dispositio
1224 1145 1320 1216 ad
1353 1142 1580 1216 illam
1625 1164 1797 1236 per-

211 1256 704 1348 fectionem,
761 1283 935 1354 quae
979 1261 1551 1354 principaliter
1617 1282 1797 1334 con-

207 1361 848 1450 format‘totam
885 1378 1239 1451 animam
1274 1379 1480 1460 Deo;
1516 1381 1597 1451 et
1630 1376 1799 1449 haec

202 1496 336 1566 est
421 1494 710 1585 gratia
828 1514 1001 1585 quae
1067 1497 1191 1567 est
1268 1493 1544 1566 eadem
1613 1514 1797 1567 cum

208 1594 793 1694 charitate,et
861 1610 940 1681 in
996 1608 1456 1690 voluntate,
1532 1616 1618 1683 ut
1684 1610 1800 1683 di-

207 1730 449 1800 ctum
547 1730 697 1799 est.
786 1726 901 1798 Ad
971 1725 1376 1798 rationem
1455 1726 1799 1799 alterius

212 1841 701 1934 positionis,
737 1840 911 1913 dico
947 1841 1151 1933 quod
1188 1842 1556 1932 quamvis
1593 1843 1801 1915 male

218 1960 663 2051 probetur,
750 1960 954 2051 quod
1033 1960 1468 2032 character
1545 1961 1651 2034 sit
1722 1962 1801 2033 in

219 2078 614 2171 potentia
690 2076 1009 2159 animae,
1100 2080 1375 2149 tamen
1450 2080 1800 2152 concedo

224 2196 382 2267 hoc
419 2197 774 2286 propter
807 2191 1019 2266 aliud
1053 2194 1556 2276 antecedens,
1594 2198 1801 2288 quod

225 2309 574 2401 accipit,
660 2308 997 2388 scilicet,
1084 2308 1284 2401 quod
1361 2309 1634 2381 forma
1709 2313 1797 2390 ad

225 2447 491 2517 quarn
524 2425 879 2517 disponit
913 2427 1035 2496 est
1082 2425 1470 2518 potentia,
1508 2433 1590 2501 et
1624 2448 1803 2500 con-

224 2542 458 2624 ced0‚
526 2542 729 2634 quod
788 2542 864 2613 in
928 2561 1108 2621 una,
1144 2548 1225 2617 et
1275 2542 1357 2615 in
1405 2542 1573 2627 illa,
1628 2565 1803 2636 quae

226 2662 361 2731 est
449 2658 999 2751 principalior
1093 2659 1174 2730 in
1258 2658 1637 2750 imagine,
1721 2659 1801 2731 in

232 2773 482 2866 cujus
537 2774 1029 2866 figuratione
1081 2775 1461 2849 consistit
1509 2776 1805 2868 prinei-

236 2889 556 2981 paliter
615 2893 791 2962 tota
851 2888 1239 2980 figuratio
1299 2890 1614 2974 animae,
1679 2891 1804 2962 vel

239 3005 640 3098 imaginis
678 3006 775 3078 ad
804 3005 1320 3080 Trinitatem.

828 3249 1225 3307 SCHOLIUM.

320 3418 736 3491 Epilogando,
787 3434 861 3473 ex
900 3418 1084 3476 dictis
1123 3419 1223 3475 his
1258 3419 1464 3477 tribus
1494 3421 1809 3479 distincti-

246 3516 481 3573 onibus
511 3515 757 3583 colligit
785 3515 1013 3570 claram
1060 3519 1121 3571 ct
1166 3517 1537 3587 completam
1588 3517 1809 3574 defini-

248 3615 488 3671 tionem
521 3613 841 3686 Baptismi‚
875 3618 934 3670 et
964 3614 1235 3684 explicat
1283 3615 1568 3682 singulas
1614 3618 1811 3687 parti--

249 3712 434 3769 culas
465 3714 603 3785 ejus
635 3712 1045 3769 exactissime.

350 3937 472 4005 Ex
529 3932 764 4006 dictis
804 3953 872 4005 a
934 3933 1332 4025 principio
1383 3936 1677 4002 distinct.
1741 3937 1805 4006 3.

256 4070 515 4143 usque
547 4049 726 4132 huc,
761 4053 1030 4141 potest
1060 4049 1337 4140 colligi
1390 4069 1548 4121 una
1596 4052 1809 4123 ratio

254 4166 661 4260 Baptismi
739 4166 1203 4257 exprimens
1267 4166 1563 4247 omnia,
1638 4188 1811 4258 quae

253 4290 446 4358 sunt
495 4283 990 4376 simpliciter
1030 4283 1499 4355 necessaria
1543 4286 1638 4356 ad
1689 4304 1811 4355 ra-

253 4401 564 4474 tionem
598 4401 1024 4493 Baptismi,
1064 4400 1252 4492 quia
1304 4401 1373 4473 si
1418 4421 1811 4493 ponamus

253 4518 744 4593 relationem
796 4518 1021 4589 illam
1078 4517 1310 4607 signi,
1383 4539 1626 4609 quam
1669 4521 1815 4592 im-

252 4638 533 4726 portat
576 4633 1070 4726 Baptismus,
1143 4633 1465 4706 fundari
1518 4636 1596 4706 in
1664 4638 1809 4710 illa

253 4752 692 4833 ablutione,
729 4752 815 4822 ut
849 4750 931 4822 in
973 4748 1492 4823 fundamento
1546 4754 1810 4826 totali·

252 4868 597 4941 habente
703 4872 975 4941 tamen
1068 4865 1625 4940 habitudinem
1721 4872 1817 4943 ad

256 4984 529 5066 verba,
603 4987 683 5056 et
742 4982 905 5054 alia
964 4983 1623 5066 concomitantia,
1680 5006 1815 5078 po-

262 5101 423 5172 test
513 5099 705 5174 talis
785 5100 998 5174 ratio
1076 5100 1486 5193 assignari
1561 5101 1815 5194 ipsius

114 5223 198 5273 ῑῐῐῡ
267 5216 718 5310 Baptismi:
768 5220 1150 5306 Baptismus
1186 5230 1279 5284 est
1317 5219 1568 5285 ablatio
1608 5222 1818 5286 homi-

113 5302 217 5338 sml.

1906 684 2218 768 pientem,
2265 705 2406 748 cum
2439 684 2863 750 invocatione
2911 684 3269 750 Trinitatis
3300 681 3473 746 clesi-

1906 802 2188 884 9nantia
2209 802 2617 885 proferente,
2647 810 2783 865 tam
2813 802 2887 865 in
2916 799 3246 866 abluendo
3277 818 3476 884 quam

1911 918 1981 981 in
2052 916 2465 1002 proferendo
2544 916 2932 982 intendente
3005 918 3234 1001 facere
3302 914 3480 1001 quod

1916 1034 2223 1099 Christus
2297 1033 2593 1098 instituit
2661 1032 3080 1116 faciendum,
3142 1031 3246 1096 vel
3302 1029 3479 1116 quod

1913 1149 2203 1215 intendit
2233 1151 2463 1234 facere
2496 1150 2799 1215 Ecclesia
2853 1150 3272 1227 Christiana,
3312 1146 3474 1229 efli-

1911 1267 2156 1330 eaciter
2219 1267 2498 1352 siynatis
2580 1287 2664 1330 eoe
2731 1266 3157 1331 institutione
3234 1262 3476 1329 divina

1912 1383 2321 1450 ablutionem
2359 1385 2608 1448 animoe
2652 1406 2695 1449 a
2733 1393 3025 1469 peccate.

2002 1492 2440 1564 Particulae
2483 1491 2722 1583 hujus
2786 1491 3134 1563 rationis
3193 1493 3473 1582 patent
3502 1512 3798 1627 Exaprihcgffi

3557 1638 3805 1712 ispositio-

1915 1745 2078 1798 non
2127 1725 2300 1798 dico
2365 1724 2818 1817 persuasio,
2876 1744 3020 1797 nec
3072 1724 3471 1816 aspersio,
3532 1701 3797 1830 ᾕρῖξξω,

1917 1609 2032 1682 sio
2094 1636 2107 1679 :
2193 1612 2481 1690 Ablucio,
2549 1612 2849 1676 distinct.
2923 1611 2987 1680 3.
3064 1612 3334 1697 quoestio
3398 1609 3464 1679 3.
3522 1589 3574 1687 (ξ’

1916 1862 2063 1913 nec
2098 1840 2546 1923 immersio,
2584 1844 2664 1913 et
2709 1838 2862 1912 hoc
2902 1839 3032 1911 vel
3086 1838 3307 1912 trina
3349 1840 3477 1913 vel

1920 1957 2180 2038 unica,
2254 1956 2443 2047 quia
2514 1954 2921 2048 quodlibet
3003 1951 3306 2029 sufficit
3383 1956 3482 2029 ad

1916 2073 2354 2146 veritatem
2433 2075 2969 2149 sacramenti.
3038 2074 3185 2150 Sed
3254 2073 3482 2146 mini-

1919 2193 2092 2264 ster
2122 2191 2450 2261 tenetur
2482 2207 2820 2260 servare
2853 2190 3177 2262 modum
3212 2191 3478 2264 Eccle-

1920 2306 2085 2389 siae,
2152 2306 2232 2377 in
2291 2324 2444 2396 qua
2503 2303 2888 2396 baptizat.
2972 2308 3302 2393 Hemina,
3365 2327 3479 2378 se-

1918 2422 2265 2495 cundum
2299 2423 2566 2494 totum
2600 2440 2927 2514 corpuS,
2982 2423 3110 2494 vel
3157 2424 3477 2515 partem

1920 2536 2481 2629 principalem,
2544 2535 2671 2606 vel
2747 2555 3337 2631 quamcumque
3404 2537 3488 2610 in

1920 2673 2114 2726 casu
2159 2653 2702 2736 necessitatis,
2768 2659 2856 2728 ut
2916 2656 3142 2747 patet
3202 2654 3482 2728 distin-

1922 2769 2193 2844 ctione
2233 2773 2296 2841 4.
2344 2773 2624 2861 quaest.
2670 2773 2737 2843 2.
2774 2775 3186 2861 Aliqualiter
3214 2796 3483 2841 consen-

1921 2891 2171 2968 tientiS,
2231 2887 2452 2978 patet
2493 2910 2576 2955 ea:
2625 2890 2856 2956 eadem
2893 2890 3191 2957 distinct.
3251 2903 3479 2979 quoest.

1919 3003 1984 3075 4.
2045 3005 2142 3074 Et
2196 3001 2412 3076 forte
2470 3022 2628 3073 non
2691 3002 2993 3076 sufficit
3048 3004 3482 3077 secundum

1922 3139 2433 3194 communem
2515 3118 2977 3213 opinionem
3054 3119 3484 3196 habituali-

1924 3240 2065 3310 ter‘
2106 3236 2596 3319 consentire,
2664 3235 2837 3309 sine
2896 3235 3240 3310 virtuali
3298 3258 3480 3311 con-

1927 3373 2211 3433 sensu;
2301 3356 2576 3426 tamen
2644 3352 2839 3426 illud
2923 3355 3046 3425 est
3122 3353 3473 3436 dubium,

1928 3470 2116 3562 quia
2182 3470 2450 3541 minor
2508 3491 2951 3543 consensus
3013 3469 3315 3544 sufficit
3382 3471 3479 3542 ad

1926 3586 2522 3679 susceptionem
2568 3587 3078 3660 sacramenti
3112 3608 3351 3679 quam
3384 3589 3479 3660 ad

1926 3704 2339 3785 meritum,
2404 3704 2536 3775 sed
2588 3706 2683 3776 ad
2731 3706 3117 3778 meritum
3179 3703 3481 3779 sufficit

1923 3817 2307 3894 virtualis
2339 3840 2807 3893 consensus.
2844 3820 3244 3894 Similiter
3277 3823 3484 3913 quod

1926 3956 2085 4009 non
2146 3939 2379 4008 utens
2442 3936 2764 4009 ratione
2832 3936 2939 4010 sit
2998 3935 3487 4028 simpliciter

1927 4073 2184 4147 capax
2289 4053 2826 4134 sacramenti,
2925 4073 3087 4126 non
3184 4053 3485 4126 habens

1928 4170 2287 4262 aliquam
2339 4168 3011 4261 dispositionem;
3075 4174 3156 4244 et
3216 4174 3491 4244 tamen

1929 4291 2163 4361 utens
2236 4284 2555 4357 ratione
2623 4305 2785 4357 non
2861 4285 3164 4358 habens
3233 4285 3487 4369 illam,

1928 4405 2152 4477 nullo
2199 4402 2430 4473 modo
2478 4401 2584 4475 sit
2627 4422 2912 4495 capax,
2960 4423 3120 4474 non
3171 4403 3495 4475 videtur

1931 4518 2373 4612 probabile,
2410 4515 2597 4609 quia
2640 4516 2863 4588 nulla
2904 4516 3335 4610 dispositio
3377 4519 3489 4590 vi-

1930 4635 2167 4708 detur
2199 4630 2686 4724 simpliciter
2719 4632 3186 4704 necessario
3226 4634 3493 4725 requi-

1933 4750 2117 4830 sita,
2206 4748 2332 4821 vel
2402 4769 2560 4821 non
2640 4749 3065 4842 requisita,
3149 4755 3491 4844 propter

1932 4888 2164 4940 usum
2211 4866 2585 4948 rationis,
2623 4867 2749 4939 vel
2782 4886 2943 4939 non
2985 4889 3249 4940 usum.
3283 4872 3488 4939 Facta

1931 4986 2008 5051 in
2043 5007 2238 5073 aqua,
2306 4988 2457 5056 eto.
2523 4988 2747 5076 patet
2795 4985 3091 5053 distinct.
3145 4986 3211 5055 3.
3255 4999 3480 5074 qaoest.

1930 5101 1993 5170 3.
2050 5100 2206 5170 Per
2254 5095 2406 5170 hoc
2446 5100 2719 5170 autem
2770 5099 2975 5192 quod
3017 5098 3318 5174 dicitur
3357 5104 3482 5168 ele-

1930 5216 2242 5293 mentari,
2306 5211 2765 5285 excluditur
2800 5214 3284 5306 quicumque
3343 5213 3481 5288 hu-

264 5337 373 5403 nis
401 5337 683 5402 viatoris
730 5336 1123 5422 aliqualiter
1173 5338 1665 5415 consentientia
1717 5339 1821 5403 vel
1936 5350 2115 5401 mor
2161 5329 2485 5412 mixtus,
2534 5330 2669 5423 qui
2722 5329 3026 5403 dicitur
3073 5330 3483 5422 aequivoce

272 5452 474 5519 libero
538 5452 824 5516 arbitrio
882 5471 1225 5537 nunquam
1291 5453 1419 5531 usi,
1482 5452 1669 5535 facta
1746 5455 1820 5519 in
1934 5467 2167 5541 aqua,
2231 5451 2320 5521 ut
2388 5468 2595 5541 aqua
2657 5466 3020 5520 rosacea.
3085 5450 3240 5520 Pel·
3299 5446 3477 5531 hoc,

272 5591 440 5657 aqua
500 5569 889 5635 elementari
951 5568 1194 5652 fluida,
1273 5569 1353 5633 ab
1409 5568 1548 5634 alio
1612 5569 1821 5635 simul
1935 5565 2140 5657 quod
2177 5563 2473 5639 dicitur
2512 5566 2752 5652 fluida,
2788 5563 3246 5637 excluditur
3276 5585 3485 5657 aqua
