4255 6375
112 3196 322 3306 Ρεὲῑὲω

1769 443 2212 510 DlSTlNC'I'lO
2289 446 2333 510 l.
3598 441 3636 503 9

395 596 849 685 efficacem,
906 624 1061 695 qua
1120 605 1432 678 curatis
1484 605 1739 698 ipsius
1786 605 1959 677 vul-

396 721 770 803 neribus,
809 745 902 800 ac
948 726 1180 819 plena
1224 728 1529 803 reddita
1581 728 1957 809 sanitate,

399 840 485 912 in
561 844 689 915 sui
752 843 1269 937 principium,
1334 866 1379 916 a
1441 866 1597 937 quo
1651 846 1962 918 descen-

392 958 596 1030 dens
689 961 788 1031 ab
884 961 1344 1033 Jerusalem
1465 960 1958 1042 deviaverat,

393 1073 767 1148 finaliter
813 1078 1272 1150 reducatur.

490 1193 612 1264 De
674 1193 833 1265 ista
904 1194 1159 1267 saucii
1214 1194 1313 1284 (b)
1360 1195 1786 1268 sanatione
1846 1214 1964 1265 sa-

390 1306 621 1379 lubri
710 1327 804 1381 ac
881 1309 1088 1380 devii
1168 1309 1637 1382 reductione
1712 1308 1959 1391 finali,

396 1429 793 1515 tanquam
839 1425 930 1496 de
968 1425 1290 1517 pedibus
1328 1425 1677 1499 sedentis
1720 1447 1965 1519 super

397 1540 705 1611 solium
750 1540 1185 1623 excelsum,
1246 1542 1640 1633 Magister
1692 1541 1769 1614 in
1813 1542 1961 1613 hoc

400 1676 658 1747 opere
728 1656 949 1729 finali
1016 1656 1529 1740 determinat,
1597 1662 1683 1732 ut
1753 1659 1962 1733 sicut

396 1797 489 1840 ex
546 1778 770 1862 primo
835 1789 895 1842 ec
960 1778 1246 1844 secundo
1305 1774 1631 1856 claruit,
1704 1776 1961 1848 Deum

394 1909 584 1961 esse
654 1895 900 1980 Alpha,
978 1895 1143 1964 tam
1225 1891 1303 1963 in
1376 1913 1460 1965 se
1526 1913 1668 1964 ens
1748 1892 1963 1966 inter

397 2005 684 2077 omnia
780 2007 1162 2099 primum,
1262 2028 1498 2100 quam
1603 2008 1961 2081 omnium

394 2122 764 2195 aliorum
818 2123 1218 2215 originale
1263 2125 1796 2218 principium;
1847 2127 1961 2199 sic

392 2265 487 2308 ea:
546 2245 742 2309 lertio
808 2257 867 2310 ec
933 2259 1170 2333 quarto
1238 2249 1633 2337 appareat
1694 2245 1959 2337 ipsum

397 2379 583 2430 csse
616 2361 696 2431 et
736 2363 1002 2450 Omeya,
1050 2366 1219 2436 tam
1264 2362 1342 2434 in
1379 2385 1461 2435 se
1495 2364 1734 2435 finem
1780 2362 1960 2437 ulti-

403 2495 657 2557 mum,
750 2496 988 2566 quam
1070 2483 1476 2552 creaturae
1564 2500 1729 2551 suae
1818 2501 1960 2572 per

399 2591 767 2683 seipsum
816 2593 892 2663 in
928 2594 1283 2686 seipsum
1328 2595 1686 2670 finaliter
1731 2597 1958 2668 redu-

399 2707 738 2779 ctivum.
791 2710 1016 2782 Hanc
1073 2716 1342 2784 autem
1407 2712 1954 2786 reductionem

400 2824 730 2897 finalem
819 2828 1201 2917 praecedit
1301 2828 1620 2901 curatio
1726 2829 1955 2901 semi-

400 2940 664 3033 plena,
710 2946 789 3014 et
834 2942 1067 3033 plena
1108 2943 1428 3017 curatio
1479 2944 1946 3019 comitatur.

490 3058 943 3130 Secundum
1039 3057 1245 3130 hanc
1342 3046 1949 3134 distinctionem

399 3174 663 3266 igitur
732 3178 996 3269 potest
1064 3177 1303 3251 dividi
1374 3186 1714 3270 quartus
1774 3180 1950 3264 iste,

2078 605 2462 690 miorum,
2507 592 2708 700 'quae
2771 611 2958 681 sunt
3011 606 3381 700 jucunda>
3429 602 3623 676 refe-

2075 722 2413 795 ctioneS.

2172 841 2259 912 In
2332 842 2597 933 prima
2670 840 2925 933 igitur
2998 845 3230 933 parte
3307 840 3476 932 agit
3535 840 3628 912 de

2080 958 2658 1040 Sacramentis,
2765 979 2904 1051 per
3011 978 3184 1050 quae
3289 960 3631 1031 curatur

2084 1074 2505 1165 languidus
2549 1096 2594 1146 a
2659 1076 2939 1148 morbo
3011 1076 3291 1169 culpae.
3367 1077 3455 1146 In
3515 1096 3628 1146 se-

2078 1192 2332 1264 cunda
2364 1192 2453 1263 de
2495 1193 2875 1284 prae1niiS‚
2933 1213 3074 1284 por
3126 1214 3299 1285 quae
3342 1192 3628 1264 libera-

2081 1312 2218 1380 tur
2276 1329 2322 1379 a
2383 1308 2777 1398 languore
2840 1329 3112 1401 poenae.
3180 1310 3277 1379 Et
3347 1306 3628 1399 incipit

2081 1425 2427 1497 secunda
2524 1430 2593 1493 in
2675 1431 3019 1515 princepio
3117 1429 3415 1495 distinct.
3513 1427 3622 1495 43.

2075 1543 2436 1624 Postremo,
2509 1546 2660 1616 etc.
2733 1542 3009 1613 Prima
3075 1541 3462 1614 dividitur
3547 1542 3625 1611 in

2074 1657 2314 1739 duas3
2385 1658 2648 1750 primo
2726 1677 3069 1751 namque
3137 1656 3628 1732 determinat

2075 1772 2167 1843 de
2209 1776 2737 1847 sacramento
2776 1774 2854 1851 in
2897 1775 3304 1866 generali;
3352 1796 3628 1847 secun·

2076 1889 2172 1960 do
2225 1888 2303 1961 in
2341 1891 2699 1983 speciali.
2759 1892 3115 1966 Secunda
3165 1897 3238 1960 in
3276 1897 3624 1981 principio

2077 2007 2232 2073 disc.
2311 2010 2615 2076 secundm
2691 2038 2711 2077 .·
2772 2013 2919 2077 lam
2996 2011 3086 2076 acl
3164 2012 3620 2080 Sacramenta.

2080 2122 2357 2194 Prima
2415 2123 2801 2197 dividitur
2863 2124 2942 2195 in
2990 2125 3212 2206 duas,
3255 2126 3331 2197 in
3378 2146 3629 2217 prooe-

2080 2239 2331 2311 mium
2407 2245 2486 2313 et
2573 2243 3048 2322 tractatum,
3122 2241 3253 2332 qui
3344 2240 3628 2335 incipit

2079 2354 2181 2426 ibi
2246 2381 2261 2425 :
2325 2360 2830 2424 Sacramentum
2878 2371 2970 2425 cst
3027 2382 3256 2439 sacrae,
3310 2361 3462 2431 etc·
3526 2363 3624 2433 Et

2076 2470 2214 2543 illa
2249 2471 2326 2543 in
2363 2477 2737 2565 quatuor,
2777 2474 3209 2546 secundum
3245 2479 3621 2566 quatuor,

2075 2608 2250 2678 quae
2304 2587 2382 2661 in
2437 2590 2825 2681 prooemio
2873 2592 3255 2683 proponit
3316 2596 3626 2685 pertra-

2072 2708 2386 2779 ctanda.
2454 2708 2817 2781 Primum
2877 2712 3026 2791 est,
3093 2709 3277 2801 quid
3339 2710 3443 2783 sit
3490 2713 3624 2783 Sa-

2072 2829 2614 2897 cramentum.
2664 2826 3135 2907 Secundum,
3203 2846 3456 2918 quare
3515 2827 3625 2898 in-

2075 2940 2483 3025 stitutum,
2521 2941 2627 3014 ibi
2676 2967 2689 3009 :
2732 2945 3012 3031 Triplici
3049 2967 3131 3010 ezr
3169 2967 3393 3011 causa.
3441 2946 3628 3016 Ter-

2075 3058 2306 3137 tium,
2382 3057 2459 3128 in
2532 3079 2686 3149 quo
2747 3059 3172 3140 consistat,
3222 3059 3325 3132 ibi
3388 3088 3402 3131 :
3481 3065 3626 3129 Duo

2072 3190 2293 3243 autem
2341 3190 2518 3254 stent,
2576 3179 2728 3247 eto.
2792 3180 3217 3258 Quartum,
3270 3177 3363 3249 de
3412 3177 3627 3251 diffe-

2075 3291 2363 3363 rentiis
2421 3294 3170 3374 sacramentorum,
3223 3293 3327 3365 ibi
3398 3320 3412 3365 ε
3477 3300 3627 3364 lam

124 3323 307 3389 «nmio
394 3293 756 3374 dicendo,
797 3293 999 3385 quod
1036 3294 1434 3386 Magister
1480 3296 1741 3386 primo
1784 3299 1953 3387 agit

121 3381 316 3494 ¹²⁰¹,¹‡,¹¹‘³⁸
399 3410 491 3482 de
552 3409 905 3481 hominis
956 3411 1211 3485 saucii
1270 3414 1696 3487 curatione
1747 3414 1952 3486 salu·
2070 3410 2299 3475 videre
2373 3420 2598 3475 rescac.
2684 3410 2784 3480 Ei»
2864 3407 3021 3481 ista
3099 3408 3180 3480 in
3247 3410 3468 3492 duas,
3543 3411 3624 3483 in

106 3509 329 3628 eggss'ffi,
402 3526 574 3609 131213
671 3527 1041 3609 secundo,
1135 3515 1226 3600 de
1313 3528 1666 3600 hominis
1743 3531 1950 3602 devii
2074 3522 2609 3615 principalem
2653 3528 2732 3597 et
2797 3523 3387 3609 incidentalem,
3445 3550 3620 3620 quae

400 3643 870 3716 reductione
946 3644 1222 3728 finali;
1306 3649 1650 3719 curatur
1734 3647 1947 3719 enim

392 3757 637 3830 homo
736 3759 1181 3834 salubriter
1267 3761 1348 3833 in
1436 3762 1949 3854 susceptione

390 3882 683 3957 devota
730 3886 1452 3959 Sacramentorum
1501 3887 1942 3970 veracium,

387 4012 465 4079 et
529 4008 943 4080 reducitur
1000 4009 1358 4082 finaliter
1408 4010 1487 4081 in
1548 4013 1945 4105 percepti-

392 4154 539 4206 one
639 4133 996 4224 jucunda
1094 4134 1621 4227 praemiorum
1722 4140 1945 4211 ccele-

392 4260 667 4331 stium.
763 4263 1294 4332 Sacramenta
1381 4263 1597 4333 enim
1675 4263 1940 4355 dispo-

390 4388 590 4457 nunt
666 4387 744 4457 et
808 4389 1303 4478 praeparant,
1362 4388 1702 4479 praemia
1741 4410 1938 4461 vero

393 4508 823 4601 perficiunt
913 4514 991 4584 et
1087 4517 1681 4586 consummant.
1795 4518 1935 4587 Vel

396 4638 663 4726 potest
725 4634 904 4716 dici,
990 4636 1195 4727 quod
1272 4637 1540 4730 primo
1602 4639 1773 4730 agit
1848 4642 1938 4713 de

2069 3638 2379 3729 incipit,
2438 3638 2542 3709 ibi
2616 3665 2629 3707 :
2711 3642 2872 3708 Fuit
2951 3654 3235 3724 camcn,·
3312 3649 3391 3716 et
3463 3644 3621 3718 ista

2067 3755 2579 3828 incidentalis
2661 3756 2737 3826 in
2812 3761 3006 3839 tres,
3091 3758 3277 3850 quia
3351 3759 3614 3851 primo

2062 3873 2236 3963 agit
2279 3872 2367 3943 de
2403 3875 2932 3946 Sacramento
2971 3874 3380 3966 praecipuo
3416 3875 3616 3966 legis

2066 3989 2473 4061 Mosaicae.
2532 3990 2916 4073 SecundO,
2984 3991 3168 4083 quid
3229 3992 3377 4064 sibi
3440 4015 3618 4065 cor-

2062 4105 2595 4196 respondebat
2669 4105 2746 4175 in
2811 4106 2987 4197 lege
3049 4112 3391 4188 naturae,
3432 4108 3536 4180 ibi
3599 4115 3614 4158 ²

2065 4225 2405 4300 Quoeritm·
2478 4236 2721 4291 autem.
2812 4222 3125 4305 Tertio,
3211 4223 3419 4297 l'edi't
3514 4225 3609 4295 ad

2056 4337 2630 4409 declarandum
2728 4339 3088 4427 quaedam
3190 4340 3426 4412 dubia
3518 4340 3611 4411 de

2052 4454 2716 4535 Ciroilmcisione,
2741 4455 2842 4527 ibi
2889 4481 2902 4524 :
2943 4460 3061 4522 Ile‘c
3099 4459 3454 4524 dicendum
3492 4472 3607 4527 est.

2144 4573 2259 4643 De
2303 4573 2834 4642 Sacramento
2909 4570 3164 4661 igitur
3233 4572 3310 4642 in
3390 4593 3609 4644 com-

2059 4685 2305 4767 muni,
2361 4684 2511 4756 hoc
2569 4685 2835 4777 primo
2897 4690 3282 4777 tanquam
3319 4691 3605 4761 notum
3650 4662 3953 4800 &3300-

2058 4801 2421 4874 occurrit
2520 4801 3218 4876 considerantibus
3314 4808 3605 4877 Sacra·
3758 4813 3824 4862 ad

3682 4877 3895 4939 gratiam

2054 4923 2350 4998 menta,
2392 4918 2702 4991 scilicet
2738 4920 2942 5010 quod
2985 4924 3604 4995 Sacramentum
3669 4937 3952 4988 ordinatur.

390 4762 815 4837 curatione
876 4763 1320 4856 semiplena
1397 4785 1533 4837 seu
1596 4766 1940 4860 disposi-

390 4886 590 4968 tiva;
628 4890 709 4960 et
744 4888 1086 4959 secundo
1119 4888 1211 4959 de
1244 4889 1669 4963 curatione
1708 4893 1938 4985 plena

389 5032 523 5082 seu
590 5010 1062 5103 perfectiva,
1113 5017 1192 5085 et
1243 5017 1589 5107 utraque
1648 5017 1937 5090 divisio

390 5136 592 5208 rodit
659 5136 737 5207 in
798 5135 1026 5208 idem.
1072 5139 1281 5210 Nam
1335 5142 1653 5214 curatio
1699 5143 1938 5216 semi-

390 5259 624 5349 plena
701 5260 790 5334 fit
855 5282 996 5354 per
1048 5263 1407 5352 gratiam
1469 5269 1937 5339 Sacramen-

385 5391 689 5469 torum,
771 5409 945 5480 quae
1000 5393 1188 5463 sunt
1259 5392 1669 5466 medicinae
1730 5396 1940 5466 salu-

384 5510 629 5599 bres;
718 5513 951 5606 plena
1038 5516 1363 5590 curatio
1453 5541 1587 5593 seu
1672 5522 1938 5593 finalis

390 5638 753 5713 reductio
803 5639 889 5711 fit
949 5662 1090 5734 per
1151 5642 1675 5721 collationem
1735 5667 1931 5741 preo-

2057 5034 2527 5126 specialiter
2586 5035 2679 5107 ad
2732 5036 3087 5126 gratiam
3152 5037 3602 5118 ordinatur,

2057 5152 2259 5241 quod
2339 5172 2624 5224 verum
2689 5153 3068 5242 generale
3130 5152 3196 5224 si
3259 5152 3615 5244 particu-

2056 5275 2313 5347 larius
2371 5281 2449 5349 et
2511 5277 2819 5349 clarius
2874 5282 2951 5349 et
3005 5275 3320 5368 planius
3362 5279 3609 5370 expli-

2054 5404 2313 5477 cetur,
2425 5400 2728 5491 p'atebit
2832 5401 3144 5475 veritas
3244 5403 3600 5484 illorum,

2056 5546 2231 5618 quae
2299 5527 2389 5598 de
2461 5529 2989 5598 sacramento
3079 5528 3157 5600 in
3241 5528 3603 5620 generali

2056 5651 2601 5724 communiter
2673 5650 3222 5745 inquiruntur.
3289 5656 3433 5730 Sed
3502 5676 3604 5727 an
