4255 6375
742 349 854 417 182

757 512 1106 580 necessitat
1170 510 1251 577 ad
1308 509 1639 589 effectum,
1703 525 1897 593 quam
1952 501 2295 590 dispositio

748 629 968 715 aliqua
1028 626 1429 716 poenitentiS,
1504 637 1573 691 ut
1648 621 1914 701 attritio,
1968 641 2119 709 quae
2151 619 2295 686 sine

749 748 1167 814 Sacramento
1214 757 1315 811 est
1355 741 1698 820 inefficax;
1746 760 1874 806 non
1902 738 2077 826 ,ideo
2118 736 2295 804 enim

747 864 963 951 aliqua
996 864 1207 929 forma
1243 860 1531 948 disponit
1560 858 1639 925 ad
1686 858 1904 936 aliam,
1941 856 2092 943 quia
2143 876 2298 941 pro-

746 978 1009 1048 ducitur
1038 1000 1073 1045 a
1110 977 1246 1058 tali,
1284 988 1399 1045 aut
1425 975 1535 1044 tali
1585 995 1806 1053 causa,
1842 971 1957 1040 sed
2008 972 2162 1059 quia
2201 971 2294 1036 di-

746 1097 835 1164 cit
872 1116 955 1163 ex
983 1115 1055 1161 se
1103 1091 1297 1160 talem
1341 1092 1841 1168 connexionem,
1887 1089 2031 1156 sive
2068 1108 2152 1153 ex
2183 1106 2298 1152 na-

749 1226 900 1305 tura
964 1210 1083 1291 rei,
1128 1211 1272 1277 sive
1329 1231 1411 1276 ex
1458 1207 1871 1275 ordinatione
1918 1225 2134 1273 causae
2182 1225 2295 1270 ex-

752 1327 1084 1393 trinsecae.

429 1455 698 1507 Generans
839 1442 1195 1509 Videantur
1233 1462 1382 1529 quae
1420 1461 1617 1528 supra
1668 1437 2138 1526 praemisimuS‚
2174 1435 2296 1502 cir-

459 1521 681 1645 disssgnit
751 1580 825 1625 ca
908 1558 1403 1645 dispositionem
1480 1568 1758 1643 utroque
1818 1553 2011 1620 modo
2069 1565 2295 1618 neces—

420 1643 727 1758 insugicssnem
754 1675 1035 1755 sitatem,
1124 1685 1319 1761 atque
1409 1673 1570 1740 adeo
1663 1669 1988 1759 quomodo
2089 1688 2296 1755 agens

427 1775 505 1823 ⁹⁸²
533 1785 714 1822 causa.
749 1804 1036 1859 creatum
1106 1789 1451 1857 necessitat
1499 1789 1577 1856 ad
1612 1788 2006 1854 infusionem
2057 1786 2296 1853 animae

750 1908 1111 1988 rationalis,
1148 1929 1228 1973 ex
1263 1917 1447 1994 pacto
1478 1905 1590 1972 Dei
1640 1903 1955 1993 generali,
2001 1924 2130 1969 non
2172 1901 2294 1969 ali-

748 2037 865 2091 ter.
903 2023 1065 2090 Vide
1097 2027 1433 2089 Doctorem
1489 2023 1562 2087 in.
1628 2026 1692 2088 3.
1730 2022 1887 2087 dist.
1941 2022 2045 2086 16.
2104 2024 2138 2106 g
2190 2019 2296 2085 Ad

737 2141 1121 2220 secundam,
1159 2160 1355 2206 versu
1386 2160 1400 2204 ε
1437 2138 2039 2225 Responde0‚nulla
2070 2137 2291 2223 dispo-

737 2260 894 2324 sitio
928 2257 1205 2323 inducta
1245 2257 1326 2322 ab
1356 2266 1591 2342 aqente
1620 2255 1944 2331 naturali,
2002 2268 2126 2320 etc.
2173 2276 2288 2320 ne-

743 2376 1011 2441 cessieal
1054 2374 1140 2439 ad
1179 2374 1588 2458 infusionem
1629 2374 1873 2438 animoe
1897 2373 2282 2439 rationalis.

743 2489 928 2566 Quod
967 2509 1126 2574 ergo
1194 2487 1562 2575 dispositiO,
1643 2508 1790 2574 quae
1855 2487 2156 2553 consistit
2217 2487 2284 2552 in

739 2606 999 2673 actibus
1035 2604 1357 2684 adulti,sit
1387 2605 1466 2670 ab
1509 2605 1803 2691 ipsc,per
1840 2604 2115 2691 gratiam
2143 2605 2279 2684 Dei,

742 2743 824 2788 ex
883 2720 1292 2788 ordinatione
1340 2720 1451 2786 Dei
1511 2731 1634 2804 est,
1698 2741 1824 2807 qua
1901 2720 2109 2786 voluit
2165 2719 2287 2806 ipsi

744 2858 873 2903 non
941 2836 1275 2903 remittere
1331 2834 1663 2914 delictum,
1757 2834 1879 2900 nisi
1944 2833 2292 2921 poeniteret

744 2975 894 3021 eum
938 2973 1265 3039 peccasse.

517 3117 604 3169 74.
836 3069 999 3135 Huic
1066 3068 1486 3135 fundamento
1518 3067 1781 3135 demum
1813 3066 2292 3155 superaedificat

431 3179 685 3307 gaza?
742 3184 963 3298 ‘dictus
1004 3190 1242 3253 Auctor
1266 3198 1333 3252 ut
1363 3184 1623 3252 tandem
1643 3182 1908 3272 colligat
1939 3185 2108 3252 hanc
2138 3206 2288 3251 con-

418 3309 700 3419 Retffigiue·
752 3303 1188 3390 sequentiam,
1244 3323 1499 3389 nempe,
1532 3303 1860 3388 frivolum
1898 3324 2033 3368 esse
2062 3324 2290 3368 recur-

751 3442 898 3487 rere
927 3419 1017 3485 ad
1056 3420 1584 3506 dispositionem,
1623 3431 1692 3485 ul
1722 3422 2021 3485 salvetur
2058 3421 2293 3504 effica-

742 3539 910 3605 citas
937 3539 1379 3604 Sacramenti.
1424 3536 1548 3603 Sed
1588 3536 1730 3623 ipsc
1761 3537 1926 3603 male
1957 3536 2287 3613 discurrit,

743 3655 895 3742 quia
927 3652 1139 3721 necin
1182 3654 1404 3721 schola
1454 3658 1524 3719 D.
1571 3655 1868 3733 Thomae,
1905 3674 2118 3741 neque
2174 3674 2292 3719 no-

742 3784 898 3852 stra,
947 3792 1157 3859 neque
1196 3770 1367 3838 inter
1409 3769 1842 3857 Philosophos
1897 3771 2290 3837 vocabulum

743 3888 1207 3974 disposicionis
1273 3887 1755 3966 necessitantis,
1846 3887 1926 3953 de
2002 3908 2129 3973 qua
2190 3888 2294 3955 hic

745 4009 1001 4083 Doctor,
1071 4023 1283 4090 neque
1356 4002 1822 4089 dispositionis
1893 4003 2296 4088 simpliciter

742 4120 865 4186 soli
932 4118 1363 4206 poenitentiae,
1418 4129 1529 4183 aut
1585 4117 1841 4183 caeteris
1893 4117 2146 4183 actibus
2180 4118 2293 4184 ho·

742 4236 939 4303 minis
965 4233 1332 4325 justificati,
1372 4234 1774 4301 attribuitur.
1836 4239 1910 4300 Et
1968 4234 2294 4323 loquendo

740 4355 818 4421 de
879 4352 1335 4435 necessitante,
1381 4351 1435 4418 si
1498 4361 1890 4440 sequeretur
1930 4350 2292 4417 doctrinam

738 4469 1100 4538 Tridentini
1152 4490 1188 4535 a
1236 4490 1365 4556 quo
1417 4468 1679 4535 modum
1721 4468 2029 4556 loquendi
2072 4480 2294 4533 mutu-

733 4590 894 4663 avit,
940 4588 1020 4654 de
1059 4586 1233 4653 facili
1286 4585 1612 4652 inveniret
1657 4607 1812 4652 sess.
1867 4589 1930 4651 6.
2003 4607 2150 4672 cap.
2216 4592 2279 4653 5.

733 4709 800 4773 6.
845 4709 906 4772 7.
945 4714 1007 4769 et
1042 4702 1283 4790 potissi
1296 4720 1476 4766 mum
1505 4711 1753 4780 octavo,
1792 4697 2291 4785 dispositionem

740 4825 820 4891 de
869 4842 997 4911 qua
1027 4820 1318 4908 loquitur
1371 4816 1757 4897 Concilium,
1807 4837 1934 4882 non
1990 4838 2135 4883 esse
2177 4839 2292 4883 nc-

739 4939 1162 5009 cessitantem
1212 4936 1356 5003 sine
1387 4936 1835 5018 SacramentO,
1891 4934 2020 4999 imo
2064 4937 2293 5001 Sacra-

738 5067 1030 5125 mentum
1066 5053 1379 5121 inducere
1416 5051 1872 5117 necessitatem
1916 5050 2292 5138 justificati·

739 5174 885 5241 onis
916 5195 997 5240 ex
1047 5169 1337 5239 efficacia
1407 5189 1550 5251 sua,
1615 5166 1768 5257 quia
1843 5189 2047 5256 neque
2092 5167 2283 5252 sides,

739 5314 945 5380 neque
998 5312 1223 5379 opera,
1290 5309 1436 5376 qum
1496 5288 1708 5375 ipsam
1736 5286 2292 5375 justificationem

739 5408 1160 5488 antecedunt,
1206 5408 1421 5496 ipsam
1442 5405 1958 5494 justificationis
1995 5404 2287 5490 qratiam

741 5536 1232 5619 promerentur.
1279 5524 1611 5591 Inveniret
1640 5521 1835 5590 etiam
1880 5522 1946 5589 in
1998 5522 2118 5589 hac
2150 5521 2290 5607 ipsa

1908 340 2053 404 1213.
2078 339 2180 401 lv.
2215 337 2811 402 SENTENTIARUM

2414 500 2685 567 materia
2716 520 2954 566 nomen
3006 500 3493 589 disposicionis,
3539 521 3622 567 ex
3669 521 3956 567 commu-

2413 617 2477 683 ni
2528 617 3035 704 Theologorum,
3092 637 3219 683 non
3279 617 3761 684 accommodari
3810 617 3958 685 solis

2412 733 2668 801 actibus
2708 733 3132 820 suscipientis
3163 735 3685 813 Sacramentum,
3741 732 3858 800 sed
3902 745 3960 800 et

2411 849 2794 927 characteri,
2851 870 3000 937 quae
3030 861 3131 915 est
3176 849 3521 936 dispositio
3563 849 3960 916 necessitans

2413 964 2493 1030 ad
2561 965 2863 1030 effectum
2907 963 3158 1052 „gratiae
3228 964 3724 1031 sacramentalis
3795 985 3957 1030 rece·
3991 981 4112 1050 czar-s

2414 1080 2609 1147 dente
2642 1078 2928 1159 fictione,
2971 1100 3098 1145 non
3132 1101 3213 1146 ex
3273 1092 3505 1146 natura
3546 1080 3666 1160 rei,
3730 1080 3846 1145 sed
3886 1101 3959 1145 ex
4002 1047 4112 1108 ἂψ

2409 1199 2635 1265 divina
2749 1196 3186 1265 ordinatione.
3289 1202 3475 1277 Item,
3594 1197 3953 1265 secundum

2413 1316 2731 1404 principia
2771 1315 3048 1382 aliorum
3090 1327 3154 1383 et
3184 1315 3480 1403 ejusdem
3544 1315 3727 1394 alibi,
3774 1313 3954 1380 radix

2411 1434 2728 1500 libertatis
2759 1453 2860 1500 est
2890 1433 2954 1499 in
2987 1434 3346 1513 intellectu,
3419 1435 3505 1500 ita
3537 1444 3608 1501 ut
3650 1432 3957 1520 quamdiu

2410 1561 2627 1616 manet
2700 1550 3024 1638 judicium
3111 1550 3479 1617 intellectus
3567 1550 3954 1620 indifferens

2411 1681 2709 1755 respectu
2746 1667 3134 1749 mediorum,
3180 1666 3368 1734 verbi
3407 1669 3646 1755 gratia,
3676 1684 3952 1756 nequeat

2408 1785 2591 1872 sequi
2615 1783 2843 1851 electio
2866 1784 3062 1851 unius
3094 1783 3510 1851 determinati
3539 1783 3739 1850 medii
3764 1784 3832 1850 in
3854 1806 3960 1851 vo-

2410 1901 2679 1981 luntate,
2727 1901 2934 1968 donec
2965 1901 3440 1969 determinetur
3471 1916 3778 1990 respectu
3822 1905 3958 1991 ejus

2407 2020 2689 2106 primum
2740 2018 3130 2100 intellectus,
3177 2029 3242 2085 et
3280 2019 3404 2085 hoc
3454 2027 3584 2085 non
3651 2021 3953 2087 obstante
4005 2045 4115 2092 suam

2406 2148 2587 2202 actus
2638 2134 3003 2201 intellectus
3055 2156 3167 2222 per
3214 2135 3517 2202 eumdem
3560 2157 3692 2202 non
3736 2137 3953 2204 influit
3987 2114 4116 2218 ῗζΐῇζ

2406 2251 2675 2338 physice
2750 2251 2816 2317 in
2883 2262 3099 2318 actum
3189 2252 3570 2333 voluntatiS,
3645 2255 3948 2340 quamvis
4002 2239 4117 2356 dig,

2404 2382 2585 2436 actus
2646 2369 3010 2435 intellectus
3061 2370 3412 2437 necessitet
3442 2368 3521 2436 ad
3563 2371 3949 2439 electionem
3971 2369 4117 2405 ΜΝ

2402 2484 2815 2551 determinati
2850 2483 3043 2550 medii
3078 2496 3290 2552 stante
3333 2485 3693 2554 intentione
3737 2486 3955 2554 effica-

2402 2603 2458 2669 ci
2502 2601 3051 2690 finis;quomodo
3107 2614 3324 2670 autem
3387 2604 3768 2684 necessitet,
3820 2605 3943 2672 nisi

2404 2740 2518 2806 per
2559 2718 2821 2785 modum
2853 2718 3302 2804 dispositionis
3352 2720 3863 2787 necessitantis‘?

2492 2834 2665 2900 Idem
2707 2835 2901 2899 etiam
2936 2847 3127 2921 negat
3176 2834 3579 2902 voluntatem
3621 2836 3949 2923 imperare
3974 2849 4119 2937 Μή

2404 2953 2700 3039 proprios
2728 2964 2951 3033 actus;
3014 2967 3326 3020 caeterum
3358 2966 3572 3020 stante
3602 2967 3752 3021 actu
3819 2956 3945 3042 pri·
3993 2938 4119 3060 “Q

2403 3066 2498 3133 ori
2531 3066 2909 3148 voluntatis,
2962 3088 3041 3133 ex
3083 3069 3530 3156 suppositione
3592 3072 3950 3139 necessita·
3977 3065 4119 3127 9⁰³²&

2403 3199 2509 3253 tur
2556 3185 2634 3252 ad
2667 3200 2881 3253 actum
2918 3187 3372 3274 posteriorem,
3411 3211 3560 3277 quae
3593 3192 3953 3258 necessitas

2405 3301 2600 3366 etiam
2641 3301 2706 3366 in
2750 3305 2953 3367 Deum
2995 3302 3188 3382 cadit,
3235 3306 3427 3391 cujus
3467 3316 3652 3371 actus
3696 3318 3803 3372 est
3836 3308 3953 3372 im-

2405 3418 2853 3507 producibilis,
2923 3424 3109 3501 ltem,
3179 3434 3361 3488 actus
3413 3422 3781 3489 voluntatis
3843 3446 3953 3511 per
4048 3477 4121 3521 m

2405 3535 2706 3602 eumdem
2774 3548 2838 3602 et
2894 3536 3080 3615 alios,
3121 3558 3250 3604 non
3304 3537 3523 3606 influit
3563 3540 3846 3627 physice
3891 3541 3953 3604 in
4001 3534 4121 3658 Q}

2405 3662 2589 3718 actus
2640 3651 2912 3717 aliarum
2981 3653 3444 3739 potentiarum,
3508 3657 3821 3741 quamvis
3875 3655 3951 3721 ad
3998 3659 4121 3769 im&

2403 3787 2513 3833 eas
2576 3766 2945 3848 necessitet,
3020 3780 3326 3856 tanquam
3376 3768 3725 3855 dispositio
3774 3782 3952 3837 ante·
4013 3797 4121 3849 ἡμή

2404 3884 2642 3950 cedens
2671 3911 2684 3962 ;
2722 3884 2816 3950 sic
2845 3884 3040 3950 etiam
3066 3886 3401 3971 supposito
3433 3908 3655 3954 amore
3687 3902 3755 3953 et
3787 3911 3949 3976 prae·
3990 3846 4121 3967 dett]

2407 4001 2616 4068 sentia
2645 4001 2903 4090 objecti,
2948 4005 3242 4091 sequitur
3281 4004 3537 4071 dilectio
3581 4008 3953 4073 necessario

2408 4138 2557 4204 quae
2605 4131 2706 4184 est
2764 4132 2947 4186 actus
2998 4120 3257 4188 elicitus
3323 4123 3703 4194 voluntatis⁸
3764 4126 3955 4211 juxta

2407 4234 2718 4320 placitum
2763 4235 3006 4302 scholae
3038 4240 3111 4303 D.
3148 4236 3438 4316 Thomas,
3476 4239 3649 4324 quod
3686 4238 3831 4326 ipse
3862 4261 3957 4305 se-

2408 4349 2659 4436 quitur.

2498 4470 2681 4548 Item,
2757 4468 2912 4556 quid
2973 4469 3181 4556 magis
3229 4468 3505 4556 vulgare
3555 4470 3622 4536 in
3657 4472 3956 4539 Philoso-

2415 4581 2590 4669 phia,
2636 4605 2830 4671 quam
2892 4584 3169 4650 formam
3230 4584 3538 4671 priorem,
3613 4608 3767 4675 quae
3833 4609 3967 4655 non

2409 4698 2626 4765 influit
2706 4700 2975 4786 physice
3042 4700 3108 4766 in
3180 4702 3631 4787 posteriorem,
3681 4725 3847 4790 quse
3886 4705 3962 4771 ad

2406 4836 2546 4881 eam
2582 4817 2901 4903 sequitur,
2948 4828 3016 4882 ut
3054 4816 3312 4904 quando
3350 4817 3430 4884 ab
3470 4818 3700 4885 eadem
3754 4842 3950 4888 causa

2408 4934 2803 5021 proveniunt
2842 4934 2990 5001 duae
3030 4935 3259 5000 formae
3324 4956 3467 5001 cum
3514 4937 3952 5005 subordinati-

2404 5071 2528 5116 one
2584 5049 2879 5129 actioniS,
2937 5063 3005 5116 ut
3072 5051 3270 5136 prior,
3346 5050 3635 5138 inquam,
3696 5053 3952 5123 dicatur

2403 5165 2745 5252 dispositio
2788 5166 3215 5233 necessitans.

2492 5283 2654 5359 Quid
2688 5303 2845 5369 ergo
2878 5282 2932 5349 si
2973 5282 3119 5349 talis
3150 5282 3489 5371 dispositio
3530 5287 3942 5356 necessitans
4068 5333 4125 5385 75.

2404 5400 2777 5481 reducatur,
2830 5400 3158 5466 communi
3201 5421 3395 5467 sensu
3456 5402 3939 5491 Theologorum
3969 5400 4125 5465 Aemi

2404 5532 2466 5585 et
2508 5516 3073 5606 Philosophorum,
3127 5518 3204 5586 ad
3236 5539 3447 5608 genus
3484 5540 3706 5590 causae
3741 5522 3941 5591 effici·
4041 5461 4127 5597 Ἢ.
