4255 6375
1647 379 1856 443 ms'r.
1892 382 1936 443 l.
1986 382 2347 459 QUAESTIO
2382 393 2425 454 1.
3560 416 3630 481 51

421 524 725 603 quaedam
756 528 996 594 indicia
1027 533 1246 614 hujus,
1294 542 1369 599 ut
1396 537 1556 601 illud
1589 542 1985 621 principium

419 639 733 717 eJusdem
766 664 782 706 ε
818 650 919 708 Ex
947 649 1147 710 nihilo
1180 653 1347 713 nihil
1384 656 1480 731 stc.
1533 658 1608 718 Et
1651 659 1803 736 quia
1834 662 1983 723 ubi-

2088 551 2223 612 sive
2273 553 2672 633 immediate,
2712 580 2846 628 non
2903 568 3106 633 refert
3149 573 3233 636 ad
3291 578 3638 642 veritatem

419 772 551 833 que
597 765 963 837 potentiam
1023 767 1300 830 activam
1360 770 1587 834 definit
1641 776 1706 837 in
1752 775 1980 840 ordine

417 871 495 932 ad
540 879 887 941 materiam
932 898 1053 945 seu
1101 887 1451 962 passivam,
1484 893 1557 950 ut
1584 892 1623 951 5
1701 894 1976 971 illecaplz.

416 1005 559 1067 cap.
614 992 708 1054 12.
748 993 899 1057 data
929 997 1048 1059 hac
1087 1004 1447 1076 sententia,
1473 1004 1725 1069 diceret
1767 1008 1976 1074 Philo·

414 1106 667 1182 sophus
696 1111 1171 1194 intelligentias
1202 1119 1447 1182 habere
1483 1137 1563 1182 ex
1593 1138 1666 1183 se
1696 1140 1974 1189 necesse

413 1241 547 1286 esse
607 1232 675 1288 et
728 1228 1160 1309 incausatum,
1208 1243 1273 1297 et
1330 1240 1422 1299 sic
1489 1239 1976 1322 intelligeretur

411 1337 575 1401 illud
617 1343 797 1419 quod
846 1349 1149 1424 superius
1192 1349 1554 1415 adductum
1605 1363 1727 1431 est,
1779 1377 1862 1423 ex
1907 1363 1964 1422 2.

410 1454 693 1535 Metaph.
722 1461 1057 1541 principia
1099 1470 1643 1543 sempiternorum
1671 1492 1796 1538 non
1844 1480 1967 1540 Ιια-

410 1572 560 1634 bere
620 1592 892 1652 causas;
934 1588 1210 1661 negaret
1258 1600 1418 1665 ergo
1465 1590 1742 1664 primam
1789 1593 1963 1655 illam

416 1694 957 1765 propositionem.

72 1801 357 1913 senff-{uia
492 1804 810 1869 Caeterum
853 1811 958 1872 alii
988 1812 1236 1876 docent
1264 1823 1685 1896 contrarium,
1720 1843 1962 1905 nempe

44 1924 377 2039 affiffigva.
411 1920 827 1986 Aristotelem
897 1932 1288 2008 cognovisse
1373 1938 1802 2017 creationem,
1898 1949 1963 2005 et

79 2051 353 2101 Averroes.
413 2036 623 2098 Deum
677 2056 825 2102 esse
884 2060 1150 2107 causam
1211 2050 1658 2116 immediatam
1711 2074 1955 2133 rerum,

50 2114 367 2230 fflpssfflss:
408 2152 591 2230 quod
618 2156 685 2217 in
716 2158 935 2233 primis
977 2161 1118 2238 ipse
1165 2165 1403 2228 Doctor
1429 2171 1629 2231 sentit
1669 2174 1737 2233 in
1793 2177 1845 2236 l.
1890 2177 1952 2237 d.

404 2268 462 2329 8.
508 2276 727 2345 quaesc.
774 2274 832 2335 5.
887 2277 998 2338 ubi
1044 2277 1109 2339 id
1167 2281 1423 2357 probat,
1458 2290 1514 2345 et
1558 2289 1844 2362 quodlib.
1891 2292 1950 2354 9.
2068 2302 2080 2314 ·

400 2388 468 2446 in
498 2386 560 2446 2.
610 2390 674 2449 d.
717 2390 768 2450 l.
803 2400 1022 2467 quoest.
1055 2396 1115 2456 2.
1153 2396 1333 2459 idem
1365 2403 1597 2464 asserit
1628 2407 1951 2470 Averroes

398 2500 462 2558 in
507 2501 568 2561 2.
618 2504 897 2579 Metapa,
933 2522 1085 2566 com.
1142 2512 1199 2571 2.
1249 2517 1306 2572 et
1348 2514 1458 2576 lib.
1520 2519 1616 2580 12.
1672 2524 1946 2599 Μειαρὴ.

394 2630 558 2675 com.
592 2618 691 2677 44.
734 2624 792 2680 et
848 2621 959 2683 lib.
1009 2625 1087 2685 de
1128 2627 1509 2693 Substantia
1554 2637 1750 2712 orbis,
1800 2656 1943 2715 cap.

387 2731 447 2791 2.
482 2731 944 2808 Aphrodisaeus
974 2740 1039 2800 in
1072 2743 1298 2804 iisdem
1342 2745 1519 2819 locis,
1550 2752 1620 2811 D.
1667 2753 1945 2817 Thomas

384 2848 452 2906 in
495 2864 726 2909 comm.
780 2855 837 2910 et
888 2852 936 2912 i.
981 2872 1051 2930 p.
1103 2866 1296 2933 quaest
1345 2863 1448 2923 44.
1495 2871 1551 2925 ει
1599 2869 1663 2927 2.
1715 2878 1945 2931 contra

387 2967 631 3035 Gentes,
694 2982 839 3042 cap.
925 2968 1017 3031 15.
1097 2973 1273 3037 Hanc
1326 2983 1723 3044 sententiam
1795 2984 1941 3051 fuse

385 3082 623 3159 probat
654 3082 894 3143 Doctor
928 3085 994 3145 z’n
1045 3088 1098 3148 l.
1148 3095 1209 3153 d.
1262 3094 1322 3155 8.
1370 3103 1590 3171 quoesc.
1649 3101 1711 3161 5.
1767 3108 1823 3162 et
1875 3104 1940 3165 in

383 3204 678 3277 quodlib.
720 3208 778 3270 9.
834 3200 903 3266 in
942 3207 1092 3283 fine,
1148 3215 1374 3273 contra
1432 3216 1803 3293 ilenricum,
1857 3221 1939 3282 ci-

386 3327 532 3382 tans
572 3323 749 3385 varia
779 3326 926 3389 loca
976 3332 1044 3388 et
1085 3329 1399 3410 principia
1446 3333 1753 3412 ejusdem
1800 3338 1940 3400 Phi·

382 3436 645 3516 Iosophi
685 3446 753 3503 et
795 3442 1364 3520 CommentatoriS,
1415 3455 1481 3511 et
1521 3452 1938 3530 respondens

384 3553 667 3633 objectis
724 3559 804 3620 ab
862 3560 1167 3635 HenricO,
1218 3562 1452 3642 quibus
1520 3566 1621 3628 hic
1701 3586 1937 3647 super-

385 3670 620 3733 sedeo.

464 3784 626 3847 Dato
675 3802 834 3865 ergo
877 3789 1056 3866 quod
1103 3791 1530 3872 Philosophus
1593 3803 1937 3878 agnoverit

383 3900 812 3978 creationem,
875 3905 1091 3967 adhuc
1149 3914 1249 3970 est
1294 3908 1640 3974 difficultas
1698 3930 1781 3977 an
1845 3917 1933 3978 di-

56 4031 127 4099 3¹¹
176 4046 350 4085 omnes
382 4018 790 4081 scordaverit
844 4023 926 4085 ab
990 4024 1319 4088 Avicenna
1379 4027 1547 4089 circa
1604 4030 1930 4105 ordinem,

54 4095 329 4216 ’ῗᾷῗῷῗῇ
381 4148 465 4194 an
508 4135 762 4197 scilicet
807 4139 1122 4216 quaelibet
1155 4143 1455 4220 procedit
1498 4163 1618 4224 per
1647 4148 1861 4226 ipsum
1894 4167 1929 4211 a

54 4218 347 4340 {rigffs’offl
380 4250 516 4311 Deo
561 4252 967 4326 immediate,
1019 4272 1102 4318 an
1151 4262 1401 4322 tantum
1449 4263 1733 4328 mediate
1785 4269 1931 4330 reli-

381 4382 551 4443 quae,
601 4369 808 4447 prima
851 4387 1008 4433 vero
1043 4376 1297 4436 tantum
1342 4377 1928 4445 immediata?Hoc

382 4481 653 4547 dubium
734 4488 1047 4567 relinquit
1117 4492 1359 4554 Doctor
1413 4493 1779 4559 indecisum
1864 4502 1927 4565 2⁶11

366 4603 649 4676 praefato
694 4604 981 4681 quodlib.
1028 4610 1057 4681 ς
1103 4611 1426 4672 Praeterea
1488 4613 1621 4676 haec
1678 4621 1766 4676 esc
1824 4619 1923 4677 in-

375 4721 563 4778 tentio
608 4722 956 4795 Avicennae,
1009 4725 1134 4784 etc.
1169 4723 1282 4785 ubi
1330 4729 1564 4788 asserit
1606 4730 1921 4792 Aristote-

373 4831 502 4893 lem
546 4850 678 4894 non
710 4836 1107 4912 explicuisse
1165 4839 1435 4903 modum
1485 4849 1551 4904 et
1595 4846 1919 4918 ordinem,

374 4965 502 5028 quo
537 4949 988 5030 intelligentias
1017 4968 1055 5013 a
1103 4955 1240 5017 Deo
1274 4958 1668 5034 procedunt,
1719 4979 1922 5041 quem

373 5063 593 5140 posuit
633 5066 993 5139 Avicenna,
1036 5066 1187 5131 ideo
1250 5071 1442 5133 etiam
1497 5073 1601 5134 lu'c
1631 5076 1697 5135 in
1737 5081 1921 5138 tex-tu

368 5179 659 5257 loquitur
701 5181 1007 5245 indecise.
1044 5185 1231 5259 Quod
1283 5190 1458 5250 enim
1490 5190 1918 5270 Philosophus

365 5294 562 5357 variis
607 5296 672 5356 in
734 5296 894 5359 locis
953 5297 1126 5360 dicat
1183 5305 1401 5365 omnia
1457 5322 1493 5365 a
1557 5307 1692 5369 Deo
1741 5323 1912 5376 esse.

368 5417 566 5478 etiam
600 5418 1026 5496 sempiterna,
1061 5427 1133 5483 ut
1164 5425 1634 5506 intelligentiae,
1684 5435 1749 5491 et
1778 5447 1918 5492 coe·

365 5530 529 5606 lum,
577 5534 718 5596 sive
767 5534 1102 5601 mediante
1145 5542 1374 5618 prima,
1435 5546 1565 5607 sint
1620 5546 1701 5608 ab
1746 5549 1912 5625 ipse,

2089 668 2259 730 illius
2325 678 2728 752 assertionis,
2788 700 2865 745 ex
2939 696 3160 754 mente
3236 695 3632 776 Philosophi,

2090 801 2244 873 nam
2279 790 2337 850 8.
2402 794 2820 872 Physz'corum
2875 811 3030 867 teoet.
3092 827 3252 872 com.
3317 817 3417 877 79.
3484 816 3637 881 dicit
3663 818 3955 937 ASqnttgtntlia

2086 912 2407 973 motorem
2464 914 2724 981 infinitae
2775 920 3023 986 virtutis
3065 943 3334 991 movere
3395 934 3634 996 coeium
3689 897 3959 1010 ᾱῗδρτῑιῖῗ

2084 1030 2266 1086 motu
2317 1028 2591 1104 infinite,
2624 1048 2755 1097 non
2788 1037 3191 1116 immediate,
3243 1046 3365 1107 sed
3422 1049 3637 1113 medi·
3713 1012 3929 1073 mutere,

3691 1074 3745 1120 et
3790 1078 3949 1124 motu.

2084 1147 2211 1215 ate,
2246 1150 2318 1207 ut
2362 1149 2638 1226 explicat
2673 1156 3162 1226 commentator
3209 1154 3301 1229 12.
3355 1172 3630 1247 Metapa.

2083 1276 2241 1324 com.
2278 1263 2375 1325 41.
2426 1267 2613 1331 Unde
2647 1277 3049 1352 perpetuitas
3088 1281 3155 1343 in
3194 1292 3376 1347 motu
3432 1289 3634 1350 oritur

2081 1391 2116 1437 a
2165 1379 2325 1452 Deo,
2373 1380 2762 1461 inquantum
2821 1390 2934 1453 dat
2990 1411 3141 1471 esse,
3203 1405 3268 1461 et
3326 1403 3630 1467 virtutem

2083 1493 2392 1555 motivam
2464 1498 2912 1582 intelligentiae
2981 1513 3276 1587 proxime
3354 1522 3630 1595 metrici,

2078 1620 2274 1682 quam
2330 1612 2449 1688 ipsi
2510 1624 2834 1694 perpetuo
2893 1622 3124 1700 influit,
3184 1629 3365 1692 unde
3424 1636 3635 1698 oritur

2076 1726 2481 1799 perpetuitas
2526 1729 2586 1791 in
2640 1740 2866 1813 motu;
2907 1737 3122 1803 finitas
3177 1752 3375 1808 auten
3423 1749 3625 1813 virtu-

2076 1839 2179 1905 tis,
2215 1856 2358 1918 quae
2387 1859 2519 1905 non
2572 1854 2674 1910 est
2718 1851 2838 1913 alia
2889 1870 2925 1915 a
2958 1862 3184 1922 natura
3219 1865 3475 1942 Angeli,
3524 1873 3626 1928 est

2074 1970 2270 2017 causa
2319 1966 2756 2028 successionis
2800 1968 2865 2029 in
2916 1980 3096 2035 motu
3140 1983 3410 2055 propter
3452 1984 3621 2045 resi-

2070 2075 2374 2137 stentiam
2419 2079 2695 2157 mobiliS,
2731 2101 2879 2163 quae
2927 2090 3320 2170 resistentia,
3367 2104 3465 2160 est
3504 2100 3620 2164 im·

2070 2191 2560 2266 proportionata
2591 2197 2811 2261 virtuti
2851 2200 3144 2279 infinitae,
3193 2209 3344 2274 ideo
3393 2218 3620 2293 nequit

2068 2423 2152 2491 te,
2200 2428 2272 2484 ut
2302 2425 2442 2501 ipse
2475 2432 2831 2495 astruebat.
2887 2438 3020 2500 iioc
3057 2450 3214 2521 erge
3262 2449 3618 2522 praemisso,

2062 2553 2194 2600 non
2225 2540 2507 2606 habetur
2531 2548 2949 2615 Aristotelem
2991 2561 3352 2624 asseruisse
3385 2582 3619 2630 omnes

2061 2655 2532 2739 intelligentias
2590 2680 2738 2728 esse
2791 2684 2827 2728 a
2890 2672 3025 2734 Deo
3084 2675 3489 2755 immediate,
3552 2690 3617 2746 et

2056 2770 2151 2833 sic
2193 2790 2327 2835 non
2386 2784 2639 2842 constat
2696 2797 2780 2844 an
2839 2784 3183 2854 dissentiat
3225 2797 3307 2859 ab
3341 2812 3420 2859 eo
3468 2798 3608 2861 Avi·

2057 2904 2311 2963 cenna:
2370 2894 2516 2958 dato
2589 2914 2743 2960 vero
2817 2905 2999 2981 quod
3051 2910 3180 2970 sint
3224 2928 3344 2989 per
3394 2914 3612 2991 ipsum

2052 3002 2430 3072 immediate
2463 3028 2498 3073 a
2545 3015 2705 3087 Deo,
2737 3026 2941 3100 negat
2967 3029 3316 3106 utramque
3350 3047 3606 3111 propo·

2051 3119 2357 3184 sitionem
2403 3133 2823 3208 praemissam,
2860 3152 2940 3199 ex
2971 3139 3211 3218 quibus
3253 3141 3607 3210 deducitur

2054 3240 2410 3304 conclusiO.

2619 3467 3033 3531 SCHOLIUM.

2117 3659 2510 3730 impugnatio
2558 3667 2698 3726 Divi
2758 3671 3006 3730 Thomae
3072 3684 3285 3738 contra
3327 3687 3607 3745 Avicen-

2047 3770 2190 3814 nam
2221 3764 2331 3826 est,
2364 3763 2529 3833 quod
2560 3769 2946 3842 participans
2980 3781 3291 3851 naturam,
3325 3798 3446 3841 non
3491 3803 3605 3859 po-

2044 3857 2162 3911 test
2192 3860 2535 3919 secundum
2589 3881 2721 3923 eam
2766 3871 3131 3944 producere,
3174 3881 3297 3936 nisi
3330 3886 3605 3956 applicet

2044 3965 2179 4008 eam
2228 3953 2300 4010 ad
2354 3956 2558 4017 aliud.
2611 3963 2778 4020 Hanc
2830 3970 3039 4039 rejicit
3086 3974 3322 4044 Doctor,
3374 3982 3601 4051 prime,

2043 4053 2192 4119 quia
2224 4060 2519 4126 supponit
2548 4061 2712 4119 nihil
2746 4080 2882 4122 esse
2923 4069 3058 4137 hoc,
3104 4075 3228 4131 nisi
3259 4092 3373 4148 per
3401 4085 3602 4139 mate-

2040 4145 2223 4214 riam,
2287 4151 2451 4222 quod
2512 4155 2927 4228 improbatum
2986 4171 3078 4224 est
3121 4173 3175 4224 2.
3239 4171 3297 4227 d.
3350 4174 3402 4230 3.
3432 4192 3490 4249 q.
3539 4182 3598 4237 7.

2042 4241 2346 4316 Secundo,
2423 4261 2791 4323 sequeretur
2830 4262 2992 4331 quod
3051 4279 3165 4323 nec
3222 4272 3357 4340 ipse
3433 4275 3597 4334 Deus

2038 4348 2245 4409 posset
2274 4359 2514 4416 creare,
2546 4353 2694 4421 quia
2722 4359 3053 4430 participat
3086 4369 3372 4424 naturam
3405 4374 3590 4430 entis,

2127 4507 2435 4581 Contra
2488 4511 2729 4586 istam
2775 4518 2878 4608 (k)
2932 4523 3396 4614 opinionem
3459 4552 3591 4605 ar·
3736 4556 3814 4607 17.

2038 4619 2319 4709 guitur
2398 4625 2569 4697 sic:
2641 4631 3155 4729 participans
3219 4644 3579 4739 aliquam
3642 4619 3894 4745 qtssffi‘o

2033 4739 2418 4810 naturam
2473 4762 2633 4814 non
2688 4750 3055 4838 producit
3112 4759 3263 4832 sibi
3317 4767 3584 4842 simile
3617 4743 3683 4793 D·
3738 4744 3928 4796 'mmm'

3639 4820 3670 4854 ο
3741 4820 3771 4855 ιι
3810 4812 3913 4856 net.

2036 4855 2469 4927 secundum
2505 4857 2729 4932 illam
2779 4864 2935 4937 nisi
2969 4873 3443 4964 applicando
3491 4884 3580 4956 il·
3613 4821 3930 4994 1,πὲὶῖζῇ

2037 4969 2194 5042 lam
2234 4973 2326 5044 ad
2350 4974 2561 5048 aliud
2587 5003 2601 5059 ;
2631 4983 2833 5067 (non
2866 4988 3079 5060 enim
3103 4999 3371 5083 potest
3403 5021 3582 5075 esse
3610 4994 3935 5120 angos&-

2035 5086 2274 5160 homo
2308 5111 2555 5164 causa
2589 5103 2902 5171 naturae
2937 5101 3309 5184 humanae
3352 5115 3579 5192 abso·
3611 5118 3905 5231 ssnssgfflssm

2033 5193 2221 5274 tute,
2282 5197 2468 5287 quia
2502 5200 2616 5275 sic
2666 5211 2881 5281 esset
2946 5231 3194 5286 causa
3254 5221 3402 5304 sui,
3452 5228 3586 5300 sed
3726 5198 3748 5247 ³
3853 5219 3864 5232 '

2028 5318 2151 5385 est
2193 5334 2439 5387 causa
2481 5320 2681 5410 quod
2724 5328 3023 5400 natura
3067 5330 3423 5411 humana
3466 5343 3572 5420 sit

2031 5427 2107 5498 in
2187 5428 2338 5502 hoc
2417 5431 2740 5508 homine
2813 5451 3232 5534 generate,
3308 5458 3385 5527 et
3459 5458 3573 5533 sio

2031 5550 2587 5638 praesupponit
2629 5556 3086 5646 materiam,
3153 5585 3296 5657 per
3338 5589 3579 5662 quam
