4255 6375
1299 436 1497 498 DIST.
1532 438 1633 499 1V.
1666 432 2021 511 QUAESTlO
2044 436 2120 496 Vl

131 621 236 664 ex
293 597 870 666 determinatione
903 597 1216 683 Stephani
1277 599 1496 682 Papae,
1535 602 1761 657 contra

141 717 648 803 Cyprianum;
689 737 772 781 ex
803 715 1069 781 Nicaeno
1098 735 1246 779 can.
1286 716 1390 780 16.
1454 721 1519 776 ct
1583 707 1757 786 aliis,

143 853 314 919 quo
350 831 525 899 infra
585 852 705 898 suo
764 830 904 897 loco
971 831 1343 898 citabimus.
1422 826 1633 892 Minor
1693 817 1757 891 e't

144 947 663 1036 consequentia
696 947 1079 1034 probantur,
1152 967 1301 1033 quac
1357 943 1552 1011 etiam
1609 953 1765 1008 sunt

149 1065 250 1146 de
297 1064 467 1144 fide,
516 1064 666 1151 quia
699 1065 848 1129 sine
887 1065 1023 1147 side
1053 1062 1458 1148 impossibile
1489 1071 1580 1125 cst
1610 1059 1754 1146 pla-

146 1204 332 1248 cere
403 1183 551 1259 Dea,
590 1181 670 1247 ad
711 1182 1019 1247 Hebraeos
1053 1185 1151 1246 11.
1206 1200 1366 1266 ergo
1398 1191 1460 1244 et
1508 1175 1759 1244 sancti-

159 1298 380 1365 ficari
434 1298 749 1364 adultum.
796 1300 1019 1363 Iustus
1048 1318 1135 1362 ex
1179 1296 1316 1379 side
1372 1296 1559 1372 vivit,
1618 1306 1750 1359 etc.

157 1417 303 1481 Est
357 1416 658 1492 initium,
716 1425 789 1480 et·
852 1414 1368 1499 fundamentum
1422 1412 1760 1498 justifica-

159 1532 429 1610 tionis,
473 1529 765 1596 Trident.
812 1551 979 1596 sess.
1017 1532 1080 1595 6.
1117 1550 1259 1616 cap.
1311 1532 1375 1593 8.
1415 1538 1478 1593 et
1507 1547 1651 1612 cap.
1691 1529 1754 1591 7.

165 1648 440 1713 Primo
498 1647 798 1734 disponit
829 1647 922 1712 ad
981 1647 1218 1733 ipsam,
1262 1646 1638 1731 requiritur
1691 1652 1759 1706 ut

165 1762 358 1826 insit
432 1761 601 1826 sicu-t
649 1771 929 1847 oportet,
969 1770 1030 1824 et
1065 1781 1189 1846 per
1248 1760 1371 1823 Dei
1434 1758 1754 1844 qratiam,

165 1899 340 1945 can.
410 1881 473 1943 3.
531 1879 675 1944 sine
757 1900 835 1942 ca
890 1877 1068 1942 nillil
1107 1888 1198 1942 est
1271 1861 1596 1941 sanctum.
1637 1877 1762 1939 Leo

121 2000 369 2085 ‚Papa
437 2016 640 2060 serm.
705 1999 769 2061 4.
877 1994 958 2060 de
1019 1994 1407 2071 Nativitate,
1473 2004 1536 2057 et
1647 1989 1758 2056 alii

169 2132 458 2192 omneS,
534 2110 645 2198 qui
715 2110 1176 2177 necessitatem
1227 2107 1375 2175 fidei
1436 2107 1766 2175 declarant

177 2232 257 2298 in
307 2229 568 2296 adulto.

275 2344 594 2412 Secundo
625 2355 801 2431 patet
833 2365 914 2410 ex
935 2341 1060 2408 alia
1093 2341 1369 2409 veritate
1402 2340 1577 2420 fidei,
1616 2361 1767 2427 quae

180 2461 502 2548 ejusdem
574 2473 672 2528 est
729 2458 1181 2536 certitudinis3
1248 2457 1573 2547 adjunctis
1615 2459 1764 2525 rati·

122 2579 444 2645 ‘onibus
520 2581 778 2644 Patrum
857 2598 972 2664 pro
1039 2575 1287 2656 eadem,
1360 2575 1503 2641 haec
1550 2585 1766 2641 autem

186 2708 291 2760 est
331 2718 346 2760 :
395 2693 766 2779 Baptismus
799 2693 922 2758 rite
951 2692 1225 2758 collatus
1261 2691 1486 2778 nequit
1518 2690 1762 2770 iterari,

122 2797 125 2805 ⁴
189 2834 350 2878 can.
407 2816 511 2879 17.
547 2812 725 2877 alias
759 2815 864 2878 16.
910 2810 1397 2897 Apostolorum,
1447 2807 1772 2874 Florenti-

191 2955 362 3000 num
433 2935 507 3000 in
587 2935 857 2999 Decreto
944 2934 1236 3011 unionis,
1311 2935 1360 2997 T
1368 2930 1765 2997 ridentinum

191 3072 357 3116 sess.
397 3054 461 3117 7.
497 3049 579 3115 de
616 3050 1072 3114 Sat-ramentis
1107 3050 1180 3113 in
1208 3068 1470 3134 yenere,
1509 3067 1657 3112 can.
1697 3047 1761 3110 9.

195 3166 282 3233 de
316 3167 687 3253 Raptis-ma,
731 3187 880 3231 can.
931 3168 1041 3232 11.
1089 3163 1391 3231 Clemens
1438 3167 1767 3230 Romanus

122 3264 172 3363 ζ’]
202 3283 317 3350 lib.
365 3287 436 3350 6.
476 3284 830 3350 Constitue.
869 3304 1015 3368 cap.
1076 3286 1177 3347 15.
1225 3281 1590 3367 Cyprianus
1646 3279 1759 3345 lib.

195 3405 264 3467 2.
302 3401 762 3489 epistolarum,
801 3402 993 3487 epist.
1031 3404 1095 3465 3.
1132 3400 1330 3465 alias.
1369 3403 1478 3463 63.
1515 3398 1605 3464 acl
1626 3401 1764 3464 Cae-

196 3519 464 3585 cilium.
499 3517 681 3593 Quod
732 3529 949 3584 autem
999 3515 1194 3581 suerit
1235 3516 1298 3581 in
1360 3515 1470 3583 illo
1513 3537 1757 3596 errore,

199 3633 373 3719 quod
428 3633 684 3719 putavit
714 3632 882 3718 apud
917 3630 1261 3698 haereticos
1293 3642 1355 3697 et
1395 3630 1778 3721 schismati·x

199 3769 310 3815 cos
353 3770 486 3817 non
529 3771 677 3816 esse
707 3748 1136 3834 Baptismum,
1192 3747 1512 3833 processit
1566 3769 1645 3813 ex
1687 3768 1765 3813 eo

204 3865 377 3952 quod
411 3865 693 3953 putarit,
743 3886 953 3953 neque
986 3863 1204 3946 fidem,
1244 3884 1453 3951 neque
1484 3863 1764 3930 charita-

211 3992 344 4048 tem
385 4003 534 4050 esse
565 3982 733 4069 apud
769 3980 1137 4061 haereticOS,
1174 3980 1346 4068 quod
1380 4001 1611 4046 verum
1634 3991 1759 4061 est,

208 4117 421 4185 neque
452 4108 935 4184 consequenter
969 4095 1422 4162 remissionem
1466 4108 1762 4181 peccato-

220 4234 384 4293 rum,
431 4213 606 4303 quod
638 4234 825 4302 {eque
855 4233 1084 4280 verum
1119 4223 1241 4292 est,
1290 4212 1654 4298 respective
1683 4213 1761 4279 ad

211 4329 463 4398 adultos
516 4330 584 4397 in
633 4329 871 4396 haeresi
944 4341 1008 4395 et
1051 4329 1409 4395 schismate
1459 4348 1763 4415 perseve-

122 4494 132 4525 .
218 4421 544 4529 rantes,de
576 4447 814 4535 quibus
845 4446 1177 4533 loquimur
1212 4468 1227 4523 ;
1263 4466 1343 4511 ex
1390 4444 1513 4511 alia
1543 4456 1758 4511 autem

122 4543 171 4597 ἡ·
221 4577 395 4650 parte
426 4585 556 4632 non
590 4585 778 4651 posse
816 4564 957 4629 sinc
999 4564 1103 4629 his
1156 4562 1558 4648 Baptismum
1618 4583 1762 4628 esse

222 4682 536 4748 validum.

299 4801 429 4866 Hac
469 4797 789 4884 ratione(
834 4794 1047 4883 inquit
1078 4794 1490 4880 Augustinus
1539 4794 1652 4861 lib.
1692 4800 1755 4862 4.

217 4912 289 4980 de
335 4914 662 5001 Baptismo
694 4932 837 4997 cap.
874 4914 937 4979 6.
975 4912 1023 4999 ),
1053 4933 1195 4997 quse
1233 4912 1344 4976 illi
1388 4932 1560 4977 verce
1603 4913 1763 4977 visae

219 5042 359 5097 sim!
405 5034 482 5098 in
521 5028 988 5096 obscurissima
1022 5029 1381 5114 quoestione
1422 5028 1761 5094 laboranti

221 5156 274 5209 ct
324 5147 400 5214 de
465 5148 858 5213 remissione
909 5154 1334 5233 peccatorum
1372 5145 1753 5228 fluctuanti,
1794 5158 1800 5165 ’

225 5267 432 5327 ulrum
463 5261 538 5325 in
585 5259 930 5345 Baptismo
965 5258 1223 5323 Christi
1255 5258 1466 5343 possit
1508 5278 1643 5322 non
1679 5258 1759 5339 si—

231 5375 337 5455 eri,
374 5388 430 5442 et
470 5387 696 5442 ulrum
734 5374 917 5461 apud
946 5375 1288 5440 hcereticos
1331 5374 1538 5458 possit
1575 5374 1752 5455 sieri,

235 5502 286 5555 et
312 5504 528 5560 *utrum
558 5491 741 5580 apud
771 5489 1116 5557 haeret‘icos
1157 5490 1368 5575 possit
1396 5490 1576 5571 sieri,
1631 5500 1752 5555 etc,

237 5613 448 5700 supple
497 5610 797 5679 remissio
873 5619 1329 5697 peccatorum;
1396 5618 1460 5674 et
1519 5607 1632 5675 lib.
1688 5611 1753 5673 6.

357 5727 498 5778 Τοω.
529 5726 667 5780 XVI.

3296 438 3412 499 465

1876 615 2024 680 cap.
2084 599 2145 662 1.
2213 596 2357 662 ideo
2400 597 2525 664 dici
2594 620 2742 664 eum
2777 620 3052 680 errasse,
3089 601 3247 686 quia
3288 621 3425 665 non

1876 710 2331 797 disti-nyuebat
2370 715 2877 782 Sacramentum
2911 717 2992 781 ab
3023 718 3261 801 effectu
3320 717 3425 781 vel

1877 849 1993 892 usu
2027 829 2467 911 Sam-amenti,
2508 846 2630 899 etc.
2668 837 2759 900 De
2798 835 2918 900 hac
2950 855 3222 921 agemus
3274 855 3423 901 cum

1873 943 2014 1009 suis
2055 945 2498 1014 fundamentis
2544 961 2609 1014 et
2642 950 3028 1030 rationibus,
3077 949 3250 1017 unde
3284 972 3427 1037 pro-

1877 1060 2065 1127 betur
2115 1063 2482 1149 baptismus
2549 1066 2806 1132 validus
2867 1067 2933 1132 in
2976 1067 3305 1133 hoereticis
3367 1080 3431 1133 et

1874 1176 2340 1251 schismaticis,
2394 1181 2458 1246 in
2519 1183 2758 1269 quibus
2809 1205 2937 1249 non
3018 1184 3215 1251 habet
3264 1184 3422 1251 effe-

1869 1304 2044 1359 ctum
2095 1296 2507 1364 remissionis
2549 1300 2816 1385 peccati,
2844 1301 3010 1367 infra
3050 1300 3207 1367 dist.
3246 1305 3317 1368 6.

1959 1411 2097 1475 Huc
2145 1411 2342 1478 etiam
2394 1427 2643 1500 spectat
2685 1398 2927 1481 veritas
2966 1416 3044 1481 de
3095 1417 3419 1502 Baptismo
3448 1398 3746 1515 Βῒῑιξζζξξιζ·

1872 1526 2071 1593 dubio
2102 1529 2225 1595 sub
2265 1531 2636 1599 conditione
2679 1533 2994 1615 iterando,
3034 1546 3096 1599 et
3128 1533 3192 1599 in
3237 1534 3318 1601 iis
3353 1535 3414 1599 in
3456 1478 3741 1640 ἰιὲζξέὓξε.

1875 1644 2114 1731 quibus
2159 1648 2332 1714 nulla
2390 1661 2490 1716 est
2532 1650 2840 1716 memoria
2903 1652 3211 1737 Baptismi
3274 1672 3419 1718 sus·
3450 1650 3741 1778 carfffiggin

1873 1761 2065 1847 cepti,
2130 1773 2239 1828 aut
2280 1749 2661 1850 remigium,
2724 1766 2786 1831 in
2819 1765 3013 1852 epist.
3063 1769 3259 1831 Lcon.
3308 1771 3415 1832 37.
3492 1752 3766 1848 wormat:

1875 1877 2050 1941 alias
2126 1881 2235 1944 35.
2317 1880 2406 1944 ad
2477 1881 2754 1947 Leonem
2804 1884 3277 1962 Ravennatem,
3357 1882 3422 1947 in
3532 1839 3711 1972 2ῗῖἕέ

1875 1994 2339 2080 Carthaginien.
2384 1999 2458 2061 V.
2510 2020 2654 2084 cap.
2710 2002 2773 2064 6.
2804 1997 3124 2094 ο(Ζοηοίίίο
3175 1998 3423 2064 Africa·
3460 1963 3766 2028 bnpuzaiur.

1880 2130 1961 2174 no
2027 2110 2150 2176 sub
2215 2112 2543 2179 Bonifacio
2591 2137 2736 2202 cap.
2801 2120 2909 2182 39.
2967 2113 3421 2182 VVormatien.

1877 2247 2023 2312 cap.
2080 2231 2190 2298 70.
2235 2241 2298 2295 et
2340 2230 2608 2297 refertur
2644 2231 2723 2298 de
2754 2243 3116 2300 consecrat.
3164 2255 3309 2318 cap.
3357 2239 3421 2303 4.

1880 2343 2171 2412 Placuit.
2253 2347 2412 2410 Item
2480 2367 2669 2413 casus
2717 2347 2794 2413 dc
2858 2347 3006 2414 ficto
3074 2348 3418 2436 baptizatO,

1881 2481 2075 2546 quem
2117 2481 2317 2548 supra
2386 2463 2836 2531 tractavimus
2892 2465 3017 2530 Sed
3061 2465 3163 2530 his
3204 2465 3422 2531 omni-

1882 2575 2003 2640 bus
2049 2575 2171 2642 rite
2209 2576 2543 2643 confertur
2581 2579 2971 2665 BaptismuS,
3019 2579 3324 2667 quamvis
3359 2579 3423 2644 in

1883 2689 1964 2756 iis
2009 2712 2135 2755 non
2180 2691 2413 2758 habeat
2466 2692 2923 2760 remissionem
2966 2708 3421 2781 peccatorum3

1881 2827 2038 2892 ergo
2073 2808 2406 2875 remittere
2439 2822 2723 2896 peccata,
2763 2832 2913 2898 quae
2943 2812 3137 2878 etiam
3172 2811 3421 2891 insunt,

1883 2942 2010 2989 non
2053 2923 2342 3011 exigitur
2399 2926 2476 2992 ad
2537 2947 2758 2992 veram
2821 2940 2884 2994 et
2932 2929 3281 3015 practicam
3341 2931 3428 2996 si-

1878 3041 2370 3127 gnificationem
2414 3042 2640 3109 formae
2682 3046 3020 3131 Baptismi,
3061 3047 3219 3113 alias
3252 3059 3428 3114 esset

1878 3158 2141 3246 signum
2188 3159 2448 3242 falsum,
2499 3181 2713 3250 neque
2753 3163 3144 3232 consisteret
3195 3168 3423 3233 Sacra-

1880 3288 2202 3343 mentum.

1967 3393 2154 3459 Ratio
2197 3406 2411 3461 autem
2455 3396 2654 3485 hujus
2691 3408 2815 3476 est,
2861 3398 3012 3484 quia
3054 3398 3130 3465 ad
3183 3400 3422 3472 verita-

1878 3520 2006 3575 tem
2049 3511 2447 3578 Sacramenti
2508 3533 2635 3577 non
2693 3513 2981 3599 exigitur
3032 3514 3156 3579 nisi
3218 3528 3424 3580 mate-

1877 3625 1971 3691 ria
2019 3637 2083 3691 et
2132 3626 2406 3693 intentio
2468 3628 2749 3694 ministri
2791 3642 2853 3695 et
2902 3651 3263 3697 cousensus
3311 3631 3420 3697 ad·
3534 3636 3686 3749 Βξζ-ἰο

1875 3742 2016 3809 ulti.
2070 3743 2361 3809 Primum
2424 3757 2599 3831 patet
2629 3767 2711 3811 ex
2770 3747 3146 3813 Florentino
3186 3761 3249 3815 et
3281 3748 3420 3813 Tri·
3476 3761 3746 3814 dictorum.

1873 3859 2139 3926 dentino
2198 3881 2351 3927 sess.
2421 3867 2484 3928 7.
2534 3862 2614 3928 cle
2674 3865 2976 3932 Sacram.
3044 3867 3118 3930 in
3155 3887 3413 3952 yenere,

1875 3998 2023 4043 can.
2071 3961 2548 4044 &Secundum
2603 4000 2762 4045 vcro
2818 4001 2896 4045 cx
2938 4001 3080 4067 cap.
3138 3983 3423 4069 Majorcs

1873 4094 1955 4159 de
1984 4096 2349 4181 Baptisnm,
2398 4117 2547 4183 quae
2587 4096 2925 4163 salvantur
2964 4098 3030 4163 in
3070 4098 3297 4165 ordine
3340 4099 3421 4165 ad

1875 4231 2048 4289 eum,
2109 4210 2212 4276 cui
2284 4212 2533 4278 nullum
2613 4225 2948 4299 peccatum
3019 4214 3415 4295 remittitur;

1873 4329 1952 4396 ad
2004 4330 2345 4396 veritatem
2388 4342 2606 4397 autem
2649 4333 3048 4399 sacramenti
3101 4334 3264 4399 nihil
3306 4335 3418 4402 ali-

1878 4445 1962 4512 ud
1999 4445 2383 4533 requiritur.
2432 4458 2530 4513 est
2570 4448 2741 4513 enim
2786 4449 3051 4534 signum
3104 4449 3182 4516 de
3222 4472 3292 4516 se
3327 4452 3423 4517 ef-

1876 4561 2064 4641 ficax,
2121 4577 2224 4629 'ex
2292 4562 2585 4629 Trident.
2663 4586 2816 4631 sess.
2864 4569 2931 4633 7.
2984 4566 3066 4631 cle
3114 4568 3412 4634 Sacram.

1873 4684 1947 4747 in
1976 4701 2237 4767 yenere,
2284 4702 2432 4745 can.
2479 4684 2542 4745 2.
2599 4692 2657 4745 et
2689 4685 2753 4749 6.
2799 4692 2972 4747 etex
3016 4683 3412 4751 Florentino.

1959 4799 2054 4865 Ad
2097 4798 2470 4865 salvandam
2541 4811 2755 4865 autem
2800 4800 3155 4867 efficaciam
3200 4823 3417 4869 causae
3480 4881 3485 4885 ⁸

1878 4915 2140 4980 moralis
2218 4927 2277 4981 et
2323 4915 2658 4995 naturalis,
2712 4935 2840 4980 non
2895 4917 3185 5004 exigitur
3234 4930 3304 4984 ut
3352 4919 3417 4984 in

1875 5050 2287 5117 quocumque
2318 5032 2613 5118 subjecto
2698 5032 3258 5120 qualitercumque
3289 5033 3417 5101 dis-

1873 5145 2107 5230 posito,
2152 5145 2384 5211 babeat
2431 5146 2789 5232 quemlibet
2839 5148 3141 5214 effectum
3176 5170 3412 5230 suum;

1872 5258 2114 5327 sufficit
2171 5260 2346 5326 enim
2398 5272 2464 5327 ut
2505 5260 2740 5328 habeat
2778 5263 3060 5350 aliquam
3095 5286 3174 5331 ex
3216 5266 3417 5351 pluri-

1875 5376 2018 5459 buS,
2090 5377 2279 5464 cujus
2328 5398 2533 5464 capax
2590 5391 2707 5483 est,
2758 5379 3147 5466 subjectum,
3212 5395 3282 5447 ut
3350 5383 3416 5448 in
3537 5441 3675 5503 Quid

1874 5493 2183 5578 praa-senti
2236 5495 2506 5560 materia
2563 5496 3031 5576 characterem,
3087 5499 3191 5563 vel
3268 5520 3414 5585 gra·
3466 5504 3747 5618 requgaitur

1872 5609 2056 5691 tiam,
2117 5610 2224 5677 vel
2277 5611 2647 5698 ingressum
2691 5613 2757 5678 in
2799 5612 3177 5694 Ecclesiam,
3221 5636 3412 5702 aper·
3471 5630 3747 5685 efficaciam

3196 5731 3258 5780 30
3516 5711 3700 5749 0811593.
