4255 6375
1504 400 1701 462 Dls'r.
1765 400 1810 461 1.
1846 396 2214 474 QUAESTIO
2265 399 2309 459 1.
3427 387 3508 450 29

275 560 523 630 existit,
553 564 643 623 ita
675 562 871 623 etiam
906 567 1260 641 generatur
1290 561 1616 639 producto
1649 561 1831 639 igne,

275 685 349 740 ut
397 681 486 741 ad
528 682 758 759 ignem
804 684 1228 745 contrahitur.

49 801 255 903 {affl}
361 795 553 857 Unde
597 797 651 857 si
700 798 1170 877 quodcumque
1217 798 1393 860 aliud
1443 813 1678 874 corpus
1741 795 1841 855 di-

50 914 152 1022 stiffi.
184 918 229 958 et
279 925 549 971 versum
609 914 690 974 ab
738 913 914 990 igne,
963 914 1457 985 annihilaretur,
1506 911 1717 974 adhuc
1774 910 1836 971 in

276 1025 437 1103 igne
485 1027 856 1089 salveretur
891 1030 1054 1089 ratio
1103 1031 1390 1107 corporis
1436 1025 1658 1115 quoad
1705 1027 1838 1086 exi-

277 1152 632 1223 stentiam;
683 1169 842 1230 ergo
878 1154 1050 1215 illam
1107 1171 1298 1233 quam
1348 1155 1604 1228 accepit
1647 1168 1682 1212 a
1728 1166 1841 1229 ge-

276 1275 564 1329 nerante
610 1272 858 1349 ignem,
908 1287 1065 1347 ergo
1127 1271 1228 1330 vel
1288 1286 1627 1348 nunquam
1687 1269 1846 1328 ratio

277 1384 581 1462 corporis
625 1393 773 1447 nata
810 1392 909 1447 est
941 1405 1062 1464 per
1109 1405 1180 1449 se
1227 1387 1520 1465 produci,
1579 1387 1683 1449 vel
1728 1403 1845 1462 per

272 1514 348 1558 se
390 1500 806 1575 producitur,
858 1502 1124 1581 quando
1180 1502 1653 1581 quodcumque
1708 1520 1842 1562 cor·

276 1632 402 1692 pus
450 1617 975 1679 determinatum
1038 1619 1461 1697 producitur;
1511 1618 1844 1680 mediante

281 1735 463 1793 enim
511 1733 635 1793 hoc
686 1740 795 1794 aut
853 1736 985 1807 ille,
1037 1741 1282 1797 tantum
1329 1738 1646 1812 competit
1705 1736 1845 1795 exi-

283 1850 533 1909 stentia
580 1856 824 1910 naturae
872 1853 1226 1912 communi.
1309 1852 1622 1913 Praeterea
1680 1855 1850 1913 sicut

285 1983 358 2027 se
388 1966 599 2027 habet
642 1965 727 2027 ad
772 1968 1207 2041 existentiam,
1237 1969 1323 2028 ita
1359 1969 1550 2028 etiam
1583 1967 1665 2028 ad
1700 1986 1845 2044 pro-

288 2080 703 2153 ductionem,
778 2098 906 2160 qua
961 2082 1190 2158 recipit
1255 2097 1444 2153 esse;
1510 2082 1610 2143 vel
1686 2098 1844 2160 ergo

289 2213 539 2274 corpus
573 2213 911 2274 nunquam
965 2215 1084 2276 per
1132 2214 1205 2258 se
1251 2198 1490 2272 existit,
1538 2196 1659 2258 sed
1703 2202 1843 2258 tan-

290 2317 427 2373 tum
471 2330 597 2389 per
639 2313 987 2384 accidens;
1034 2313 1138 2374 vel
1190 2328 1310 2389 per
1350 2328 1423 2372 se
1469 2310 1851 2390 producitur

290 2442 367 2487 ea
430 2428 892 2503 productione,
956 2446 1085 2506 qua
1149 2426 1536 2505 producitur
1594 2428 1717 2488 hoc
1783 2432 1850 2488 et

285 2540 453 2602 illud
506 2559 767 2620 corpu&
802 2544 954 2622 quia
986 2560 1111 2605 nec
1154 2543 1343 2605 aliter
1389 2542 1687 2618 produci,
1743 2548 1854 2603 aut

293 2656 584 2717 existere
620 2662 862 2734 potest.

98 2800 159 2847 17.
371 2770 470 2851 (d)
545 2772 691 2833 Alia
738 2773 1045 2849 probatio
1132 2790 1274 2850 quae
1318 2774 1665 2835 adducitur
1731 2787 1855 2848 per

50 2862 188 2971 052}ss
210 2925 264 2973 1),
293 2894 637 2948 auctorem
693 2891 769 2949 de
830 2892 1078 2964 causis,
1142 2895 1266 2950 etc.
1320 2888 1429 2949 llic
1489 2888 1855 2965 respondet

50 2986 233 3035 rhomae.
292 3005 541 3065 Doctor
583 3002 665 3063 ad
716 3004 988 3064 alteram
1038 3003 1497 3080 probationem
1556 3005 1629 3063 D.
1689 3003 1854 3063 Tho-

287 3133 445 3193 mae‚
538 3136 666 3198 qua
745 3119 978 3197 probat
1057 3119 1232 3179 illam
1307 3119 1852 3196 propositionem,

293 3252 567 3314 nempe,
615 3255 744 3299 esse
788 3237 1077 3298 absolute
1125 3254 1255 3298 esse
1312 3241 1660 3314 proprium
1705 3237 1854 3310 effe·

294 3357 471 3412 ctum
528 3355 665 3424 Dei,
725 3356 781 3412 et
825 3355 1180 3414 terminum
1226 3353 1592 3425 creationis,
1640 3357 1706 3413 et
1751 3367 1854 3412 re-

294 3467 481 3529 ducit
523 3469 845 3528 rationem
892 3469 956 3528 in
988 3470 1390 3546 oppositum,
1434 3472 1508 3527 ut
1557 3472 1733 3545 patet
1770 3484 1852 3529 ex

291 3585 532 3655 littera,
593 3582 896 3662 adjungit
952 3584 1144 3646 aliam
1204 3584 1721 3660 propositionem
1772 3602 1856 3645 ea:

298 3703 407 3762 lib.
472 3706 552 3765 de
610 3706 852 3776 Causis,
918 3720 1067 3780 quae
1128 3708 1230 3764 est
1287 3707 1539 3782 quarta,
1605 3704 1850 3764 talem:

301 3821 601 3878 Primum
646 3835 869 3880 reru-m
931 3823 1304 3878 creatarum
1364 3823 1448 3877 est
1507 3835 1658 3879 esse.
1729 3820 1851 3880 Re·

299 3937 611 4013 spondet,
674 3937 773 3997 vel
828 3934 1200 3997 secundum
1274 3936 1529 4013 aliquos
1584 3936 1859 4015 intelligi

300 4054 579 4128 primam
673 4051 1182 4129 intelligentiam
1268 4053 1629 4128 proximam
1695 4054 1858 4124 Deo,

49 3959 243 4011 iolffitur.

298 4182 405 4241 vel
447 4183 731 4243 sumitur
792 4181 1033 4242 creatio
1105 4179 1526 4242 extendendo
1584 4179 1668 4241 ad
1725 4180 1855 4257 pri-

298 4325 473 4369 mam
520 4304 1028 4383 productionem
1094 4304 1466 4366 secundum
1511 4307 1855 4378 rationem,

302 4442 368 4498 et
424 4439 720 4515 primitas
781 4435 950 4496 entis
992 4435 1267 4496 sumitur
1330 4432 1699 4495 secundum
1769 4435 1859 4495 di-

302 4563 725 4624 stinctionem
788 4559 1117 4620 rationum
1162 4559 1519 4622 formalium
1588 4561 1651 4619 in
1697 4559 1858 4620 effe-

305 4689 437 4758 ctu,
488 4689 557 4744 et
620 4681 987 4745 seeundum
1035 4684 1377 4760 originem,
1446 4701 1577 4744 non
1623 4700 1858 4745 secun-

309 4807 461 4869 dum
510 4804 1001 4884 perfectionem,
1036 4813 1108 4868 ut
1150 4824 1386 4868 sensus
1422 4806 1504 4867 sit
1552 4806 1732 4884 quod
1779 4823 1858 4867 eo

316 4931 516 4992 modo
564 4947 694 5010 quo
745 4945 892 4990 esse
948 4931 1010 4990 in
1071 4931 1316 4992 effectu
1361 4929 1781 5008 distinguitur
1826 4947 1861 4990 a

312 5055 828 5134 perfectionibus
900 5054 1383 5127 essentialibu3‚
1467 5057 1683 5132 ipsum
1761 5058 1864 5114 est

315 5181 629 5242 terminus
705 5181 921 5257 primae
982 5178 1427 5257 productionis
1495 5179 1865 5241 secundum

315 5307 660 5369 rationem.
721 5305 862 5366 Haec
913 5305 1125 5366 littera
1184 5304 1440 5365 videtur
1501 5305 1864 5382 aliquantu-

317 5431 450 5491 lum
482 5431 786 5499 obscura,
849 5429 1007 5507 quid
1064 5428 1564 5506 intelligendum
1616 5432 1697 5491 sit
1748 5447 1868 5508 per

316 5560 610 5636 primum
639 5572 793 5629 esse,
828 5555 986 5633 quid
1017 5571 1137 5632 per
1156 5557 1583 5631 perfectiones
1609 5557 1868 5618 essenti-

1953 560 2110 633 αίεε,
2160 559 2318 637 quid
2363 575 2485 637 per
2523 562 2818 637 primam
2874 561 3370 636 productionem
3411 569 3506 615 se·

1953 679 2233 738 cundum
2264 676 2610 738 rationem.

2034 793 2148 854 Pro
2200 794 2388 871 cujus
2417 794 2850 871 intelligentia
2883 793 3365 857 advertendum
3398 802 3503 857 est
3540 782 3829 907 Expffi'itur

1955 907 2262 984 quaedam
2309 910 2521 986 priora
2581 926 2727 971 esse
2786 910 3154 971 secundum
3200 912 3501 973 ordinem
3562 907 3823 1019 ffiffiffigo

1956 1033 2196 1088 naturae
2238 1044 2359 1088 seu
2403 1029 2674 1106 originis
2721 1033 2784 1089 et
2817 1028 3286 1107 generationis,
3332 1046 3504 1108 quae-
3807 1007 3820 1021 ⁸

1957 1142 2106 1203 dam
2139 1159 2292 1205 vero
2327 1146 2539 1220 priora
2579 1143 2946 1205 seeundum
3004 1145 3302 1206 ordinem
3356 1162 3505 1223 per-

1956 1258 2278 1320 fectionis
2315 1261 2494 1320 llunc
2529 1258 2855 1321 diversum
2891 1261 3184 1323 ordinem
3220 1264 3505 1339 explicat

1957 1376 2129 1438 bene
2166 1381 2402 1438 Doctor
2448 1380 2514 1439 in
2565 1380 2615 1439 l.
2670 1380 2732 1438 d.
2781 1380 2838 1437 3.
2891 1395 2952 1453 q.
3004 1381 3064 1439 2.
3120 1395 3508 1459 progressus

1956 1494 2323 1556 secundum
2374 1493 2653 1569 priorem
2713 1498 2810 1554 est
2842 1512 2878 1553 a
2911 1498 3202 1569 potentia
3264 1495 3347 1555 ad
3401 1516 3502 1557 ac-

1961 1613 2118 1680 tum,
2168 1612 2342 1669 etab
2377 1610 2862 1685 imperfectiore
2904 1610 2984 1669 ad
3033 1610 3416 1688 perfectius,
3468 1632 3501 1674 e
3594 1604 3791 1716 ngfflge

1957 1731 2177 1787 contra
2232 1727 2526 1803 procedit
2569 1725 2727 1787 ordo
2769 1726 3212 1803 perfectionis,
3264 1747 3502 1806 nempe
3567 1730 3826 1789 diversus,

1961 1842 2041 1900 ab
2087 1849 2232 1902 actu
2303 1840 2385 1900 ad
2459 1845 2843 1918 potentiam,
2921 1849 2986 1904 et
3030 1844 3110 1903 ab
3187 1861 3263 1903 eo
3325 1844 3505 1922 quod
3557 1793 3829 1925 assessissffi?

1961 1955 2318 2032 perfectius
2369 1957 2590 2017 estad
2637 1956 3099 2033 imperfectius
3161 1962 3289 2023 Ens
3349 1977 3506 2038 ergo
3635 1932 3762 1966 ⁰⁰¹S'

1962 2073 2328 2134 secundum
2373 2073 2774 2149 prioritatem
2822 2082 3067 2136 naturae
3125 2080 3191 2136 et
3237 2077 3509 2155 originis

1961 2204 2081 2248 seu
2111 2192 2557 2267 generationis
2604 2194 2703 2249 est
2752 2193 3058 2265 primum,
3112 2197 3180 2251 ut
3224 2192 3508 2266 ratione,

1962 2309 2076 2364 aut
2123 2320 2204 2364 ex
2248 2310 2476 2365 natura
2536 2305 2628 2366 rei
2688 2305 3110 2383 distinguitur
3150 2323 3187 2367 a
3244 2308 3514 2385 reliquis

1965 2419 2476 2496 perfectionibus
2532 2421 2977 2498 superadditis
3033 2428 3101 2485 et
3154 2425 3509 2486 essentiali-

1964 2537 2111 2609 buS‚
2148 2539 2224 2600 ut
2266 2538 2642 2599 substantiae
2672 2541 2990 2615 corporiS,
3023 2544 3147 2609 ete,

2043 2655 2135 2714 Ex
2166 2670 2295 2732 quo
2332 2658 2511 2729 patet
2538 2652 2694 2731 quid
2726 2653 3043 2733 intelligat
3074 2671 3193 2731 per
3214 2658 3511 2732 primum

1965 2786 2117 2843 esse,
2167 2786 2408 2847 nempe
2459 2770 2774 2830 rationem
2830 2771 3038 2844 entis;
3082 2774 3515 2847 perfectiones

1965 2886 2346 2956 essentialeS,
2380 2891 2531 2946 sunt
2558 2884 2944 2958 substantia,
2995 2901 3254 2962 corpus,
3291 2887 3512 2960 home,

1971 3004 2096 3060 etc.
2145 2999 2490 3061 Productio
2526 3017 2684 3080 ergo
2716 3001 2809 3062 sic
2853 3006 2927 3061 ut
2971 3005 3269 3078 sequitur
3318 3006 3516 3064 natu-

1966 3130 2107 3174 ram
2150 3117 2251 3175 sui
2315 3116 2597 3189 termini,
2657 3116 2744 3176 ita
2822 3122 3042 3195 potest
3115 3118 3515 3180 considerari

1967 3231 2337 3293 secundum
2407 3235 2617 3297 varios
2690 3235 2835 3313 ejus
2905 3233 3151 3310 gradus
3225 3236 3510 3311 essendi,

1968 3365 2389 3427 quocumque
2444 3350 2634 3410 modo
2669 3349 3179 3430 distinguantur,
3229 3353 3366 3412 sive
3411 3368 3516 3412 ra-

1972 3465 2170 3538 tione,
2217 3468 2353 3529 sive
2406 3467 2786 3537 formaliter,
2834 3475 2898 3530 et
2937 3470 3126 3548 juxta
3185 3468 3516 3533 diversum

1968 3582 2145 3642 illum
2179 3584 2502 3653 ordinem,
2538 3601 2667 3662 quo
2703 3586 2874 3645 inter
2923 3601 2992 3646 se
3045 3584 3293 3663 gradus
3343 3583 3512 3646 entis

1969 3707 2465 3776 compat-autum
2514 3700 2618 3763 hic
2664 3702 2835 3762 enim
2869 3705 3089 3781 agitur
3131 3701 3213 3763 de
3264 3701 3517 3779 produ-

1972 3815 2185 3876 ctione
2277 3818 2700 3879 materialiter
2793 3834 2907 3893 pro
2988 3834 3060 3879 re
3155 3825 3320 3891 acta,
3395 3832 3513 3878 seu

1970 3931 2214 3992 effectu
2261 3934 2402 4008 ipso
2449 3933 2514 3993 in
2568 3932 2728 3994 fieri.
2785 3933 2965 3994 Sicut
3014 3950 3173 4013 ergo
3231 3937 3295 3995 in
3344 3933 3519 3995 facto

1972 4062 2144 4119 esse,
2204 4064 2310 4108 res
2393 4049 2846 4112 consideratur
2922 4051 3112 4130 juxta
3185 4051 3519 4113 diversum

1968 4160 2152 4222 illum
2208 4162 2534 4232 ordinem,
2581 4181 2821 4244 nempe
2879 4165 3149 4244 originis
3195 4173 3260 4228 et
3307 4162 3521 4243 perfe-

1975 4278 2231 4350 ctioniS,
2289 4282 2353 4339 in
2397 4297 2528 4359 quo
2574 4284 2856 4358 primum
2914 4285 2980 4341 in
3023 4299 3182 4354 une,
3231 4287 3330 4343 est
3389 4298 3509 4359 po-

1972 4399 2288 4455 stremum
2332 4400 2395 4458 in
2445 4398 2673 4469 altere,
2707 4397 2799 4459 sic
2845 4399 3074 4460 eadem
3125 4414 3232 4458 res
3276 4399 3340 4458 in
3381 4397 3519 4459 fieri
3577 4459 3855 4512 Productio

1974 4513 2040 4569 et
2110 4511 2561 4586 productione,
2635 4519 2707 4574 ut
2781 4512 3164 4575 transfertur
3235 4511 3317 4573 de
3384 4529 3517 4575 non
3569 4525 3848 4595 semiactum

1976 4641 2121 4688 esse
2186 4623 2271 4687 ad
2343 4642 2513 4697 esse,
2589 4625 2866 4690 admittit
2935 4633 3290 4705 utrumque
3349 4627 3521 4689 ordi-
3581 4593 3834 4722 ‘³22‘me

1976 4758 2151 4804 nem.
2215 4743 2302 4802 lta
2348 4759 2506 4822 ergo
2553 4741 2894 4820 productio
2953 4743 3323 4806 secundum
3390 4744 3517 4805 ori·
3576 4712 3832 4763 ⁰¹'d¹‘¹e¹¹¹‘

1974 4848 2201 4935 ginem
2245 4865 2344 4919 est
2372 4858 2652 4934 primum
2699 4859 2901 4937 ipsius
2948 4875 3117 4932 esse,
3153 4858 3522 4921 secundum

1978 4963 2452 5039 perfectionem
2518 4971 2617 5027 est
2673 4966 2957 5042 primum
3018 4983 3164 5027 esse
3213 4965 3523 5027 determi-

1982 5083 2147 5153 nati;
2197 5082 2262 5141 in
2324 5082 2523 5158 priori
2587 5098 2791 5143 sensu
2845 5082 3230 5161 intelligitur
3286 5099 3521 5159 propo·

1978 5196 2120 5258 sitio
2179 5195 2285 5256 illa
2333 5194 2415 5256 de
2478 5196 2691 5259 causis
2726 5218 2740 5259 :
2775 5199 3067 5258 Primum
3112 5215 3338 5258 rerum
3381 5215 3525 5259 cre-

1981 5318 2245 5372 atarum
2323 5319 2409 5373 est
2505 5314 2720 5388 ipsum
2790 5331 2941 5387 esse,
3011 5318 3137 5374 etc.
3213 5313 3525 5378 videlicet
3559 5347 3860 5412 [intelligitur

1979 5428 2209 5489 ordine
2255 5430 2747 5506 generationis;
2804 5445 2937 5490 non
2980 5429 3363 5510 intelligitur
3405 5448 3522 5493 au·
3584 5410 3845 5538 ἕξζξζὲξῑ,

3675 5535 3789 5584 onis

3593 2668 3826 2718 Primum

3545 2747 3656 2780 esse
3667 2769 3678 2780 .
3736 2731 3864 2779 Per-

3579 2791 3820 2842 lectiones

3545 2854 3863 2906 essentiales·

1983 5556 2116 5613 tem
2189 5553 2586 5615 abstractum
2659 5559 2724 5614 et
2804 5554 3277 5616 transcendens
3349 5569 3521 5628 esse,
