4255 6375
1565 391 1763 454 Disr.
1801 391 1846 450 ι.
1892 385 2250 465 QUAEsrio
2302 386 2376 445 ιι.

436 559 795 634 Secundo
836 558 1039 640 dico,
1095 558 1297 651 quod
1347 554 1723 651 possibile
1763 558 1888 629 est

329 680 604 750 Deum
676 676 1092 769 imponere
1177 674 1501 767 aliquod
1570 673 1889 764 signum

332 796 443 868 ad
486 793 968 885 signandum
1031 792 1280 865 istum
1338 790 1710 863 effectum
1774 789 1891 861 in-

330 911 781 984 visibilem.
823 911 994 981 Hoc
1029 913 1274 1001 patet,
1315 909 1500 1000 quia
1534 928 1681 979 nos
1718 928 1892 1000 pos-

335 1047 630 1100 sumus
684 1022 1104 1119 imponere
1137 1025 1370 1118 signa
1429 1026 1522 1097 ad
1575 1025 1894 1116 signan-

333 1147 536 1217 dum
627 1145 1184 1236 quodcumque
1272 1142 1780 1235 intelligibile
1850 1163 1897 1214 a

30 1281 252 1350 ‚sgnum
339 1260 607 1333 nobis,
660 1263 858 1334 Cum
892 1265 1164 1332 autem
1197 1259 1603 1332 dividatur
1643 1258 1724 1331 in
1773 1279 1896 1331 re-

30 1342 310 1476 {ssssffissssa-
346 1379 1008 1460 memorativum,
1048 1378 1252 1471 quod
1282 1383 1406 1451 est
1457 1378 1892 1470 praeteriti;

30 1476 277 1581 ‚3¹2¹ssss
344 1503 431 1572 et
477 1496 1126 1591 prognosticum,
1182 1498 1387 1590 quod
1426 1502 1550 1571 est
1593 1496 1891 1579 futuri3

32 1608 310 1706 3341..-
339 1620 429 1689 et
467 1614 1229 1695 demonstrativum,
1278 1614 1483 1706 quod
1525 1619 1648 1687 est
1692 1634 1897 1706 prae-

30 1720 223 1770 ‘¹³¹⁰‘-
343 1732 652 1813 sentis;
716 1730 1105 1824 possibile
1161 1732 1283 1802 est
1361 1731 1613 1802 Deum
1674 1729 1899 1803 insti-

339 1854 582 1923 tuere
652 1849 1200 1942 quodcumque
1235 1846 1585 1919 istorum
1630 1847 1898 1938 signo-

333 1986 530 2039 rum
592 1967 689 2038 ad
739 1965 1217 2057 signandum
1261 1986 1451 2037 suos
1527 1963 1888 2037 effectus,

330 2082 562 2166 Quod
593 2082 841 2154 etiam
887 2081 1304 2175 probatur,
1334 2080 1522 2173 quia
1552 2101 1697 2153 nos
1722 2102 1897 2173 pos-

333 2220 628 2272 sumus
664 2199 1218 2291 quodcumque
1247 2198 1594 2269 istorum
1629 2198 1896 2289 signo-

340 2336 531 2389 rum
588 2316 1021 2389 instituere
1063 2316 1158 2387 ad
1202 2313 1679 2405 signandum
1716 2335 1897 2387 nos-

352 2438 542 2507 tros
610 2431 987 2512 effectus;
1081 2430 1195 2503 sic
1248 2431 1463 2502 enim
1516 2431 1898 2505 instituta

338 2553 538 2622 sunt
595 2568 641 2619 a
694 2547 928 2620 nobis
979 2549 1475 2641 juramenta,
1551 2549 1893 2641 promis-

340 2667 618 2739 siones
678 2669 759 2738 et
817 2665 1053 2755 signa
1093 2664 1552 2758 hujusmodi
1602 2666 1897 2758 obliga·

339 2782 700 2865 toria,ad
733 2780 1214 2872 signandum
1248 2785 1626 2854 nostrum
1668 2781 1896 2854 effec-

339 2903 525 2971 tum
585 2897 992 2979 futurum;
1065 2897 1193 2970 vel
1261 2898 1719 2971 assertoris,
1800 2900 1895 2971 ad

344 3015 835 3107 sign-andum
910 3013 1287 3088 effectum
1379 3014 1893 3107 praeteritum

341 3130 472 3203 vel
513 3134 1027 3223 praesentem.

434 3247 801 3321 Ulterius
857 3269 1247 3342 suppono,
1295 3250 1500 3341 quod
1551 3250 1892 3342 possibi-

346 3368 422 3438 le
495 3370 620 3440 est
701 3368 959 3440 Deum
1026 3365 1573 3440 determinare
1660 3387 1744 3439 se
1814 3371 1894 3440 et

324 3482 805 3574 disponere,
875 3487 963 3556 ut
1035 3487 1523 3576 cooperetur
1585 3484 1681 3555 ad
1754 3483 1896 3555 ali-

347 3600 558 3692 quod
601 3599 920 3692 signum
977 3599 1076 3672 ab
1115 3621 1209 3672 eo
1270 3599 1737 3674 institutum
1799 3602 1893 3674 ad

352 3717 847 3790 causandum
882 3715 1254 3789 effectum
1300 3716 1740 3806 signatum,
1784 3717 1895 3787 ni-

351 3834 423 3905 si
496 3832 875 3925 impediat
958 3832 1473 3924 indispositio
1528 3833 1705 3926 ejus
1765 3834 1893 3907 cui

348 3948 803 4021 adhibetur.
877 3951 1135 4031 Patet,
1193 3949 1380 4042 quia
1426 3950 1635 4024 sicut
1679 3956 1894 4026 esset

347 4063 738 4156 possibile
813 4063 895 4135 in
962 4065 1219 4147 nobiS,
1294 4067 1498 4158 quod
1592 4067 1893 4161 aliquid

351 4182 792 4257 instituens
883 4181 1207 4273 signum
1307 4183 1639 4257 effectus
1735 4185 1884 4269 sui,

349 4298 816 4390 disponeret
901 4319 985 4369 se
1054 4319 1375 4391 semper
1459 4302 1893 4393 cooperari

351 4414 821 4506 hujusmodi
881 4413 1140 4505 signo,
1247 4415 1405 4487 nisi
1468 4416 1896 4509 impediret

348 4531 487 4605 ille
531 4532 660 4605 cui
709 4530 1231 4605 adhiberetur
1275 4539 1521 4625 ;puta
1585 4533 1652 4606 si
1713 4535 1893 4627 quis

351 4649 731 4724 instituat
786 4670 935 4742 pro
997 4650 1229 4742 signo
1286 4652 1535 4744 pacis,
1588 4651 1714 4723 vel
1764 4652 1893 4724 be—

347 4765 834 4839 nevolentiae
873 4770 1184 4841 tactum
1231 4786 1543 4848 manuS‚
1588 4767 1714 4839 vel
1748 4768 1893 4840 ele-

345 4882 764 4956 vationem
860 4883 1122 4974 digiti,
1186 4883 1314 4956 vel
1402 4884 1890 4978 hujusmodi,

347 5005 623 5094 posset
676 5001 1110 5075 instituens
1172 5001 1336 5075 tale
1395 5002 1715 5094 signum
1765 5004 1891 5075 de-

339 5117 793 5190 terminare
834 5138 918 5190 se
959 5118 1054 5190 ad
1091 5139 1414 5211 semper
1458 5140 1894 5213 cooperan-

336 5233 527 5305 dum
598 5233 692 5304 ad
760 5233 1136 5308 effectum
1223 5234 1660 5326 signatum,
1733 5237 1892 5309 nisi

339 5349 859 5442 indispositio
928 5351 1129 5442 ejus,
1175 5351 1306 5424 cui
1372 5352 1895 5425 adhiberetur

341 5466 694 5557 signum,
743 5466 1212 5559 impediret;
1260 5469 1422 5542 tale
1476 5474 1749 5543 autem
1795 5470 1893 5542 si-

340 5611 616 5686 gnum,
663 5591 793 5664 cui
863 5592 1298 5669 instituens
1361 5597 1714 5690 disponit
1774 5618 1893 5671 re·

3449 367 3559 428 105

2002 545 2411 640 gulariter
2497 538 2954 635 cooperari,
3054 536 3321 630 potest
3406 531 3562 605 dici

2005 667 2327 757 signum
2360 682 2610 735 verax
2662 660 2789 730 vel
2851 661 3192 735 certum,
3274 653 3369 725 ad
3410 651 3562 723 dis-

2003 782 2486 856 tinctionem
2544 776 2756 869 signi
2809 774 3103 847 incerti
3141 771 3265 843 vel
3314 768 3555 862 aequi-

2003 901 2212 981 voci,
2252 898 2455 993 quod
2497 896 2924 989 aequaliter
2991 892 3228 963 babet
3282 905 3554 959 secum

2008 1020 2423 1111 signatum
2472 1012 3031 1090 concomitans
3072 1008 3196 1080 vel
3243 1003 3556 1098 opposi-

2007 1141 2205 1211 tum.
2237 1132 2578 1227 Proprie
2602 1137 2873 1205 tamen
2901 1128 3201 1200 dicitur
3236 1123 3558 1213 signum

2007 1254 2320 1335 efficax,
2393 1252 2463 1323 si
2505 1246 2859 1321 adhibito
2894 1244 3153 1334 sign0,
3191 1238 3560 1331 sequitur

2011 1372 2430 1462 signatum
2484 1366 2761 1439 ordine
2803 1367 3149 1437 naturae,
3206 1361 3285 1430 et
3318 1376 3477 1428 non
3518 1373 3561 1424 e

2009 1507 2433 1569 converso,
2505 1482 2692 1576 quia
2761 1479 2828 1552 si
2908 1478 3231 1565 signum
3290 1491 3561 1563 seque·

2011 1609 2245 1679 retur
2296 1603 2708 1694 signatum
2796 1614 3031 1669 suum
3104 1589 3381 1663 ordine
3423 1607 3563 1658 na-

2007 1729 2244 1802 turae,
2333 1718 2490 1792 etsi
2591 1718 2866 1809 posset
2960 1729 3137 1783 esse
3243 1706 3561 1797 signum

2007 1845 2354 1921 certum,
2430 1837 2501 1909 si
2557 1853 2969 1926 nunquam
3026 1821 3351 1901 ‘careret
3420 1823 3563 1895 illo

2009 1961 2334 2051 signato
2378 1953 2900 2049 praecedente,
2948 1967 3104 2018 non
3147 1950 3421 2018 tamen
3454 1961 3567 2013 es-

2009 2079 2130 2148 set
2172 2072 2488 2152 efficax,
2561 2068 2747 2162 quia
2798 2064 3021 2138 nullo
3077 2061 3306 2135 modo
3381 2058 3557 2151 ejus

2010 2191 2311 2286 positio
2382 2185 2832 2261 efficaciam
2893 2183 3227 2254 haberet
3296 2195 3559 2268 respe-

2008 2312 2142 2384 ctu
2187 2306 2517 2397 signati,
2586 2304 2718 2376 sed
2776 2323 2818 2374 e
2885 2317 3315 2373 converso.

2097 2426 2404 2498 Ultimo
2466 2422 2666 2504 dico,
2742 2417 2946 2512 quod
3009 2418 3131 2488 est
3178 2411 3563 2508 possibile

2009 2549 2268 2620 Deum
2311 2542 2404 2614 ad
2439 2538 2913 2631 signandum
2950 2533 3326 2606 effectum
3362 2550 3562 2622 prae-

2008 2663 2341 2742 dictum,
2376 2666 2454 2729 et
2503 2657 2731 2728 modo
2782 2651 3192 2745 praedictO,
3243 2646 3558 2719 scilicet

2012 2774 2704 2854 certitudinaliter
2756 2775 2836 2844 et
2884 2768 3353 2847 efficaciter,
3397 2764 3558 2836 ins-

2010 2894 2316 2968 tituere
2388 2890 2708 2983 signum
2764 2887 3085 2980 aliquod
3146 2882 3548 2957 sensibile.

2015 3015 2187 3084 Hoc
2248 3012 2616 3103 apparet,
2664 3006 2854 3100 quia
2905 3011 2985 3079 et
3071 3025 3217 3076 nos
3281 3020 3560 3095 possu-

2009 3150 2187 3203 mus
2231 3127 2553 3220 aliquod
2607 3126 2928 3218 signum
2973 3119 3351 3195 sensibile
3404 3116 3559 3190 ins·

2009 3249 2309 3323 tituere
2414 3245 2509 3316 ad
2597 3242 3074 3334 signandum
3179 3236 3556 3310 effectum

2011 3366 2389 3437 nostrum
2450 3382 2631 3434 cum
2705 3358 2868 3430 illis
2954 3352 3551 3429 conditionibus

2009 3480 2464 3574 praedictis;
2503 3498 2646 3550 nec
2683 3476 2947 3548 solum
3020 3471 3283 3567 potuit
3334 3468 3560 3542 insti-

2008 3600 2129 3674 tui
2173 3617 2418 3670 unum
2462 3596 2725 3668 solum
2770 3593 3091 3685 signum
3148 3585 3549 3667 sensibile,

2014 3717 2147 3790 sed
2185 3714 2435 3788 etiam
2485 3711 2862 3785 sensibile
2921 3708 3158 3801 plura
3226 3702 3557 3777 sensibi-

2007 3834 2119 3905 lia
2154 3832 2564 3905 includens
2608 3828 2688 3900 in
2732 3849 2841 3910 se,
2885 3830 2965 3899 et
3004 3825 3154 3897 hoc
3189 3822 3315 3895 vel
3346 3822 3555 3915 ejus-

2007 3952 2183 4024 dem
2210 3969 2521 4026 sensus,
2575 3945 2700 4017 vel
2733 3945 3243 4015 diversorum
3288 3957 3561 4010 sensu-

2010 4090 2172 4141 um.
2221 4067 2443 4141 Sicut
2495 4065 2709 4137 enim
2749 4061 2842 4131 ad
2877 4057 3356 4150 signandum
3386 4075 3558 4148 per-

2008 4184 2444 4259 fectionem
2493 4177 2872 4258 divinam,
2910 4195 3085 4267 quae
3137 4178 3262 4247 est
3293 4192 3555 4245 essen·

2008 4303 2125 4377 tia
2188 4297 2823 4391 simplicissima,
2900 4311 3329 4385 possumus
3402 4288 3556 4360 ins·

2011 4420 2310 4493 tituere
2363 4416 2607 4488 istam
2652 4410 3155 4486 orationem:
3220 4410 3393 4473 Deus
3460 4417 3551 4471 esc

2007 4539 2074 4601 in
2109 4537 2313 4600 micus
2372 4535 2689 4618 perfecte,
2784 4546 2958 4619 quae
3017 4521 3553 4597 constituitur

2007 4670 2104 4721 ex
2151 4648 2428 4720 multis
2473 4644 2807 4738 syllabis
2870 4640 3377 4720 audibilibus,
3435 4640 3551 4712 ita

2011 4785 2441 4860 possumus
2504 4761 2963 4843 instituere,
3032 4757 3234 4851 quod
3276 4755 3549 4848 aliqua

2007 4882 2415 4962 audibilia,
2462 4885 2542 4954 et
2584 4878 2856 4971 aliqua
2911 4874 3268 4949 visibilia
3313 4871 3553 4945 simul

2009 5002 2431 5093 signarent
2455 5001 2936 5089 conceptum
2970 4997 3370 5071 nostrum,
3423 5011 3554 5080 pu-

1999 5124 2094 5193 ·ta
2127 5118 2335 5210 quod
2366 5119 2637 5189 actum
2672 5109 3250 5186 benevolentiae
3294 5107 3556 5197 signa-

2011 5241 2192 5309 rent
2226 5235 2498 5326 aliqua
2524 5231 2772 5303 verba
2804 5231 3029 5302 certa
3062 5245 3247 5298 cum
3282 5223 3553 5315 aliquo

2008 5358 2196 5428 actu
2254 5373 2564 5433 manuS,
2606 5348 2731 5421 vel
2776 5346 3080 5419 osculo.

2096 5484 2214 5553 Ex
2260 5481 2442 5553 istis
2494 5477 2863 5568 sequitur
2905 5474 3064 5547 ista
3105 5474 3550 5557 conclusio,

2011 5599 2218 5693 quod
2271 5599 2432 5672 ista
2478 5596 2747 5668 oratio
2791 5593 3074 5667 totalis
3116 5614 3277 5666 non
3320 5598 3446 5670 est
3482 5595 3563 5666 in

3638 1082 3690 1133 Si
3765 1098 3851 1133 um

3660 1161 3688 1193 e
3745 1162 3834 1195 cax

3681 1208 3822 1274 quid.
3884 1238 3891 1245 ,

3618 5477 3768 5591 Texft:
3806 5540 3852 5597 4.
