4255 6375
1539 431 1979 497 DISTINCTIO
2050 434 2152 496 1v.

176 618 226 668 b
263 616 524 669 smum
561 595 792 689 quasi
827 616 1108 670 ramus
1141 617 1188 669 a
1222 596 1597 670 columba
1644 615 1825 688 por-

158 681 487 792 motatur
540 713 620 786 in
686 734 1007 796 aicam;
1081 719 1269 789 ante
1339 713 1557 787 intus
1636 718 1818 787 erat

165 808 559 924 ²⁴·judicio
600 836 752 914 Dei,
793 832 927 905 sed
977 852 1185 905 nunc
1226 831 1473 906 etiam
1513 829 1823 922 judicio

258 953 570 1017 Ecclesioe
620 949 841 1023 intus
875 953 1026 1023 est.
1073 953 1271 1023 Cum
1308 969 1504 1021 vero
1559 946 1637 1020 in
1670 948 1825 1019 Ba-

259 1063 560 1156 ptismo
623 1069 1047 1158 peccatum
1097 1065 1492 1148 deleatur,
1555 1068 1636 1137 et
1698 1084 1825 1136 sa-

255 1180 621 1256 tisfactio
663 1182 1033 1256 exterior
1083 1201 1246 1254 non
1318 1182 1820 1275 imputetur3

259 1297 685 1388 quaeritur,
730 1317 878 1372 cur
947 1296 1406 1391 poenalitas,
1471 1296 1600 1370 cui
1672 1316 1823 1389 pro

263 1417 595 1506 peccato
654 1413 946 1487 addicti
1006 1434 1310 1496 sumus,
1366 1433 1529 1486 non
1576 1413 1826 1486 tolla-

267 1535 400 1600 tur
428 1533 464 1599 ‘2
501 1529 676 1602 Hoc
710 1528 880 1601 ideo
923 1527 1100 1602 fieri
1142 1528 1474 1601 tradunt
1518 1524 1819 1606 Sancti,

272 1674 299 1709 ι
355 1644 575 1736 quia,
613 1645 682 1717 si
715 1665 762 1717 a
808 1666 1039 1737 poena
1082 1644 1448 1716 homines
1499 1663 1638 1735 per
1677 1642 1824 1713 Ba-

271 1761 664 1854 ptismum
726 1761 1301 1842 liberarentur,
1370 1760 1630 1852 ipsam
1692 1778 1825 1851 pu·

270 1881 547 1951 tarent
646 1877 1049 1971 Baptismi
1168 1874 1552 1968 pretium,
1666 1893 1826 1945 non

269 1999 669 2067 aeternum
770 2014 1138 2086 regnum.
1242 1994 1452 2074 Ideo,
1557 1990 1827 2064 soluto

274 2115 506 2184 reatu
607 2110 945 2203 peccati,
1033 2108 1511 2203 temporalis
1600 2127 1828 2200 poena

275 2230 547 2298 tamen
618 2233 917 2308 manet,
983 2229 1069 2301 ut
1132 2226 1271 2298 illa
1338 2225 1509 2299 vita
1587 2222 1828 2297 studi-

158 2310 248 2422 ¹2}ss
278 2343 499 2417 osius
544 2347 988 2436 quaeratur,
1046 2363 1219 2435 quae
1265 2342 1424 2417 erit
1467 2363 1515 2415 a
1575 2340 1826 2434 poenis

158 2437 251 2501 Μ
281 2458 648 2534 omnibus
693 2461 959 2533 aliena
1009 2492 1064 2529 ι».
1121 2461 1301 2533 Ideo
1361 2460 1611 2533 etiam
1665 2478 1830 2531 ma-

275 2583 432 2661 net,
498 2584 596 2650 ut·
636 2578 745 2651 sit
800 2577 1008 2651 fideli
1062 2556 1427 2651 certandi
1482 2575 1832 2649 materia

275 2700 351 2767 et
389 2693 760 2767 vincendi
798 2696 1145 2776 occasio,
1185 2694 1319 2786 qui
1371 2714 1533 2766 non
1564 2693 1830 2765 vince-

278 2815 422 2893 ret,
491 2810 562 2883 si
601 2831 761 2884 non
823 2814 1270 2904 pugnaret;
1323 2830 1468 2883 nec
1534 2828 1831 2902 pugna-

277 2930 423 3007 ret,
499 2925 569 2998 si
658 2925 739 2999 in
824 2926 1246 3020 Baptismo
1335 2922 1831 2998 immortalis

279 3043 538 3117 fieret.

189 1613 238 1662 6.

289 3300 490 3387 Cujus
546 3303 651 3368 rei
716 3301 1102 3388 Baptismus
1156 3302 1244 3367 sit
1304 3302 1832 3378 Sacramentum,

640 3420 758 3505 qui
812 3418 1016 3485 datur
1063 3421 1213 3506 jam
1268 3421 1476 3505 juste.

158 3629 203 3703 ’ω
378 3627 458 3702 Si
494 3627 916 3720 quaeritur,
961 3627 1193 3721 cujus
1232 3632 1335 3697 rei
1373 3625 1840 3721 Baptismus

159 3717 250 3829 5⁰⁸⁴
296 3744 425 3817 ille
493 3746 603 3819 sit
673 3748 1315 3826 Sacramentum,
1401 3743 1537 3835 qui
1603 3745 1843 3817 datur

287 3860 453 3953 jam
496 3862 724 3956 justo
749 3867 784 3932 ’ἲ
817 3861 1182 3936 Dicimus
1220 3865 1841 3935 Sacramentum

297 3999 465 4051 esse
508 3984 589 4052 et
627 3982 752 4060 rei,
797 4003 942 4068 quae
977 3982 1338 4068 praecessil,
1395 3977 1470 4050 id
1518 3980 1668 4060 est,
1725 3998 1842 4049 re·

297 4095 707 4168 missionis
766 4097 953 4167 ante
996 4114 1141 4187 per
1198 4094 1428 4166 fidem
1489 4095 1722 4176 datae,
1763 4095 1842 4166 et

294 4215 706 4280 remissionis
755 4213 1142 4292 temporalis
1184 4234 1420 4300 poenoe,
1469 4208 1638 4282 sive
1683 4233 1843 4299 pec-

293 4330 440 4410 cati,
479 4327 550 4400 si
583 4327 955 4410 habetur,
1011 4327 1216 4418 quod
1258 4325 1592 4400 interim
1625 4346 1843 4398 com-

297 4441 670 4526 mittitur,
711 4450 792 4518 et
838 4447 1160 4513 novitatis
1208 4461 1301 4515 ac
1347 4442 1612 4514 omnis
1663 4460 1843 4533 gra-

293 4558 421 4632 tiae
480 4560 591 4634 ibi
655 4561 1074 4654 praestitae.
1165 4561 1446 4636 Omnis
1543 4558 1844 4633 etenim

303 4677 411 4750 rei
470 4677 795 4769 signum
863 4683 1010 4758 est,
1083 4676 1316 4768 cujus
1378 4696 1626 4749 causa
1690 4678 1841 4749 est.

306 4793 459 4867 Nec
516 4794 872 4880 mireriS,
931 4817 1086 4862 rem
1153 4792 1585 4887 aliquando
1651 4812 1848 4884 prae-

305 4909 572 4983 cedere
598 4913 1243 4990 Sacramentum,
1273 4928 1456 4980 cum
1489 4908 1849 5000 aliquan-

305 5022 392 5093 do
439 5023 689 5098 etiam
752 5024 986 5115 longe
1049 5028 1231 5115 post
1299 5026 1712 5115 sequatur,
1761 5027 1849 5096 ut

311 5134 581 5213 inillis
634 5139 767 5232 qui
829 5139 1010 5212 ficte
1071 5138 1483 5219 accedunt,
1533 5137 1845 5230 quibuS,

311 5277 480 5329 cum
553 5263 834 5350 postea
902 5255 1451 5349 poenituerint,
1515 5253 1848 5346 incipiet

313 5369 763 5466 Baptismus
809 5374 1212 5466 prodesse,
1251 5372 1333 5444 in
1366 5371 1652 5464 quibus
1692 5368 1849 5443 fuit

317 5487 767 5584 Baptismus
873 5494 1493 5564 Sacramentum
1608 5488 1846 5581 hujus

324 5608 1003 5696 sanctificationiS,
1082 5627 1323 5702 quam
1395 5604 1847 5702 poenitendo

3387 430 3502 494 381

1933 591 2253 669 habent.
2329 595 2477 668 Sed
2543 593 2612 667 si
2687 611 3099 686 nunquam
3163 589 3485 684 poenite-

1935 714 2143 793 rent,
2214 730 2359 785 nec
2428 731 2475 783 a
2533 713 2920 803 figmento
2991 709 3483 787 recederent,

1934 827 2167 919 cujus
2243 827 2360 900 rei
2415 829 3037 901 Sacramentum
3084 828 3302 898 esset
3343 823 3490 894 Ba-

1936 944 2284 1036 ptismus
2327 943 2424 1016 ab
2465 943 2628 1015 illis
2680 946 3163 1035 susceptus?
3208 941 3487 1014 Potest

1931 1059 2087 1132 dici
2133 1086 2147 1130 :
2188 1058 2308 1132 rei
2359 1080 2536 1152 quae
2578 1059 2686 1132 ibi
2741 1058 3002 1140 fieret,
3054 1057 3123 1130 si
3163 1076 3326 1130 non
3363 1075 3490 1128 eo·

1936 1196 2119 1249 rum
2150 1176 2606 1250 enormitas
2648 1174 3108 1269 impediret.

1934 1432 2014 1496 Si
2054 1432 2368 1519 parvulis
2425 1431 2633 1498 datur
2679 1431 2756 1496 in
2830 1431 3177 1519 Baptismo
3236 1433 3487 1521 qratia,

2027 1569 2159 1634 qua
2228 1558 2507 1635 possunt
2598 1549 2674 1613 in
2740 1552 3001 1636 majore
3058 1559 3249 1616 oecate
3326 1569 3492 1636 pro-

2024 1664 2280 1746 ficere?

2027 1866 2248 1941 Solet
2279 1866 2533 1942 etiam
2578 1867 2859 1960 quaeri,
2904 1867 2975 1940 si
3010 1866 3374 1960 parvulis
3411 1865 3493 1939 in
3648 1894 3713 1944 Η.

1937 1986 2362 2079 Baptismo
2417 1985 2659 2058 datur
2719 1983 3019 2076 gratia,
3090 2003 3490 2076 qua,-cum
3558 1954 3813 2069 Θωῖῗξῗη,

1939 2107 2262 2194 tempus
2347 2101 2780 2174 habuerint
2867 2101 3139 2174 utendi
3231 2100 3489 2174 libero
3557 2081 3816 2209 5:335?

1939 2217 2316 2300 arbitrio,
2364 2217 2681 2311 possint
2719 2217 2915 2291 bene
2946 2217 3153 2291 velle
3197 2222 3279 2293 et
3319 2239 3495 2291 cur-
3522 2221 3754 2320 Βωξξξό·
3765 2267 3846 2319 15,

1944 2341 2185 2409 rere?
2234 2337 2349 2409 De
2408 2334 2706 2408 adultis
2759 2333 3000 2417 enim,
3065 2334 3200 2427 qui
3258 2335 3492 2426 digne
3525 2330 3571 2380 ²·
3593 2332 3710 2383 001'·
3723 2332 3770 2383 6
3796 2328 3842 2382 1·

1945 2452 2350 2545 recipiunt
2378 2457 2906 2535 Sacramentum,
2953 2471 3113 2524 non
3161 2451 3497 2543 ambigi·
3553 2394 3684 2507 Hwb·
3724 2396 3804 2447 10

1943 2571 2105 2651 tur,
2181 2568 2370 2661 quin
2440 2567 2802 2659 gratiam
2866 2572 3345 2660 operantem
3412 2574 3493 2641 et
3529 2520 3660 2585 pr
3684 2520 3734 2571 ⁴
3763 2518 3843 2569 ⁸⁰

1943 2688 2525 2777 cooperantem
2591 2684 3131 2778 perceperint,
3188 2706 3362 2777 quae
3422 2687 3499 2754 in

1941 2824 2225 2869 vacuum
2263 2800 2380 2873 eis
2414 2801 2647 2887 cedit,
2687 2801 2754 2874 si
2800 2821 2945 2893 per
2982 2801 3331 2874 liberum
3373 2820 3502 2873 ar-

1943 2917 2284 2991 bitrium
2352 2921 2535 3010 post
2607 2918 3077 2993 mortaliter
3159 2918 3502 3011 delique-

1948 3034 2160 3117 rint;
2224 3034 2357 3126 qui
2423 3034 2718 3109 merito
2765 3038 3075 3129 peccati
3144 3036 3501 3129 gratiam
3593 3037 3599 3044 '

1948 3150 2416 3246 appositam
2450 3152 2816 3245 perdunt.
2866 3151 3087 3226 Unde
3127 3157 3209 3228 et
3237 3151 3504 3228 dicun-

1951 3275 2034 3344 tu
2051 3290 2087 3340 ι’
2107 3273 2576 3339 contumeliam
2598 3273 2823 3357 facere
2844 3274 3141 3359 Spiritui
3157 3275 3504 3353 mammet

1954 3386 2218 3480 ipsum
2254 3406 2300 3457 a
2334 3407 2417 3458 se
2450 3384 2761 3477 fugare.
2796 3388 2912 3460 De
2962 3386 3330 3479 parvulis
3381 3408 3506 3461 ve-

1956 3523 2074 3584 ro,
2136 3502 2271 3594 qui
2330 3503 2682 3574 nondum
2750 3502 3070 3575 ratione
3122 3506 3496 3586 utuntur,

1954 3620 2295 3713 quaestio
2337 3624 2485 3701 est,
2542 3641 2646 3693 an
2689 3620 2769 3693 in
2817 3621 3242 3713 Baptismo
3298 3641 3510 3696 rece-

1955 3737 2227 3830 perint
2276 3736 2661 3828 gratiam,
2726 3757 2881 3828 qua
2950 3737 3045 3810 ad
3107 3737 3507 3830 maj0rem

1952 3854 2369 3927 venientes
2410 3856 2739 3927 aetatem
2791 3853 3105 3945 possint
3168 3854 3376 3927 velle
3426 3860 3507 3928 et

1958 3971 2288 4065 operari
2324 3970 2679 4044 bonum?
2722 3970 3059 4043 Videtur
3092 3971 3297 4063 quod
3344 3993 3508 4044 non
3569 3973 3724 4038 Resp-
3774 3972 3825 4024 1·

1955 4088 2439 4181 receperint,
2485 4087 2676 4180 quia
2708 4088 2981 4178 gratia
3042 4086 3510 4174 illa„chari-

1953 4209 2083 4278 tas
2142 4208 2264 4278 est
2335 4207 2415 4277 et
2481 4205 2698 4287 fides,
2763 4224 2938 4297 quae
3002 4205 3512 4280 voluntatem

1957 4326 2374 4416 praeparat
2431 4326 2511 4396 et
2563 4320 2916 4412 adjuvat.
2968 4322 3115 4396 Sed
3167 4321 3347 4415 quis
3394 4321 3511 4394 di-

1953 4437 2199 4521 xerit,
2235 4460 2374 4511 eos
2408 4440 2821 4532 accepisse
2852 4438 3085 4511 fidem
3117 4442 3197 4512 et
3234 4437 3505 4512 chari-

1959 4560 2273 4631 tatem?
2317 4554 2399 4630 Si
2439 4575 2637 4628 vero
2681 4554 3038 4647 gratiam
3086 4577 3249 4629 non
3299 4577 3514 4631 rece-

1959 4672 2255 4766 perint,
2304 4693 2461 4765 qua
2509 4672 2705 4745 bene
2769 4672 3099 4766 operari
3142 4677 3511 4767 possunt,
3564 4745 3570 4754 ,

1959 4811 2144 4864 cum
2178 4789 2483 4864 fuerint
2523 4788 2820 4871 adulti3
2865 4809 3027 4862 non
3071 4808 3268 4882 ergo
3303 4787 3516 4862 suffi-

1959 4907 2069 4982 cit
2104 4907 2221 4980 eis
2256 4907 2338 4980 in
2366 4905 2520 4979 hoc
2556 4908 2776 4981 statu
2810 4906 3085 4998 gratia
3127 4906 3209 4979 in
3240 4905 3515 4999 Bapti-

1963 5045 2139 5097 smo
2198 5024 2410 5105 data,
2480 5043 2623 5097 nec
2675 5043 2822 5116 per
2887 5023 3114 5096 illam
3173 5029 3519 5118 possunt

1962 5140 2196 5214 modo
2238 5138 2424 5212 boni
2459 5161 2661 5220 esse,
2714 5139 2870 5228 nisi
2912 5141 3076 5214 alia
3126 5141 3511 5220 addatur:

1964 5276 2139 5349 quae
2172 5256 2241 5328 si
2282 5275 2443 5328 non
2474 5256 2818 5338 additur,
2855 5277 3016 5329 non
3065 5261 3193 5331 est
3239 5278 3338 5330 ex
3390 5278 3518 5330 eo·

1964 5393 2148 5445 rum
2198 5371 2462 5465 culpa,
2521 5373 2708 5464 quia
2749 5371 3176 5466 justificati
3235 5379 3426 5449 sunt
3467 5396 3515 5448 a

1964 5495 2327 5583 peccato.
2391 5490 2726 5573 Quidam
2784 5493 3098 5582 putant,
3159 5491 3517 5582 gratiam
3573 5507 3730 5573 neap.
3775 5505 3832 5557 2.

1965 5599 2442 5701 operantem
2491 5605 2804 5682 cunctis
2857 5606 3225 5701 parvulis
3260 5606 3342 5681 in
3371 5608 3520 5682 Ba-
