4255 6375
1534 418 1729 483 DIST.
1772 420 1846 482 11.
1889 418 2250 497 QUAESTIO
2294 418 2343 481 l.

333 594 399 652 et
440 593 680 663 morte,
741 589 806 650 in
851 588 1090 668 quibus
1134 584 1551 664 principalius
1601 587 1669 646 et
1707 599 1879 645 com-

334 709 514 785 plete
548 706 848 767 meritum
877 703 1111 767 Christi
1146 702 1458 775 consistit,
1495 701 1606 780 qui
1650 715 1883 762 recon-

340 823 580 886 ciliavit
609 838 733 884 nos
773 824 838 884 in
883 820 1209 900 sauguine
1238 835 1384 880 su0.

79 939 315 1066 MArgpeu·
413 940 559 1003 Alio
606 938 803 1000 modo
847 937 1127 1017 intelligi
1157 940 1375 1014 potest
1426 934 1604 996 dicta
1648 931 1888 995 solutio

127 1067 205 1114 tio.

340 1176 423 1238 de
467 1175 635 1248 aliiS,
680 1179 754 1236 ut
809 1178 912 1236 est
967 1172 1216 1249 apertio
1271 1171 1516 1250 Januae,
1583 1174 1895 1246 tanquam

338 1291 683 1369 dispositio
715 1290 945 1352 ultima
993 1287 1080 1351 ad
1126 1288 1431 1368 gloriam,
1481 1285 1564 1347 de
1612 1300 1741 1363 quo
1776 1300 1893 1345 su-

342 1422 498 1484 pra;
535 1405 640 1466 hic
678 1408 903 1467 autem
949 1403 1226 1465 effectus
1274 1418 1410 1463 non
1460 1397 1896 1461 conveniebat

342 1524 707 1602 BaptismO,
740 1522 862 1585 nisi
900 1526 1051 1600 post
1098 1521 1478 1599 passionem
1516 1515 1896 1580 exhibitam.

147 1664 216 1715 ¹6.
427 1637 533 1699 Ad
597 1637 859 1699 tertium
920 1634 1298 1713 respondet,
1368 1634 1656 1709 qratiam
1710 1628 1902 1690 nobis

79 1725 322 1839 ‘dgfflssm'
352 1752 640 1818 conferri
694 1753 897 1833 gratis
952 1750 1321 1827 respective
1366 1747 1450 1811 ad
1506 1746 1739 1808 merita
1789 1761 1903 1806 no·

87 1853 302 1976 ‘ffi'ffim
348 1879 506 1943 stra,
545 1875 614 1931 et
655 1869 942 1948 loquitur
973 1866 1057 1930 de
1089 1866 1296 1946 gratia
1339 1865 1546 1941 prima
1580 1870 1644 1926 et
1669 1859 1903 1942 ¹iustifi-

124 1975 242 2028 Μ’·
350 1990 573 2056 cante,
605 2000 742 2046 non
786 1987 1006 2045 tamen
1035 1981 1405 2058 respective
1436 1975 1521 2039 ad
1564 1978 1799 2040 merita
1841 1980 1907 2037 et

348 2105 738 2181 passionem
767 2099 1021 2168 Christi,
1055 2097 1165 2177 qui
1197 2112 1345 2158 eam
1397 2094 1588 2158 nobis
1640 2091 1906 2166 meruit,

349 2217 527 2280 etin
589 2215 784 2294 priori
842 2230 1046 2275 sensu
1105 2210 1494 2291 intelligitur
1554 2209 1911 2286 Apostolus

350 2337 439 2397 ad
487 2336 816 2396 Romanos
842 2333 903 2395 9.
941 2329 1139 2392 Addit
1180 2326 1347 2389 infra
1408 2326 1662 2389 nullum
1710 2322 1912 2385 fuisse

348 2452 419 2512 in
463 2448 784 2527 operibus
816 2449 934 2510 Dei
963 2443 1238 2525 aliquod
1268 2459 1462 2505 merae
1493 2443 1718 2522 gratiae
1750 2454 1913 2517 prae-

357 2568 458 2627 ter
502 2565 715 2626 solam
756 2560 1303 2625 incarnationem.

80 2709 330 2775 ffipuoem„
438 2681 758 2757 Loquitur
798 2677 882 2741 de
939 2676 1246 2754 operibus
1301 2671 1915 2751 supernaturalibus

100 2773 297 2900 09,ng
365 2794 970 2875 praedestinationis
1001 2798 1067 2855 et
1109 2790 1491 2862 vocationiS,
1540 2792 1607 2850 et
1648 2787 1918 2867 reliquis

102 2899 299 3012 algam·
365 2911 879 2990 disponentibus
922 2907 1005 2970 ad
1072 2910 1290 2981 vitam,
1360 2919 1493 2967 non
1555 2907 1778 2965 autem
1836 2900 1918 2962 de

363 3028 800 3100 naturalibuS,
861 3024 1097 3104 quibus
1179 3037 1418 3084 nomen
1477 3022 1708 3098 qratt’ae
1788 3034 1922 3080 non

365 3140 931 3213 accommodatur,
980 3136 1246 3219 quando
1283 3152 1416 3199 non
1450 3133 1795 3198 conferunt
1837 3129 1922 3193 ad

79 3282 131 3332 D.
169 3282 335 3331 Tuom.
366 3264 681 3334 salutem,
730 3262 801 3320 ut
833 3261 1015 3320 recte
1053 3256 1125 3317 D.
1172 3256 1455 3316 Thomas
1489 3255 1540 3314 l.
1589 3255 1650 3314 2.
1699 3256 1917 3329 qaaesc.

89 3341 320 3409 Angustia.
374 3383 510 3444 111.
549 3384 675 3440 art.
722 3378 782 3440 9.
816 3382 887 3437 ut
931 3377 1115 3452 patet
1145 3389 1224 3435 ex
1268 3370 1633 3451 Augustino
1682 3368 1792 3428 lib.
1850 3368 1926 3427 de

363 3498 664 3577 praedest.
727 3497 947 3557 Sanct.
1008 3507 1147 3565 cap.
1190 3489 1250 3550 5.
1305 3488 1482 3565 epist.
1537 3486 1635 3548 95.
1685 3489 1742 3544 el
1792 3484 1923 3546 105.

368 3615 744 3691 incongrue
820 3607 997 3669 enim
1051 3607 1276 3681 qratia
1356 3602 1682 3676 dicuntur,
1759 3600 1929 3680 stylo

374 3730 883 3807 scripturarum,
921 3722 1074 3784 licet
1116 3723 1318 3801 gratls
1376 3718 1639 3793 dentur,
1688 3715 1753 3779 id
1803 3721 1927 3791 est,

374 3849 519 3910 sine
552 3842 800 3906 meritis
831 3842 1093 3914 nostriS,
1148 3842 1212 3898 et
1257 3837 1446 3897 etiam
1478 3839 1621 3898 sine
1657 3832 1934 3913 disposi-

382 3967 563 4027 tione
610 3957 888 4022 naturali
921 3954 1187 4034 praevia,
1220 3956 1293 4013 ut
1335 3955 1518 4029 patet
1550 3967 1635 4012 ex
1664 3950 1935 4027 epistola

381 4081 481 4143 95.
520 4080 741 4141 citata.

131 4230 314 4279 intendit
466 4212 776 4290 Loquitur
823 4207 1022 4268 etiam
1055 4204 1138 4266 de
1183 4200 1496 4280 operibus
1526 4200 1592 4261 in
1638 4197 1937 4261 executi-

164 4300 299 4419 {323
389 4347 519 4394 one
598 4333 665 4389 et
737 4325 999 4392 effectu,
1077 4335 1208 4382 non
1266 4324 1485 4381 autem
1570 4313 1936 4377 secundum

102 4416 365 4533 {ffssfflnssn
389 4457 884 4528 quemcumque
927 4443 1147 4502 actum
1189 4438 1521 4497 internum
1552 4432 1778 4494 divinae
1819 4447 1937 4493 vo-

3444 416 3556 478 251

2004 930 2224 1008 quitur
2270 932 2510 992 Suarez
2542 934 2608 993 in
2637 933 2696 994 3.
2724 939 2901 1008 part.
2953 938 3106 993 tom.
3171 934 3223 995 1.
3258 934 3404 994 disc.
3453 933 3556 994 42.

336 1076 470 1123 non
518 1057 604 1121 de
664 1058 908 1121 effectu
948 1055 1176 1138 gratiae
1223 1052 1716 1126 sanctificantiS‚
1771 1050 1891 1113 sed
2003 1052 2060 1107 et
2081 1045 2443 1122 proteqom.
2498 1047 2555 1108 3.
2620 1049 2697 1107 de
2737 1047 2984 1124 yratia,
3018 1062 3161 1122 cap.
3191 1048 3251 1107 2.
3299 1044 3367 1105 in
3405 1044 3556 1120 stne,

2008 1161 2358 1225 dicendum
2394 1167 2519 1239 est,
2550 1162 2768 1224 omnia
2811 1162 3007 1237 dona,
3042 1161 3179 1224 sive
3214 1161 3558 1236 naturalia,

2008 1279 2145 1341 sive
2188 1280 2736 1358 supernaturalia,
2784 1276 2986 1342 fuisse
3029 1295 3111 1341 ex
3160 1279 3412 1341 Christo
3461 1295 3563 1339 ca-

2010 1396 2170 1472 pite,
2221 1396 2372 1474 quia
2402 1395 2487 1457 ad
2518 1396 2764 1460 Coloss.
2818 1402 2875 1462 l.
2934 1401 3068 1474 lpse
3116 1403 3203 1459 est
3242 1396 3564 1473 primoye-

1996 582 2342 660 supposita
2386 583 2718 644 sententia
2761 580 3172 643 Doctoris'in
3203 580 3263 643 3.
3309 579 3453 641 dist.
3488 580 3548 640 7.
3632 599 3875 655 amneio

3682 663 3821 715 illius

2000 707 2220 778 quaest.
2254 703 2314 763 3.
2346 716 2590 778 nempe
2634 700 3118 762 incarnandum
3160 698 3364 761 filium
3411 698 3553 780 Dei,
3625 724 3881 794 principii.

2001 816 2260 878 etiamsi
2315 830 2448 878 non
2504 822 2852 893 peccasset
2892 815 3127 886 Adam,
3199 831 3400 895 quem
3442 832 3553 877 se-

3674 1401 3856 1452 Omnia

3647 1464 3780 1514 dona
3807 1480 3868 1513 ex

2009 1515 2188 1575 nitus
2256 1516 2463 1576 omnis
2517 1522 2857 1586 creaturas,
2929 1515 3235 1590 quom‘am
3294 1519 3360 1577 in
3429 1515 3565 1590 ipso
3649 1528 3870 1580 Christo.

2015 1632 2272 1692 condita
2300 1636 2445 1692 sunt
2478 1633 2778 1691 universa
2830 1632 2896 1690 in
2943 1629 3100 1691 coelo
3145 1633 3202 1690 et
3249 1631 3317 1691 in
3359 1635 3564 1702 terra,

2012 1719 2290 1808 visibilia
2322 1753 2376 1807 ec
2421 1748 2798 1820 invisibilia,
2829 1750 2962 1809 st've
3001 1749 3244 1820 lltront‘,
3275 1749 3410 1810 sive
3452 1750 3572 1808 do-

2016 1864 2423 1937 minatione&
2474 1864 2607 1925 sive
2627 1865 3056 1941 principatus,
3105 1870 3236 1928 sive
3285 1869 3574 1943 potesta-

2018 1988 2132 2053 teS,
2188 1981 2409 2041 omnia
2460 1997 2579 2055 per
2635 1985 2877 2057 ipsum,
2937 1986 2994 2041 ec
3052 1983 3118 2041 in
3161 1984 3297 2056 ipso
3355 1989 3576 2043 creata

2018 2101 2183 2169 sunt,
2231 2097 2453 2172 etipse
2494 2103 2641 2157 ante
2672 2112 2916 2170 omneS,
2962 2103 3020 2158 ec
3052 2098 3274 2158 omnia
3320 2098 3387 2157 in
3431 2100 3570 2172 ipso

2022 2219 2328 2287 constant,
2365 2222 2488 2277 etc.
2523 2216 2707 2276 Ratio
2743 2218 2867 2287 est,
2922 2216 3069 2294 quia
3125 2218 3445 2279 naturalia
3496 2215 3582 2277 ad

2024 2332 2549 2412 supernaturalia
2605 2332 3035 2406 reducuntur,
3099 2340 3378 2412 utraque
3424 2351 3581 2410 pro-

2024 2454 2174 2528 pter
2222 2448 2747 2526 praedestinatos,
2807 2449 3248 2524 praedestinati
3316 2456 3586 2529 propter

2028 2568 2375 2640 Christum,
2413 2567 2702 2630 Christus
2748 2574 2974 2630 autem
3026 2574 3298 2647 propter
3343 2570 3577 2642 Deum,

2036 2687 2088 2746 l.
2137 2684 2221 2744 ad
2266 2682 2553 2746 Corinth.
2589 2686 2647 2746 3.
2701 2688 2932 2746 Omnia
2964 2686 3132 2746 enim
3158 2691 3373 2746 vestra
3413 2690 3582 2757 sunt,

2030 2803 2162 2862 sive
2206 2799 2471 2871 Paulam,
2515 2802 2645 2860 sive
2681 2798 2931 2874 Apollo,
2976 2801 3107 2861 sive
3154 2800 3425 2875 cephas,
3455 2801 3587 2861 sive

2032 2916 2192 2987 vita,
2236 2913 2371 2975 st'tje
2414 2929 2614 2985 mors,
2657 2915 2787 2974 sive
2836 2915 3206 2989 praesentia,
3240 2915 3371 2976 sive
3396 2917 3582 2991 sutu-

2034 3048 2141 3106 ra,
2190 3032 2411 3092 omnia
2435 3035 2650 3091 vestra
2684 3036 2851 3103 sunl,
2902 3048 3010 3094 vos
3059 3037 3276 3092 autem
3328 3032 3584 3105 Christi,

2042 3148 2330 3211 Christus
2397 3152 2614 3208 autem
2679 3150 2819 3221 Dei,
2876 3151 3002 3209 etc.
3071 3146 3361 3209 Christus
3427 3164 3587 3228 ergo

2039 3263 2269 3325 habuit
2309 3260 2626 3324 influxum
2670 3262 2897 3339 capitis
2948 3262 3320 3325 secundum
3370 3265 3590 3327 omnia

2043 3378 2216 3440 dona
2262 3392 2602 3449 concessa,
2649 3378 2929 3457 ejusque
2981 3377 3221 3440 intuitu
3276 3395 3593 3442 concessa

2043 3500 2218 3568 sunt,
2285 3497 2350 3555 et
2406 3493 2494 3554 ita
2558 3509 2689 3554 non
2745 3493 2950 3571 gratis
3023 3493 3195 3564 data,
3269 3494 3594 3558 sumendo

2042 3610 2337 3687 qratiam
2364 3608 2516 3681 late,
2546 3612 2618 3668 ut
2666 3608 2956 3671 excludit
3006 3626 3275 3672 omnem
3328 3626 3594 3672 causam

2047 3731 2228 3787 extra
2262 3725 2495 3800 Deum,
2530 3728 2601 3785 ut
2628 3725 2862 3801 saepius
2909 3728 3210 3799 sumitur,
3265 3733 3596 3805 quatenus

2047 3842 2401 3919 opponitur
2457 3856 2591 3901 non
2654 3839 2868 3901 solum
2929 3840 3152 3903 debito
3215 3841 3486 3921 justitiae
3531 3846 3598 3904 et

2046 3959 2240 4038 legiS,
2285 3955 2406 4019 sed
2452 3971 2668 4018 causae
2718 3963 2784 4018 et
2814 3960 3012 4021 etiam
3055 3963 3325 4020 naturae.

2130 4074 2205 4134 Et
2245 4072 2331 4133 ita
2359 4073 2530 4134 sicut
2571 4071 2855 4134 Christus
2885 4070 3007 4134 fuit
3033 4073 3362 4135 institutus
3395 4079 3592 4152 caput

2050 4190 2528 4263 universorum,
2587 4189 2739 4252 licet
2795 4193 2935 4268 ipse
2979 4190 3179 4269 gratis
3231 4191 3420 4254 datus
3469 4197 3592 4268 est,

2052 4307 2303 4384 reliqua
2337 4310 2555 4368 tamen
2598 4306 2835 4382 inipso
2883 4312 3190 4383 tanquam
3239 4307 3453 4383 capite
3488 4305 3594 4367 de-

2053 4422 2405 4493 bebantur,
2453 4425 2519 4482 et
2576 4418 3034 4498 dependenter
3089 4422 3170 4483 ab
3219 4439 3296 4483 eo
3364 4422 3599 4484 collata

3741 4107 3822 4159 17.

3704 4170 3860 4281 9⁰⁸¹?

3672 4237 3900 4343 ‘'effi-dtu

3675 4357 3924 4429 donorum

3675 4436 3897 4536 chssssto.

387 4562 679 4632 luntatis,
739 4564 1055 4636 quantum
1113 4552 1194 4615 ad
1252 4551 1713 4622 intentionem,
1791 4546 1943 4625 quia
2056 4544 2222 4599 sunt.
2261 4536 2600 4597 Debentur
2643 4553 2802 4614 ergo
2834 4536 2901 4597 in
2944 4536 3081 4612 ipso
3132 4536 3354 4599 debito
3388 4536 3602 4598 fideli·
3634 4547 3934 4612 Explicatur

387 4678 761 4756 peripsum
808 4670 1040 4733 electio
1101 4666 1186 4729 ad
1254 4666 1533 4746 gloriam
1598 4677 1732 4724 non
1789 4678 1944 4740 sup-

2062 4656 2210 4716 tatis
2241 4659 2305 4714 et
2338 4652 2533 4731 pacti,
2580 4649 2760 4729 quod
2790 4651 3004 4712 solum
3053 4649 3225 4713 cadit
3275 4653 3341 4713 in
3387 4653 3599 4715 Deum

3738 4608 3864 4659 illud

3678 4671 3904 4744 debitum

3721 4748 3875 4785 varus

387 4794 571 4874 ponit
614 4789 868 4862 merita,
916 4791 1146 4862 estque
1176 4781 1443 4843 omnino
1485 4779 1771 4859 gratuita
1819 4779 1946 4841 hoc
2061 4770 2426 4848 respective
2473 4766 2558 4829 ad
2608 4771 2993 4828 creaturam.
3029 4767 3131 4829 Sic
3164 4767 3447 4830 debetur
3488 4769 3594 4830 Ec·
3659 4796 3922 4863 exemplis.

391 4910 652 4982 modo;
716 4904 853 4984 agit
897 4918 1054 4981 ergo
1118 4899 1200 4961 de
1263 4899 1421 4974 ipsis
1487 4896 1797 4974 operibus
1863 4895 1947 4957 ad

394 5033 597 5099 extra,
634 5028 702 5086 et
743 5019 1085 5099 supposito
1124 5016 1345 5092 lapsu.
1402 5012 1734 5091 Quidquid
1784 5028 1944 5092 ergo

393 5141 548 5204 facit
590 5138 675 5201 ad
737 5136 1044 5208 salutem,
1110 5131 1335 5193 datum
1383 5133 1483 5190 est
1540 5127 1730 5189 nobis
1785 5142 1944 5203 pro-

399 5265 545 5338 pter
600 5256 923 5318 Christum
990 5250 1274 5328 eiusque
1319 5246 1551 5308 merita
1620 5250 1685 5305 et
1742 5244 1948 5320 passi-

400 5393 621 5448 onem,
655 5378 728 5435 ut
776 5370 1104 5447 Scriptura
1141 5372 1208 5426 et
1248 5365 1475 5425 Patres
1510 5359 1751 5422 docent
1803 5374 1954 5419 con-

406 5498 501 5555 tra
559 5487 974 5567 Pelagianos,
1067 5479 1259 5558 Quod
1329 5481 1383 5541 si
1467 5474 1746 5553 amplius
1830 5474 1957 5535 hoc

410 5605 798 5689 principium
879 5602 1075 5665 latius
1164 5590 1585 5676 interpretari
1644 5587 1953 5669 voluerlS,

486 5690 501 5719 ‘t

2064 4888 2276 4950 clesiae
2331 4884 2599 4946 directio
2645 4881 2979 4944 mediante
3041 4884 3288 4946 Vicario
3349 4883 3604 4960 Christi,

2065 5009 2133 5067 et
2174 5004 2388 5074 PctrO,
2420 5003 2518 5063 cui
2550 4998 2721 5062 facta
2754 5004 2855 5061 est
2902 5000 3245 5077 promissio
3274 5021 3289 5076 ;
3322 5001 3416 5062 sic
3464 5016 3611 5063 me-

2064 5121 2185 5181 rito
2231 5122 2452 5179 nostro
2500 5113 2779 5177 debetur
2822 5114 3192 5193 praemium,
3253 5114 3347 5177 sic
3404 5115 3612 5179 medi-

2067 5234 2330 5297 antibus
2389 5234 2828 5294 Sacramenlis
2907 5231 3207 5296 debetur
3247 5234 3457 5315 gratia
3531 5249 3615 5296 ex

2068 5351 2502 5431 promissione
2549 5351 2691 5425 Dei,
2727 5350 2978 5413 etiamsi
3025 5351 3342 5415 institutio
3384 5369 3616 5415 eorum

2069 5485 2203 5532 non
2233 5467 2419 5531 fieret
2447 5468 2685 5529 intuitu
2713 5465 3095 5532 meritorum
3136 5468 3390 5530 Christi.
3426 5467 3617 5544 Quod

2070 5586 2236 5650 siin
2296 5602 2375 5649 eo
2420 5590 2598 5649 statu
2639 5584 2846 5669 gratia
2911 5592 2975 5648 et
3036 5585 3317 5650 influxus
3388 5586 3617 5668 capitis
