4255 6375
743 437 856 502 148

737 607 846 670 24.
882 602 1055 672 idem
1094 604 1327 672 asserit
1368 601 1448 669 de
1478 613 1624 670 actu
1662 600 2000 670 charitatis
2042 599 2282 665 infusae

742 732 805 786 et
832 721 1193 808 acquisitae,
1230 733 1421 808 prout
1458 719 1703 807 optime
1742 717 1993 785 notavit
2036 714 2290 784 Scholi-

747 835 1030 916 asteS,ad
1064 835 1280 902 locum
1322 836 1588 902 citatum
1632 837 1705 899 in
1752 856 1815 920 q.
1883 837 1944 899 1.
1986 831 2283 917 proloyi.

748 956 827 1019 Et
863 953 942 1019 de
983 953 1087 1019 his
1126 953 1378 1019 actibus
1409 973 1483 1019 ac
1538 951 1683 1017 aliis
1723 948 2068 1015 habituum
2110 945 2289 1013 insu-

747 1088 996 1149 sorum,
1032 1068 1189 1134 dicit
1222 1067 1311 1134 ita
1333 1089 1445 1134 eos
1476 1067 1616 1133 fieri
1660 1088 1694 1132 a
1733 1066 1871 1132 suis
1916 1063 2285 1151 principiiS,

747 1198 818 1253 ut
857 1185 984 1253 alio
1042 1186 1235 1252 modo
1297 1186 1538 1253 virtute
1577 1183 1856 1250 naturali
1918 1180 2291 1247 intellectus

744 1312 856 1368 aut
894 1301 1253 1368 voluntatis
1295 1301 1564 1388 produci
1614 1320 1739 1365 non
1787 1298 2065 1384 possint,
2119 1297 2293 1364 unde

747 1419 814 1484 in
857 1417 977 1484 hac
1056 1419 1421 1505 quaestione
1490 1439 1618 1483 non
1673 1428 1772 1482 est
1841 1414 2293 1482 controversia

748 1540 1067 1617 quantum
1119 1532 1199 1597 ad
1261 1542 1547 1597 mentem
1614 1528 1934 1597 Doctoris.

546 1671 596 1742 β.
866 1646 1225 1714 Difficultas
1273 1659 1492 1713 tamen
1550 1647 1825 1712 offertur
1873 1644 2044 1711 circa
2112 1643 2291 1709 illam

411 1733 708 1862 {ssfflffiffif
751 1761 1200 1848 probationem
1234 1762 1535 1842 minoris,
1598 1781 1726 1847 qua
1786 1761 2014 1848 probat
2063 1779 2292 1845 super-

747 1877 1227 1944 naturalitatem
1287 1877 1462 1943 illius
1529 1875 2009 1963 dispositionis,
2076 1896 2156 1940 ex
2218 1896 2295 1940 eo

744 1993 917 2080 quod
993 1994 1071 2060 ad
1113 2014 1257 2060 eam
1314 2013 1440 2058 non
1501 1993 1585 2059 sit
1641 1992 1930 2079 potentia
1974 1989 2293 2058 naturalis

747 2108 812 2173 in
881 2109 1199 2195 subjecto,
1273 2130 1351 2175 ex
1431 2128 1557 2195 qua
1597 2106 1933 2186 educatur,
1980 2104 2092 2172 sed
2150 2118 2295 2172 tan-

746 2233 887 2291 tum
954 2223 1435 2303 obedientialis,
1518 2244 1647 2312 quo
1746 2233 2066 2310 repugnat
2153 2222 2295 2309 ejus

744 2339 1110 2427 principiis,
1185 2341 1250 2406 in
1305 2340 1469 2408 locis
1512 2341 1648 2428 jam
1699 2339 1942 2418 citatis,
1997 2338 2108 2404 ubi
2179 2359 2296 2403 ex-

745 2477 968 2542 presse
1048 2457 1307 2536 asserit,
1382 2458 1447 2522 in
1533 2456 1721 2522 nobis
1808 2455 1943 2521 dari
2028 2453 2298 2520 inclina-

745 2569 991 2636 tionem
1055 2571 1415 2637 naturalem
1480 2571 1836 2657 passivam,
1891 2569 1971 2635 ad
2051 2569 2298 2634 formas

748 2686 1283 2771 supernaturales
1331 2686 1564 2773 gratiae
1611 2699 1675 2752 et
1722 2686 1979 2773 gloriae.

405 2851 508 2899 Res
545 2846 714 2898 onsio.
841 2819 963 2886 Sed
996 2819 1429 2906 respondetur
1473 2820 1640 2885 hanc
1670 2818 2120 2906 probationem
2153 2838 2299 2884 esse

412 2916 708 3036 probtttffie
754 2933 833 3000 ad
867 2935 1198 3002 hominem
1234 2958 1314 3001 ex
1364 2935 1707 3021 principiis
1747 2935 2106 3015 concessis,
2150 2955 2296 2999 nam

438 3036 693 3146 horffiem
755 3049 905 3116 licet
952 3050 1107 3116 hinc
1167 3051 1316 3117 inde
1365 3062 1642 3137 utraque
1723 3050 1944 3116 schola
1993 3050 2296 3116 admittat

436 3176 691 3288 prinecffpio
755 3166 997 3233 formas
1026 3167 1558 3254 supernaturales
1592 3166 1802 3254 quoad
1837 3167 2294 3247 substantiam,

436 3290 713 3398 ssfsshtd'n'a.
759 3295 824 3349 et
862 3284 927 3349 in
969 3284 1216 3350 ratione
1247 3284 1565 3365 absoluta,
1605 3305 1719 3370 per
1756 3283 2050 3349 ordinem
2082 3294 2300 3349 tamen

390 3449 400 3456 .
474 3410 651 3481 delinit
759 3399 839 3466 ad
879 3398 1323 3466 extrinsecum
1372 3399 1559 3466 aliter
1602 3411 1665 3465 et
1732 3399 1920 3465 aliter
1978 3397 2299 3465 definiunt

480 3489 657 3585 ordine
757 3516 934 3583 illam
991 3517 1707 3604 supernaturalitatem.
1771 3520 1842 3583 D.
1906 3517 2190 3583 Thomas
2234 3521 2295 3581 1.

428 3597 709 3723 subjssccltum
751 3654 822 3720 p.
876 3655 938 3719 q.
976 3638 1036 3700 1.
1090 3658 1155 3701 α.
1204 3638 1266 3701 1.
1311 3657 1372 3721 q.
1413 3639 1520 3702 12.
1564 3645 1695 3700 art.
1749 3635 1815 3705 5.
1862 3657 1920 3721 q.
1994 3637 2104 3700 67.
2163 3645 2294 3700 art.

416 3727 715 3834 ᾛῖῗῷῗξξέ
759 3754 823 3818 5.
866 3751 1140 3838 eJusque
1171 3750 1474 3837 discipuli
1509 3750 1743 3818 docent
1773 3751 1950 3816 illam
1983 3769 2304 3837 superna-

757 3865 1153 3933 turalitatem
1218 3867 1471 3933 desumi
1541 3866 1606 3932 in
1657 3867 1886 3933 ordine
1943 3866 2021 3932 ad
2081 3865 2301 3952 subje-

756 3994 957 4063 ctum,
1022 3995 1344 4070 quatenus
1395 4003 1524 4049 non
1581 3983 1973 4071 supponitur
2042 3983 2106 4048 in
2160 3982 2302 4069 ipso

756 4097 1094 4164 inclinatio
1130 4099 1444 4166 naturalis
1476 4099 1555 4166 ad
1591 4097 2014 4179 formam,sed
2047 4109 2300 4165 tantum

759 4213 1045 4300 potentia
1124 4213 1579 4280 obedientialis
1627 4237 1641 4291 ;
1689 4233 1807 4278 nos
1877 4224 2094 4279 autem
2152 4234 2302 4280 cum

484 4356 668 4406 noctor
759 4330 1034 4396 Doctore
1113 4329 1177 4394 id
1246 4350 1590 4415 negamuS,
1685 4329 1798 4396 sed
1830 4329 2301 4397 desumendam

438 4479 491 4529 iu
510 4432 701 4531 ‘L‘ffine
760 4469 908 4517 esse
946 4460 1078 4513 tam
1125 4447 1481 4533 potentiam
1545 4447 2068 4526 obedientialem,
2105 4467 2300 4534 quam

428 4544 608 4669 agenz‘}
633 4622 734 4656 non
761 4560 1444 4649 supernaturalitatem
1505 4562 1737 4628 formae
1787 4562 1852 4627 in
1916 4562 2147 4628 ordine
2224 4562 2303 4628 ad

426 4669 988 4793 subssgtum.³ge⁰sv
1070 4679 1223 4766 quia
1295 4699 1452 4765 ergo
1515 4678 1620 4744 illa
1663 4678 2111 4745 controversia
2173 4699 2301 4744 non

764 4811 862 4864 est
919 4798 1118 4883 hujus
1176 4797 1324 4876 loci,
1389 4795 1530 4861 ideo
1562 4795 1763 4863 sumit
1822 4796 2139 4863 rationem
2193 4816 2303 4862 su-

764 4912 1320 4999 pernaturalitatis
1359 4933 1437 4978 ex
1464 4923 1679 4978 mente
1720 4916 1794 4978 D.
1839 4912 2133 4990 Thomae,
2173 4932 2302 4977 non

761 5041 975 5097 autem
1043 5050 1125 5095 ex
1200 5025 1538 5114 principiis
1599 5046 1633 5093 a
1691 5048 1762 5093 se
1792 5027 2061 5093 assertis
2112 5027 2297 5108 aliaS,

763 5143 865 5210 vel
909 5141 1267 5210 secundum
1349 5140 1512 5226 ipsa,
1570 5151 1640 5207 ut
1698 5153 1870 5226 patet
1919 5140 2088 5208 infra
2139 5142 2297 5208 dist.

765 5265 877 5327 14.
938 5271 1000 5325 et
1068 5261 1140 5325 in
1205 5259 1365 5326 dist.
1420 5259 1536 5324 49.
1609 5278 1671 5342 q.
1730 5261 1835 5323 11.
1891 5259 2066 5323 etin
2126 5262 2191 5324 3.
2229 5259 2296 5324 d.

765 5376 874 5438 14.
934 5392 996 5457 q.
1065 5376 1126 5437 1.
1167 5371 1275 5437 ubi
1324 5368 1657 5456 colligitur
1696 5369 2129 5436 elevationem
2183 5391 2301 5456 po-

766 5487 989 5554 tentiae
1042 5508 1170 5553 non
1221 5487 1360 5554 fieri
1394 5508 1508 5573 per
1566 5487 1866 5567 formam,
1922 5507 2048 5574 qua
2095 5486 2303 5554 forma

733 5615 888 5690 est,
933 5602 1044 5670 sed
1098 5624 1224 5691 qua
1300 5603 1695 5690 principium
1763 5602 2027 5691 agendi,
2101 5615 2167 5671 et
2234 5606 2300 5670 in

1960 431 2103 496 ΜΒ.
2139 432 2237 494 lV.
2289 422 2895 495 SENTENTIARUM

2401 598 2560 666 locis
2615 618 2812 685 supra
2862 596 3101 678 citatiS,
3148 594 3258 663 ubi
3299 589 3571 680 exponit
3628 606 3927 676 superna·

2399 715 2791 783 turalitatem
2853 715 3220 801 respective
3288 712 3366 778 ad
3459 727 3670 796 agens
3767 704 3933 772 Unde

2402 833 2558 899 mihi
2637 832 2944 899 videntur
3035 830 3298 919 quidam
3374 848 3455 894 ex
3542 824 3808 905 nostriS‚
3864 834 3932 888 ut

2399 954 2796 1031 Tartaretus,
2848 961 2911 1014 et
2991 959 3132 1036 post
3190 967 3340 1013 eum
3381 943 3514 1024 alii,
3583 961 3717 1007 non
3775 951 3933 1005 recte

2404 1063 2818 1150 interpretari
2863 1074 3149 1129 mentem
3219 1060 3513 1127 Doctoris
3560 1057 3696 1136 hic,
3759 1054 3934 1142 quasi

2401 1160 2509 1246 illa
2570 1180 2866 1267 probatio
2908 1177 3184 1245 minoris
3241 1187 3417 1244 esset
3455 1195 3536 1242 ex
3606 1170 3939 1260 principiis

2403 1294 2671 1361 assertis
2758 1296 2925 1381 ejus,
2978 1293 3083 1361 vel
3123 1314 3206 1360 ex
3266 1302 3482 1358 mente
3523 1288 3793 1375 ipsius;
3843 1287 3939 1353 vis

2403 1431 2563 1496 ergo
2587 1411 2783 1498 hujus
2819 1411 3092 1477 rationis
3125 1408 3428 1477 consistit
3459 1406 3540 1473 ad
3571 1404 3929 1476 hominem,

2404 1526 2469 1590 in
2528 1547 2605 1593 eo
2664 1527 2837 1614 quod
2900 1547 3309 1614 quacumque
3387 1524 3641 1590 ratione
3699 1522 3940 1587 dicatur

2404 1643 2614 1728 gratia
2665 1663 2793 1709 non
2856 1642 3122 1730 produci
3195 1640 3572 1708 immediate
3621 1659 3659 1705 a
3728 1640 3985 1704 Sacra··

2407 1759 2668 1842 mentis,
2740 1760 2891 1846 quia
2973 1770 3071 1826 est
3140 1759 3461 1825 terminus
3554 1752 3938 1829 creationis3

2406 1875 2627 1941 eadem
2692 1877 2854 1941 ratio
2913 1876 3142 1961 probat
3182 1875 3378 1942 etiam
3417 1884 3725 1939 ornatum
3761 1869 3937 1935 illum

2408 2011 2534 2056 non
2605 1991 2872 2077 produci
2935 1991 3208 2077 physice
3244 2011 3278 2056 a
3333 1986 3797 2056 SacramentiS.

2496 2108 2865 2193 Respondet
2904 2107 3341 2174 Ferrariensis
3382 2128 3463 2173 ex
3523 2103 3838 2191 Capreolo
3874 2102 3943 2166 in
3990 2084 4152 2209 3ss

2408 2227 2472 2288 4.
2515 2223 2591 2290 d.
2658 2228 2719 2289 1.
2773 2222 2945 2311 quod
2995 2224 3202 2290 forma
3243 2222 3497 2289 dicatur
3562 2236 3943 2308 supernatu·
3984 2210 4152 2335 {⁸⁹32}

2410 2338 2630 2406 ralitas
2707 2340 2770 2405 in
2851 2339 3091 2426 duplici
3133 2339 3369 2426 gradu.
3424 2341 3583 2405 Nam
3650 2337 3945 2425 quaedam

2408 2469 2509 2523 est
2582 2456 2755 2537 talis,
2828 2467 2899 2523 ut
2958 2456 3136 2523 nullo
3186 2456 3377 2522 modo
3437 2456 3675 2542 attingi
3748 2455 3944 2542 possit

2412 2571 2653 2637 virtute
2699 2584 2935 2652 creata,
2992 2592 3204 2658 neque
3260 2571 3506 2649 innata,
3564 2590 3785 2657 neque
3848 2589 3948 2634 su·

2413 2685 2770 2771 peraddita,
2817 2708 3030 2774 neque
3094 2695 3578 2774 consequenter
3620 2685 3812 2752 educi
3877 2683 3951 2749 de

2414 2805 2703 2890 potentia
2758 2806 3072 2889 materiae,
3133 2806 3283 2874 talis
3313 2818 3412 2873 est
3472 2805 3718 2894 gratia.
3776 2804 3947 2871 Alius
4024 2791 4149 2917 ἓξὲξ

2411 2933 2629 2989 autem
2686 2923 2929 3009 gradus
2977 2936 3097 3001 est,
3156 2923 3414 3011 quando
3466 2924 3676 2990 forma
3723 2921 3946 3008 attingi
3984 2920 4151 3026 fflrssmff

2416 3051 2649 3124 potest,
2724 3040 2952 3108 saltem
3033 3042 3280 3108 virtute
3354 3040 3803 3127 superaddita,
3884 3057 3953 3105 ac

2414 3155 2687 3242 proinde
2769 3156 2956 3225 educi
3013 3157 3093 3224 de
3151 3158 3439 3244 potentia
3529 3158 3823 3225 materiae
3898 3168 3956 3224 et

2415 3272 2614 3361 hujus
2652 3274 2918 3359 generis
2961 3286 3061 3340 est
3083 3273 3452 3341 character.
3501 3274 3955 3360 Disparitatem

2416 3387 2711 3475 assignat
2764 3388 2931 3455 infra
2980 3409 3059 3456 ex
3119 3389 3376 3476 propria
3419 3389 3775 3470 sententia,
3813 3389 3959 3475 quia

2412 3503 2622 3588 gratia
2665 3516 2764 3570 est
2804 3524 3000 3591 supra
3067 3514 3276 3571 totum
3334 3505 3630 3571 ordinem
3678 3516 3952 3578 naturae,

2412 3629 2475 3685 et
2544 3620 2892 3707 conjungit
2961 3641 3080 3687 nos
3139 3625 3292 3701 Deo,
3385 3621 3472 3686 ita
3546 3642 3581 3687 a
3645 3621 3785 3687 solo
3836 3623 3960 3685 Deo

2416 3734 2684 3820 produci
2726 3746 2988 3822 potest;
3039 3738 3372 3803 character
3420 3748 3665 3817 autem,
3722 3736 3835 3823 qui
3868 3747 3959 3801 est

2413 3852 2755 3939 dispositio
2803 3852 2882 3919 ad
2930 3853 3235 3940 gratiam,
3282 3874 3409 3919 non
3452 3863 3554 3920 est
3602 3874 3806 3940 supra
3856 3876 3959 3921 or·

2414 3977 2632 4045 dinem
2667 3990 2941 4059 naturae,
2999 3979 3129 4045 imo
3169 3990 3269 4046 est
3300 3979 3469 4046 infra
3499 3978 3719 4068 aliqua
3761 3994 3962 4048 mate-

2414 4094 2598 4160 rialia
2664 4095 2766 4161 sui
2825 4095 3114 4181 generis,
3172 4115 3429 4181 nempe,
3494 4108 3717 4163 actum
3775 4097 3959 4164 liberi

2414 4210 2691 4290 arbitrii,
2746 4211 2856 4298 qui
2907 4210 3191 4297 disponit
3250 4209 3327 4276 ad
3390 4212 3697 4299 gratiam,
3765 4227 3829 4280 et
3870 4226 3963 4281 est

2414 4347 2613 4415 supra
2681 4328 3125 4396 characterem
3202 4328 3625 4416 perfectione,
3690 4330 3962 4418 ideoque

2417 4462 2547 4508 non
2604 4453 2705 4510 est
2773 4444 3271 4526 inconveniens,
3328 4458 3399 4511 ut
3457 4466 3493 4511 a
3543 4447 3963 4514 Sacramento

2416 4557 3000 4627 instrumentaliter
3059 4560 3473 4647 producatur,
3518 4581 3670 4627 cum
3713 4559 3958 4650 aliquid

2416 4676 2517 4743 sui
2556 4678 2821 4764 generis
2862 4678 3105 4745 virtute
3152 4689 3406 4745 naturae
3458 4679 3798 4766 producat.

2503 4795 2759 4872 Contra,
2806 4793 2949 4860 haec
2987 4794 3225 4861 solutio
3265 4796 3478 4883 quoad
3526 4796 3814 4881 primum
3849 4816 3952 4882 pe·
4000 4800 4152 4908 lmqtgsr'ffl

2414 4907 2493 4973 tit
2523 4908 2944 4994 principium,
2980 4921 3043 4974 et
3075 4908 3408 4976 distinctio
3439 4909 3719 4979 adducta
3756 4909 3961 4999 quoad
4128 4892 4136 4902 ⁹

2416 5023 2793 5090 evasionem
2861 5025 3136 5092 conficta
3221 5024 3504 5106 videtur,
3584 5048 3798 5115 neque
3858 5048 3959 5094 re-

2416 5141 2693 5228 spondet
2750 5141 2830 5207 ad
2874 5142 3324 5227 probationem
3378 5142 3679 5209 minoris.
3732 5145 3961 5219 Quaero
4035 5129 4152 5258 11¹?de

2417 5254 2591 5320 enim
2626 5255 2798 5322 unde
2828 5253 3172 5341 colligatur
3201 5256 3791 5342 supernaturalitas
3820 5277 3961 5345 gra·
3984 5217 4032 5269 pr

2415 5370 2527 5437 tiae
2565 5371 2774 5452 aliter,
2823 5372 2949 5440 nisi
2992 5374 3056 5438 in
3097 5372 3327 5440 ordine
3357 5373 3436 5439 ad
3467 5375 3865 5463 subjectum,
3901 5375 3961 5439 in

2416 5508 2545 5575 quo
2595 5500 2845 5555 tantum
2888 5488 3201 5576 supponit
3249 5491 3607 5576 potentiam
3662 5492 3966 5561 obedien-

2413 5603 2659 5686 tialem,
2723 5605 2838 5673 sed
2901 5606 3172 5694 perinde
3226 5608 3565 5675 character
3626 5608 3855 5693 etiam,
3906 5621 3965 5677 et
