4255 6375
552 1514 805 1577 Quomodo

591 1580 762 1629 volens

542 1657 604 1691 ex
632 1647 789 1706 metu,

617 1719 735 1754 vere

471 1810 472 1813 ,
551 1766 605 1816 id
637 1766 800 1819 velit?

628 5044 707 5094 Ad

504 5112 835 5159 Sacramenta

852 405 971 467 420

857 563 1308 655 Baptism0‚
1352 565 1429 634 et
1471 562 1646 653 ejus
1696 560 2146 642 effectibuS,
2221 581 2396 652 cap.

854 683 1141 769 Majores
1173 709 1193 748 .·
1230 679 1448 761 Quod
1507 683 1636 761 itti,
1676 684 1791 768 qui
1813 685 1962 768 jam
1997 681 2260 767 pridem
2313 679 2403 745 ad

857 800 1434 864 Christianitatem
1501 800 1713 863 eoacti
1776 810 1953 877 sunt,
2044 798 2202 884 quia
2252 800 2401 883 jam

852 925 1104 979 constat
1155 913 1606 979 Sacramentis
1673 912 1929 977 divinis
2016 913 2397 990 associato-5,

853 1041 1105 1115 oportet
1171 1039 1241 1093 ut
1269 1028 1493 1111 fidem,
1532 1050 1728 1115 quam
1759 1028 2144 1092 necessitate
2183 1047 2402 1091 susee-

846 1156 1115 1231 ρενιιηι,
1163 1156 1382 1211 tenere
1438 1155 1784 1231 coquntur,
1833 1165 1915 1210 ne
1977 1164 2220 1208 nomen
2276 1143 2399 1208 Do·

851 1264 1025 1328 mini
1054 1263 1560 1350 blasphemetur,
1626 1273 1685 1327 et
1723 1262 1910 1345 fideti,
1954 1281 2158 1348 quam
2185 1281 2401 1325 susee-

848 1391 1111 1466 perunt,
1159 1380 1669 1467 contemptibilis
1699 1378 2041 1443 habeatur.

945 1487 1411 1579 Exemplum
1495 1484 1763 1578 hujus,
1841 1484 2193 1577 qualiter
2261 1482 2399 1554 ali-

861 1606 1040 1699 quis
1118 1608 1385 1699 potest
1452 1601 1917 1675 consentire
2005 1600 2085 1672 in
2174 1598 2402 1671 illam

859 1723 1355 1797 ablutionem
1405 1720 2021 1812 suscipiendam,
2084 1738 2179 1790 eo
2237 1736 2402 1787 mo-

857 1844 953 1916 do
998 1863 1152 1934 quo
1223 1841 1646 1913 confertur
1697 1838 1793 1909 ab
1859 1834 2246 1916 Ecclesia,
2320 1837 2401 1907 et

857 1967 1128 2036 tamon
1194 1958 1472 2039 nollet,
1554 1957 1620 2029 si
1703 1961 1976 2048 posset
2062 1953 2400 2025 evadere

850 2082 1291 2157 tormenta,
1341 2078 1525 2169 quia
1556 2095 1717 2148 non
1752 2072 2002 2147 credit
2037 2092 2216 2143 eam
2253 2069 2401 2141 ali-

851 2196 1035 2289 quid
1084 2195 1405 2275 valere;
1446 2193 1658 2265 sicut
1693 2194 1963 2284 potest
1995 2187 2278 2260 haberi
2313 2188 2401 2260 de

848 2335 968 2396 eo,
1007 2313 1140 2405 qui
1202 2331 1362 2383 non
1422 2309 1679 2382 credit
1722 2307 1966 2378 verba
2028 2305 2398 2378 incanta-

850 2428 1101 2501 tionis
1165 2445 1404 2518 posse
1444 2423 1741 2494 habere
1801 2421 2152 2513 aliquem
2213 2417 2401 2490 effe-

851 2552 1098 2628 ctum,
1158 2548 1429 2616 tamen
1490 2540 1852 2614 concedit
1916 2537 2394 2618 incantanti,

853 2664 1058 2756 quod
1109 2663 1322 2733 dicat
1379 2660 1518 2731 illa
1568 2657 1815 2730 verba
1879 2676 2123 2750 super
2182 2675 2392 2736 eum,

851 2802 945 2853 ea
977 2778 1450 2858 intentione,
1500 2796 1654 2868 qua
1696 2775 1904 2848 solet
1966 2793 2061 2845 ea
2099 2772 2392 2852 dicere,

849 2896 1177 2971 dicendo
1203 2896 1282 2967 in
1315 2894 1554 2966 corde
1589 2913 1675 2963 su
1692 2913 1766 2976 0,
1795 2888 2123 2961 valeant
2158 2906 2396 2979 quan-

850 3018 1023 3088 tum
1064 3012 1340 3084 valere
1393 3012 1801 3116 poterunt,
1859 3007 2010 3078 istc
2069 3025 2259 3076 vere
2292 3002 2396 3074 di·
2448 3079 2460 3094 ,

848 3135 1179 3206 ceretur
1218 3126 1730 3206 incantatus;
1777 3129 1856 3197 et
1908 3122 1976 3195 si
2021 3120 2212 3196 talis
2280 3119 2396 3192 in-

848 3248 1209 3323 cantatio
1263 3266 1509 3338 super
1573 3243 1926 3334 aliquem
1983 3239 2397 3312 diceretur

847 3359 1766 3454 conseci³ati01diabolo,‘
1797 3358 1933 3431 ille
1990 3355 2396 3446 essetdia-

844 3484 1030 3555 bolo
1129 3483 1681 3554 consecratus.
1801 3476 2034 3549 Patet
2120 3476 2392 3544 autem

845 3599 1308 3673 differentia
1370 3593 1606 3668 istius
1688 3590 2031 3664 membri
2119 3607 2393 3660 secun-

845 3719 1031 3790 dum
1074 3718 1236 3806 qnid
1311 3709 1864 3785 dissentientis
1922 3728 1968 3780 a
2027 3705 2394 3778 membro

845 3831 1356 3929 praecedenti,
1428 3829 1618 3921 quia
1695 3827 1829 3898 ille
1906 3820 2397 3916 simplicitei

845 3951 1353 4030 dissentienS,
1457 3943 1784 4017 omnino
1869 3961 2024 4013 non
2105 3936 2397 4029 recipit

850 4069 1497 4144 Sacramentum,
1588 4066 1666 4134 et
1744 4058 1920 4130 ideo
2027 4056 2398 4129 cessante

845 4186 1210 4258 dissensu
1285 4185 1501 4255 esset
1588 4174 2077 4268 simpliciter
2144 4169 2401 4263 bapti-

846 4311 1169 4385 zandus.
1249 4307 1410 4377 [ste
1479 4321 1701 4381 vero,
1769 4295 1956 4388 quia
2009 4290 2401 4384 simplici-

850 4434 978 4502 ter
1010 4422 1450 4499 consensit,
1499 4419 1689 4489 licet
1741 4412 2177 4485 secundum
2238 4409 2401 4496 quid

851 4542 1302 4620 dissentiat,
1366 4538 1488 4608 est
1557 4530 2044 4624 baptizatuS,
2104 4529 2184 4599 et
2244 4543 2402 4595 ces-

851 4662 1081 4732 sante
1132 4656 1497 4727 dissensu
1552 4646 1691 4720 illo
1739 4642 2173 4717 secundum
2206 4637 2394 4726 quid,

849 4795 1006 4847 non
1075 4777 1200 4845 est
1241 4749 2156 4857 iterumgbaptizandus.⁴

944 4891 1025 4966 Si
1096 4889 1272 4983 quis
1341 4889 1613 4958 autem
1692 4900 1851 4952 non
1940 4869 2401 4948 consentiat

859 5012 1180 5082 tantum
1227 5001 1628 5094 negative,
1683 4997 1859 5069 dico
1939 4991 2143 5085 quod
2205 4985 2399 5060 reci*-

580 5169 762 5219 usne„
864 5129 977 5220 pit
1004 5129 1204 5200 Saci
1209 5124 1650 5199 amentum,
1688 5115 1755 5187 si
1796 5106 2211 5186 consensit
2243 5105 2404 5176 vir-

557 5231 770 5282 intentio

536 5295 788 5348 virtualis,

857 5243 1220 5325 tualiter,
1265 5239 1452 5332 quia
1498 5230 1759 5308 noluit
1790 5232 2004 5303 Deus
2039 5223 2402 5313 obligare

858 5361 1270 5436 hominem
1312 5358 1406 5429 ad
1482 5347 2010 5445 impossibile,
2080 5341 2211 5414 vel
2288 5361 2400 5412 se·

851 5480 1191 5554 cundum
1256 5478 1561 5547 statum
1597 5467 1836 5562 hujus
1895 5462 2110 5544 vitae,
2156 5458 2400 5530 nimis

846 5594 1194 5671 difficile.
1231 5595 1461 5666 Nunc
1502 5594 1777 5662 autem
1817 5601 1979 5656 non
2016 5573 2392 5656 distrahi,

2042 401 2184 463 [AB.
2221 402 2318 462 lV.
2350 401 2945 466 SEN'I'ENTIARUM

2519 560 2760 633 nimis
2819 561 3137 634 videtur
3164 560 3493 657 difficile
3534 562 3819 635 homini
3865 585 3958 655 pro

2517 682 2764 757 statu,
2803 678 2990 770 quia
3026 679 3460 752 secundum
3510 680 3959 770 Augustinum

2512 796 2576 864 3.
2613 796 2706 866 de
2747 794 2978 868 liber.
3018 796 3256 870 arbit.
3311 800 3464 864 Non
3511 810 3599 863 est
3634 801 3701 865 in
3735 801 3965 865 volunta·

2515 923 2574 977 te
2639 925 2891 995 nostra,
2965 916 3127 1001 quin
3174 917 3336 981 visis
3386 926 3775 1002 tarwanam,-
3832 932 3965 1004 ergo

2513 1026 2773 1101 noluit
2842 1032 3056 1102 Deus
3109 1029 3456 1102 salutem
3530 1029 3845 1102 hominis
3887 1053 3970 1123 po-

2515 1165 2708 1218 nere
2767 1146 2848 1218 in
2890 1145 3051 1219 ista
3100 1146 3587 1228 conditione,
3642 1151 3699 1214 si
3758 1171 3865 1214 non
3912 1150 3973 1214 di-

2513 1266 2878 1332 strahatur.
2936 1265 3100 1335 Nec
3131 1281 3329 1355 ergo
3390 1262 3650 1336 voluit
3703 1262 3973 1352 obligare

2513 1399 2721 1461 eum,
2794 1382 2997 1472 quod
3049 1379 3132 1451 in
3191 1379 3700 1472 suscipiendo
3738 1380 3971 1470 Baptis-

2518 1517 2760 1579 mum,
2842 1519 3005 1571 non
3073 1497 3722 1578 distraheretur;
3782 1503 3845 1569 et
3897 1497 3970 1569 ita

2514 1619 2639 1689 est
2683 1615 3265 1689 universaliter
3341 1615 3420 1687 in
3505 1614 3686 1686 aliis
3766 1616 3970 1687 Sacra·

2518 1731 2838 1805 mentis.
2890 1733 3282 1805 Sacerdos
3316 1731 3582 1805 etiam
3652 1732 3728 1804 in
3780 1750 3970 1803 conse-

2515 1847 2813 1920 crando
2884 1846 3517 1929 Eucharistiam‚
3556 1867 3711 1919 non
3755 1845 3971 1935 obliga·

2515 1968 2651 2037 tur
2727 1963 3224 2050 (necessario
3318 1962 3528 2044 dico)
3592 1963 3684 2034 ad
3747 1962 3870 2033 hoc
3919 1966 3971 2031 ut

2513 2093 2673 2145 non
2779 2073 2884 2144 sit
2976 2072 3488 2153 distractus;
3559 2092 3741 2143 vere
3822 2069 3968 2141 enim

2514 2186 2836 2263 conficit
2937 2189 3409 2268 distractus,
3500 2189 3680 2260 dum
3781 2188 3973 2257 tamen

2513 2307 2739 2399 prius
2785 2305 3175 2378 induendo
3220 2327 3329 2386 se,
3370 2304 3805 2377 intenderet
3840 2302 3973 2374 cele·

2513 2424 2754 2495 brare
2823 2421 3167 2504 Missam,
3242 2421 3675 2493 secundum
3741 2438 3973 2491 morem

2516 2535 2925 2611 Ecclesiae.

2597 2657 2694 2728 Et
2730 2654 2795 2725 si
2843 2672 3188 2744 quaeras,
3217 2654 3393 2724 esto
3429 2652 3636 2744 quod
3675 2669 3818 2721 non
3845 2667 3972 2720 con-

2513 2771 2870 2842 sentiens
2906 2766 3370 2850 actualiter,
3419 2770 3687 2839 tamen
3727 2780 3972 2836 consen·

2513 2888 2723 2962 tiens
2804 2883 3278 2959 virtualiter
3361 2885 3487 2971 (eo
3583 2880 3794 2953 modo
3868 2897 3971 2969 quo

2513 3003 2872 3097 positum
2904 3006 3030 3074 est
3098 2998 3559 3090 exemplum
3617 2999 3701 3071 de
3772 3000 3973 3070 Sacer·

2509 3121 2692 3193 dote
2773 3118 3260 3204 celebrante)
3331 3116 3674 3209 recipiat
3738 3114 3973 3206 Baptis-

2512 3258 2757 3319 mum,
2813 3234 3197 3327 numquid
3231 3236 3309 3305 et
3388 3232 3526 3305 ille
3584 3232 3710 3325 qui
3780 3230 3972 3302 solum

2511 3352 2921 3426 consentit
2953 3349 3493 3423 habitualiter
3527 3349 3850 3440 recipit?
3900 3342 3972 3413 di-

2512 3467 2841 3541 stinctio
2886 3469 3156 3538 autem
3238 3465 3616 3546 istorum,
3675 3465 3973 3533 virtualiter

2508 3592 2588 3660 et
2656 3588 3111 3665 habitae-liter,
3153 3587 3373 3675 patet
3407 3589 3471 3651 2.
3556 3585 3664 3652 tib.
3724 3583 3855 3648 dist.
3894 3577 4002 3655 41ης

2509 3705 2608 3774 Et
2662 3706 2838 3774 esto
2882 3699 3085 3792 quod
3131 3698 3269 3780 sic,
3316 3699 3690 3791 numquid
3723 3694 3858 3776 ille,
3880 3688 3968 3783 qui

2508 3821 2828 3892 tantum
2870 3815 3245 3907 negative
3285 3834 3446 3887 non
3487 3811 3877 3890 consentit,
3886 3827 3971 3878 nc·

2513 3934 2784 4026 gative
2825 3932 3074 4006 etiam
3134 3951 3294 4003 non
3351 3930 3713 4003 dissentit
3767 3934 3797 3999 ⁴?
3840 3919 4013 4016 quiae

2512 4071 2655 4122 nec
2687 4053 2986 4129 actum,
3015 4069 3159 4120 nec
3193 4046 3557 4121 habitum
3593 4042 3965 4137 oppositum

2514 4165 2775 4238 habet.
2821 4167 2936 4237 De
2978 4163 3244 4256 primo
3299 4166 3574 4255 posset
3626 4158 3786 4240 dici,
3827 4150 3966 4248 quod

2514 4282 2707 4355 talis
2803 4282 3219 4374 judicatur
3284 4279 3789 4352 liabitualiter
3841 4289 3967 4345 con·

2515 4399 2897 4482 sentienS,
3004 4398 3189 4491 quia
3265 4395 3681 4490 aliquando
3762 4384 3967 4460 habuit

2515 4535 3000 4589 consensum
3087 4512 3518 4597 actualem,
3613 4527 3753 4582 non
3790 4506 3962 4576 inter·

2519 4632 2885 4706 veniente
2959 4630 3369 4712 dissensu;
3451 4634 3532 4703 et
3585 4623 3777 4704 talis,
3832 4617 3964 4690 licet

2519 4756 2753 4825 utens
2825 4748 3168 4829 ratione,
3224 4746 3521 4839 recipit
3589 4748 3961 4819 Sacramen-

2515 4873 2712 4949 tum,
2750 4866 2937 4958 quia
2968 4884 3130 4937 non
3160 4862 3483 4936 videtur
3536 4860 3839 4954 propter
3860 4846 3957 4921 ali·

2517 5005 2757 5079 quam
2797 4982 3340 5056 conditionem
3371 4977 3629 5050 minus
3648 4989 3886 5066 capax,
3911 4960 3954 5034 si

2516 5103 2780 5177 utitur
2815 5100 3159 5180 ratione,
3189 5118 3434 5191 quam
3467 5096 3536 5171 si
3576 5091 3769 5188 prius
3790 5101 3949 5159 usus,
4004 5149 4015 5158 .

2519 5237 2680 5291 non
2730 5221 3015 5292 utatur
3070 5234 3326 5295 nunc;
3394 5211 3632 5285 sedin
3672 5202 3802 5279 tali
3845 5211 3952 5270 non
3994 5277 3999 5281 ,

2518 5340 2794 5410 utente
2824 5354 3059 5415 nunc,
3083 5353 3131 5425 p
3147 5331 3611 5420 riustamen
3630 5342 3783 5403 uso,
3805 5308 3949 5388 suffi-

2516 5455 2738 5526 ceret
2778 5447 3218 5522 habitualis
3243 5462 3689 5523 consensus;
3717 5451 3873 5524 ergo
3899 5430 3949 5496 θῑ
3979 5461 4007 5510 a

2517 5569 2672 5642 hic.
2724 5571 2838 5643 De
2871 5564 3459 5652 secundo,licet
3496 5555 3779 5637 difficile
3800 5543 3947 5621 esset
