4255 6375
1461 885 2424 1135 INDEX

339 1388 1113 1498 DISTINOTIONUM
1159 1419 1280 1494 ΕΤ
1323 1413 1986 1512 QUAESTIONUM
2037 1411 2303 1487 LIBRI
2339 1408 2706 1506 QUAR'I'I
2754 1401 3538 1483 SENTENTIARUM.

348 1787 642 1844 Praefatio
684 1829 697 1842 .
779 1828 791 1841 .
875 1829 887 1840 .

365 2649 701 2715 QUAES‘mo
744 2649 785 2703 1.

741 2835 811 2890 11.

739 3023 839 3077 111.

736 3222 830 3277 1v.

753 3413 822 3467 V.

744 3511 837 3565 VI.

748 3606 874 3661 Vll.

372 4240 713 4312 QUAESTIO
751 4240 791 4293 1.

757 4334 826 4388 11.

391 4980 737 5054 QUAESTIO
777 4982 816 5036 1.

775 5269 845 5324 11.

776 5478 871 5532 111.

769 5574 863 5628 lV.

970 1808 3365 1840 ..........................
3515 1763 3542 1819 1

1459 2108 2046 2183 DISTINCTIO
2113 2102 2454 2176 PRIMA

975 2356 1204 2410 Textus
1234 2348 1519 2419 Magistri
1551 2343 2015 2402 Sententiarum
2028 2368 3373 2395 ...............
3520 2324 3558 2380 5

968 2444 1259 2502 Praefatio
1299 2441 1570 2497 Doctoris
1602 2439 1861 2497 Subtilis
1939 2460 3380 2494 ................
3527 2420 3563 2474 8

974 2548 1055 2600 De
1085 2543 1485 2599 Sacramento
1516 2540 1583 2594 in
1615 2551 1851 2607 genere
1930 2561 3377 2590 ................
3492 2518 3563 2574 12

969 2643 1063 2697 An
1095 2645 1382 2697 cteatura
1415 2637 1608 2708 possit
1638 2632 1870 2690 habere
1901 2631 2180 2703 aliquam
2210 2628 2517 2685 actionem
2541 2627 2833 2696 respectu
2865 2619 3121 2678 termini
3155 2616 3384 2673 creati-

1080 2737 1177 2792 nis
1180 2749 3379 2794 ........................
3494 2708 3566 2764 12

967 2754 1189 2887 Uti-um
1238 2825 1371 2881 haec
1419 2825 1502 2881 sit
1557 2822 1714 2879 ratio
1761 2816 2088 2875 definitiva
2141 2811 2528 2871 Sacramenti
2580 2822 2768 2881 quam
2817 2805 2993 2879 ponit
3029 2803 3327 2871 Magister
3360 2815 3374 2852 :

1038 2923 1469 2979 Sacramentum
1501 2922 1581 2972 cst
1612 2916 1919 2971 invisibilis
1947 2914 2148 2982 qratia}
2174 2909 2415 2964 visibilis
2442 2908 2632 2975 forma
2704 2934 3384 2961 ........
3493 2890 3566 2944 99

962 3016 1187 3074 Utrum
1218 3027 1331 3085 pro
1362 3014 1637 3083 tempore
1670 3008 1980 3078 cujusque
2011 3005 2177 3074 legis
2207 3018 2242 3059 a
2274 3004 2395 3058 Deo
2425 2999 2605 3066 datae,
2638 2994 2930 3053 debuerit
2972 2988 3220 3048 institui
3272 2986 3395 3044 ali-

1039 3115 1202 3187 quod
1233 3115 1708 3170 Sacramentum
1745 3129 3388 3165 ..................
3468 3087 3575 3143 122

960 3215 1187 3272 Utrum
1209 3213 1292 3269 sit
1313 3209 1609 3281 possibile
1627 3204 1881 3278 aliquod
1906 3206 2376 3261 Sacramentum
2403 3201 2982 3270 quantumcumque
3012 3191 3386 3262 perfectum,

1042 3303 1273 3360 habere
1301 3299 1728 3355 causalitatem
1761 3295 2030 3352 activam
2064 3294 2351 3364 respectu
2393 3288 2613 3360 gratiae
2642 3282 3038 3342 conferendae
3091 3323 3106 3338 .
3185 3322 3200 3337 .
3281 3320 3295 3336 .
3373 3319 3388 3334 .
3471 3276 3576 3332 139

1000 3409 1095 3463 An
1135 3399 1431 3474 possibile
1461 3399 1540 3455 sit
1572 3399 1635 3453 in
1668 3397 2062 3452 Sacramento
2092 3406 2230 3449 esse
2257 3392 2563 3449 virtutem
2596 3384 3141 3458 supernaturalem
3186 3423 3202 3439 .
3284 3422 3299 3438 .
3379 3421 3395 3436 .
3473 3376 3577 3432 140

966 3506 1185 3562 Utrum
1219 3502 1285 3555 in
1326 3496 1819 3556 circumcisione
1851 3508 1926 3549 ex
1953 3494 2020 3548 vi
2053 3491 2189 3561 ejus
2219 3489 2443 3547 collata
2473 3487 2668 3544 fuerit
2699 3486 2900 3556 gratia
2907 3519 3385 3540 ......
3468 3475 3575 3531 195

978 3600 1204 3656 Utrum
1253 3601 1532 3667 tempore
1578 3593 1740 3662 legis
1788 3591 2031 3644 naturae
2080 3585 2275 3642 fuerit
2329 3580 2583 3654 aliquod
2639 3582 3118 3652 Sacramentum
3180 3590 3397 3633 corre-

1054 3693 1363 3768 spondens
1393 3686 1869 3748 Circumcisioni
1943 3714 3383 3742 ................
3461 3672 3569 3727 232

1419 3894 2010 3974 DISTINCTIO
2066 3889 2551 3965 SECUNDA

982 4141 1210 4195 Textus
1237 4133 1520 4204 Magistri
1555 4127 2026 4187 Sententiarum
2044 4159 3391 4182 ...............
3465 4120 3577 4178 236

987 4235 1206 4291 Utrum
1242 4227 1641 4286 Sacramenta
1674 4237 1851 4280 novae
1882 4219 2042 4290 legis
2074 4217 2340 4274 habeant
2370 4215 2716 4273 efficaciam
2743 4230 2785 4289 ⁴a
2817 4215 3050 4273 Christi
3078 4220 3388 4289 passione.
3463 4221 3572 4279 238

988 4328 1214 4384 Utrum
1261 4322 1610 4394 baptizatus
1655 4318 1962 4388 baptismo
2008 4316 2286 4382 Joannis,
2321 4315 2672 4370 necessario
2721 4314 3048 4372 tenebatur
3094 4316 3400 4388 baptizari

1059 4427 1366 4499 baptismo
1394 4421 1624 4479 Christi
1658 4457 3389 4477 ...................
3466 4424 3576 4481 263

1471 4654 2063 4731 DISTINCTIO
2116 4651 2502 4723 TERTIA

991 4890 1219 4944 Textus
1246 4888 1529 4957 Magistri
1575 4890 2036 4946 Sententiarum
2067 4923 3404 4946 ...............
3478 4882 3589 4940 269

993 4982 1086 5032 An
1121 4976 1233 5032 illa
1278 4976 1555 5035 definitio
1591 4979 1879 5050 baptismi
1912 4981 1992 5036 sit
2021 4979 2297 5050 propria,
2330 4989 2515 5047 quam
2557 4975 2733 5045 ponit
2763 4974 3078 5043 Magister,
3120 4975 3396 5033 scilicet:

1086 5078 1430 5147 Baptismus
1470 5082 1565 5134 est
1598 5078 1815 5134 tinctio
1845 5079 2124 5149 corporis
2155 5075 2447 5142 exterior,
2481 5073 2640 5131 facta
2689 5071 2802 5129 sub
2849 5071 3048 5129 forma
3078 5074 3414 5132 verborum

1077 5168 1438 5237 praescripta
1499 5210 1511 5223 .
1592 5209 1607 5224 .
1687 5208 1701 5224 .
1781 5206 1801 5223 ,ν
1877 5202 3410 5224 .................
3486 5170 3593 5226 274

1002 5267 1223 5323 Utrum
1274 5266 1406 5322 haec
1456 5268 1538 5323 sit
1583 5267 1843 5337 praecisa
1884 5265 2081 5321 forma
2129 5263 2418 5334 baptismi
2464 5279 2477 5316 :
2535 5263 2659 5330 Ego
2703 5261 2949 5332 baptizo
2980 5263 3037 5316 te
3069 5261 3417 5318 innomine

1089 5366 1287 5427 Patris
1324 5368 1385 5421 et
1423 5365 1561 5421 Filii
1594 5369 1654 5423 et
1682 5365 1952 5435 Spiritus
1994 5364 2197 5420 Sancti
2260 5401 3412 5419 .............
3490 5363 3599 5420 282

999 5474 1093 5528 An
1125 5472 1253 5527 sola
1284 5483 1445 5540 aqua
1476 5465 1780 5522 naturalis
1818 5477 1972 5533 pura
2003 5464 2085 5520 sit
2112 5461 2492 5518 conveniens
2532 5460 2792 5517 materia
2827 5460 3119 5530 Baptismi
3199 5502 3212 5517 .
3293 5503 3308 5518 .
3387 5504 3401 5517 .
3490 5464 3597 5520 323

991 5569 1218 5627 Utrum
1260 5563 1570 5623 institutio
1598 5560 1893 5633 Baptismi
1925 5562 2186 5614 evacuet
2227 5556 2780 5612 circumcisionem
2823 5598 2836 5613 .
2919 5598 2933 5612 .
3014 5598 3026 5612 .
3109 5570 3138 5613 .·
3206 5599 3219 5613 .
3299 5600 3314 5615 .
3394 5600 3409 5615 .
3485 5560 3593 5617 333
