4255 6375
1331 403 1657 464 Dls'r.1v‚
1707 401 2066 478 QUAESTlo
2119 403 2191 463 V.
3277 400 3395 463 447

177 562 224 626 ri
280 560 463 627 fidem
521 583 633 648 per
682 564 918 629 realem
951 565 1416 650 ·receptionem
1471 568 1698 629 Sacra-

173 676 396 763 menti)
429 698 575 744 esse
618 679 1137 765 impetratorium
1175 703 1293 744 suo
1345 681 1555 757 modo,
1598 701 1701 744 ra—

169 792 325 856 tione
355 792 571 876 operis
600 805 663 858 et
692 791 1056 879 dignitatis,
1096 795 1158 858 in
1192 816 1319 881 qua
1357 814 1697 879 personam

170 906 509 972 constituit.
567 909 748 985 ltem,
796 909 966 974 sicut
1009 910 1236 975 merita
1286 910 1697 987 mortificata,

169 1033 220 1084 et
252 1020 411 1085 bona
443 1042 640 1106 opera
681 1045 760 1088 ex
801 1023 928 1089 fide
959 1024 1122 1089 facta
1167 1025 1231 1088 in
1264 1036 1437 1090 statu
1484 1045 1705 1111 pecca-

169 1135 229 1212 ti,
291 1147 564 1221 possunt
639 1159 785 1204 esse
857 1139 1159 1206 meritum
1232 1151 1555 1206 remotum
1626 1139 1705 1203 de

168 1262 468 1330 congruo,
539 1248 710 1314 unde
755 1249 921 1313 Deus
963 1251 1205 1316 tribuat
1245 1251 1525 1337 gratiam
1567 1270 1709 1333 puc-

172 1359 554 1428 nitentiae'ad
579 1366 1057 1450 resurgendum
1089 1387 1123 1429 a
1151 1378 1439 1451 peccato,
1477 1385 1706 1451 quam-

173 1475 261 1541 vis
301 1476 404 1542 illa
456 1478 522 1543 in
565 1471 633 1545 re
665 1480 794 1546 sint
837 1483 1189 1566 praeterita‚
1228 1483 1321 1546 sic
1364 1481 1558 1546 etiam
1600 1482 1708 1543 Ba-

173 1592 430 1677 ptismus
492 1607 702 1682 potest
758 1595 837 1663 de
894 1618 1185 1684 congruo
1235 1597 1585 1682 disponere
1629 1596 1709 1660 ad

176 1710 432 1794 primam
482 1712 761 1797 gratiam
821 1714 1203 1799 ampliorem
1238 1713 1705 1801 recipiendam,

178 1827 464 1913 quamvis
499 1831 905 1914 praeteritum
941 1832 1052 1898 sit.

254 1943 431 2009 Dices
462 1945 821 2011 secundum
859 1950 1193 2014 Ductorem
1228 1969 1452 2033 supra,
1491 1951 1712 2014 Sacra-

180 2071 375 2124 menta
415 2077 687 2127 causant
726 2064 1003 2147 gratiam
1042 2086 1152 2151 per
1194 2064 1459 2130 modum
1498 2066 1717 2150 dispo-

180 2176 419 2243 sitionis
463 2181 770 2264 proevitc;
828 2200 987 2266 ergo
1026 2181 1079 2246 si
1125 2182 1497 2266 Baptismus
1544 2202 1717 2266 prac-

181 2295 389 2362 teritus
420 2298 617 2362 habet
657 2319 727 2363 se
767 2311 834 2363 ut
875 2298 1371 2385 dispositionem
1409 2311 1714 2385 respectu

181 2413 392 2496 gratiae
423 2414 891 2499 subsequentis
926 2437 1038 2501 pet·
1072 2415 1715 2501 1›‹e11ite11tiam,ean1

182 2543 384 2594 causat
478 2543 547 2595 ut
645 2534 1156 2597 Sacramentum.
1237 2530 1713 2616 Respondetur,

186 2646 424 2729 quando
469 2645 910 2724 Sacramenta,
977 2657 1046 2711 ut
1112 2661 1381 2712 causant
1439 2648 1716 2730 gratiam

189 2782 287 2844 per
344 2765 607 2830 modum
671 2765 1065 2829 Sacramenti
1135 2785 1274 2828 cam
1325 2776 1592 2829 causant
1651 2772 1720 2828 ut

193 2878 510 2964 dispositio
545 2880 971 2958 necessitatis,
1008 2893 1064 2944 et
1101 2881 1196 2944 sic
1237 2901 1387 2944 vere
1419 2891 1713 2955 causant,

195 3009 251 3058 ut
288 2996 543 3062 realiter
585 3018 705 3062 suo
748 2997 938 3062 modo
983 3009 1134 3062 sunt
1176 2996 1241 3061 in
1273 2998 1449 3078 fieri,
1507 2996 1618 3062 sed
1653 3009 1721 3062 ut

193 3114 496 3196 praeterita
531 3134 658 3178 non
694 3113 1087 3178 necessitant
1150 3111 1228 3177 ad
1270 3112 1547 3197 gratiam
1600 3115 1723 3178 lioc

195 3227 383 3309 modO,
445 3229 560 3295 sed
597 3229 980 3317 prenitentia
1031 3242 1128 3295 est
1184 3251 1332 3316 quae
1376 3229 1721 3295 necessitat

192 3345 574 3430 simpliciter,
656 3358 719 3412 et
788 3363 857 3412 ut
924 3347 1235 3433 supponit
1317 3348 1717 3433 Baptismum

195 3460 518 3543 perfectius
559 3475 815 3529 causat.

267 3579 464 3660 Dices,
521 3602 681 3667 ergo
733 3602 881 3647 cum
925 3600 1185 3665 semper
1226 3592 1562 3665 supponat
1609 3582 1721 3643 Ba-

194 3692 504 3775 ptismum,
571 3697 663 3762 sic
719 3700 912 3762 etiam
974 3716 1232 3781 semper
1294 3694 1587 3762 causabit
1657 3695 1719 3758 in

192 3808 391 3876 eodem
424 3813 658 3899 gradu,
699 3826 1015 3901 quantum
1047 3820 1145 3879 est
1177 3834 1257 3878 ex
1288 3810 1720 3897 dispositione

191 3925 500 4010 Baptismi.
573 3930 1023 4016 Respondetur
1121 3928 1422 4015 negando
1487 3947 1719 3992 conse-

191 4043 526 4126 quentiam,
596 4045 749 4131 quia
809 4046 959 4111 licet
1025 4046 1242 4111 omnia
1308 4047 1723 4109 Sacramenta

197 4174 542 4245 supponant
585 4163 987 4249 Baptismum
1021 4162 1141 4227 hoc
1179 4160 1392 4233 modo,
1460 4172 1530 4225 ut
1569 4161 1723 4225 sub-

191 4271 407 4355 jectum
456 4279 542 4344 sit
592 4299 796 4363 capax
837 4280 1433 4354 Sacramentorum,
1500 4288 1715 4341 tamen

198 4390 581 4461 Sacramenta
649 4395 1035 4461 ordinantur
1077 4392 1152 4458 ad
1215 4393 1514 4457 diversos
1575 4392 1724 4458 effe-

199 4518 343 4589 ειυς,
383 4511 459 4577 ad
500 4534 664 4601 quos
710 4511 1076 4597 specialiter
1119 4530 1246 4573 non
1303 4509 1450 4576 facit
1505 4510 1720 4595 Bapti-

172 4641 393 4717 {smu83
435 4630 513 4696 ad
573 4629 849 4715 primam
913 4641 1128 4692 tamen
1179 4626 1722 4713 justificationem

202 4735 480 4828 hominis,
529 4768 676 4835 quae
708 4757 806 4811 est
847 4744 1117 4810 effectus
1158 4743 1461 4829 specialis
1505 4742 1723 4828 Bapti-

200 4859 324 4937 smi,
357 4865 718 4951 specialiter
738 4862 1046 4948 disponit,
1085 4882 1159 4926 ac
1189 4861 1462 4947 proinde
1494 4859 1705 4947 poeni-

174 4966 396 5058 'tentia,
448 5004 530 5049 ex
580 4982 769 5067 cujus
829 4979 1117 5045 efficacia
1174 4979 1452 5044 habetur
1503 4978 1726 5062 prima

208 5088 564 5179 Simpliciter
615 5096 999 5186 justificatio
1068 5095 1133 5160 in
1209 5115 1365 5161 casu
1414 5092 1718 5169 fictionis,

205 5205 493 5282 efficacior
561 5227 660 5283 est
728 5215 794 5279 in
853 5234 928 5278 eo
1006 5233 1184 5290 casu,
1249 5231 1442 5298 quam
1531 5210 1717 5290 aliaS,

207 5330 435 5407 quando
463 5333 570 5401 dat
600 5330 954 5400 secundam
974 5327 1538 5416 justificationem,
1577 5348 1726 5413 quae

211 5456 321 5508 non
357 5461 597 5535 spectat
628 5449 707 5516 ad
750 5447 1178 5535 Baptismum.

285 5554 448 5633 Ratio
482 5582 603 5650 est,
657 5568 810 5655 quia
857 5564 1075 5655 passio
1115 5562 1356 5630 Christi
1399 5574 1469 5630 ιιι
1515 5563 1723 5649 appli-

1820 579 1931 630 tur
1972 564 2049 628 ad
2103 563 2378 649 primam
2415 562 2979 648 justificationem,
3033 563 3381 648 perfectius
3431 586 3719 638 Pet-sectius

1816 680 2181 763 applicatur
2253 701 2364 764 per
2437 680 2887 763 poenitentiam
2966 680 3382 765 supplentem

1818 794 2144 860 defectum
2197 796 2532 880 Baptismi,
2598 816 2793 881 quam
2839 817 2917 861 ex
2972 796 3232 882 propria
3275 796 3383 860 in-

1821 913 2166 978 stitutione
2241 913 2633 998 regulariter
2714 934 2854 978 eam
2933 913 3216 998 applicat
3304 913 3384 978 ad

1821 1027 2174 1092 secundam
2237 1027 2773 1113 justificationem
2827 1049 2861 1094 a
2909 1042 3177 1115 peccato
3239 1040 3387 1116 post

1823 1143 2224 1227 Baptismum
2283 1142 2660 1208 commisso.
2731 1144 2883 1207 Ilaec
2945 1155 3161 1206 autem
3196 1138 3387 1207 diffe-

1824 1258 2028 1323 rentia
2092 1259 2302 1324 oritur
2366 1259 2616 1325 ratione
2680 1258 2992 1344 Baptismi
3076 1259 3387 1343 suscepti,

1828 1389 1894 1439 ut
1926 1395 2236 1460 congrum
2276 1374 2766 1460 dispositionis;
2823 1374 2997 1440 unde
3031 1376 3202 1441 sicut
3258 1395 3385 1440 non

1824 1491 1944 1556 suit
1992 1491 2309 1576 applicata
2362 1491 2579 1577 passio
2650 1491 2933 1577 perfecte
3002 1512 3116 1578 per
3173 1492 3388 1578 ipsum

1826 1605 2180 1685 lavacrum,
2264 1607 2435 1693 quod
2508 1627 2634 1671 non
2706 1606 3385 1693 regeneravitapec-

1824 1739 1967 1786 cato
1990 1743 2070 1787 ex
2105 1723 2579 1808 impedimento
2623 1722 2932 1802 fictionis,
3007 1743 3386 1808 congruum

1827 1852 1926 1904 est
1975 1840 2219 1904 «livinae
2277 1840 2746 1906 misericordioe
2805 1853 2867 1905 et
2898 1839 3012 1904 fini
3056 1838 3378 1905 instituti-

1827 1958 1973 2020 onis
2031 1959 2630 2038 Sacramentorum,
2709 1969 2776 2022 ut
2826 1956 2934 2022 ille
2975 1955 3389 2035 defectuS,et

1832 2072 2138 2137 inchoata
2179 2072 2522 2158 applicatio
2555 2074 2937 2159 suppleatur
2966 2073 3250 2158 perfecte
3276 2094 3390 2160 per

1834 2189 2313 2273 poenitentiam,
2371 2209 2484 2273 per
2525 2209 2717 2274 quam
2769 2188 3021 2254 deletur
3081 2188 3278 2254 fictio,

1927 2303 2003 2389 (f)
2044 2304 2177 2369 Sed
2226 2316 2459 2369 contra
2509 2306 2628 2370 lzoc
2675 2307 3006 2391 arquitur,
3069 2318 3191 2372 eto.
3266 2308 3387 2392 Op-

1839 2421 2021 2506 ponit
2068 2424 2320 2498 Doctor,
2378 2421 2549 2508 quod
2599 2423 2747 2488 talis
2796 2423 3065 2488 haberet
3103 2443 3387 2488 commo-

1831 2535 1983 2600 dum
2064 2557 2145 2602 ex
2215 2537 2500 2603 fictione.
2576 2539 2950 2625 Respondet
3016 2538 3391 2624 dupliciter,

1837 2653 2137 2738 negando
2171 2656 2405 2740 primo,
2448 2654 2600 2741 quia
2643 2677 2838 2741 opera
2863 2657 3006 2742 ejus
3036 2669 3192 2722 sunt
3223 2677 3394 2722 mor·

1830 2786 1940 2837 tua
1982 2770 2045 2834 in
2096 2792 2172 2835 eo
2216 2772 2628 2844 statu,donec
2652 2773 2964 2837 surrexit.
3017 2773 3396 2859 Respondet

1833 2877 2146 2957 secundo,
2220 2879 2389 2964 quod
2461 2878 2712 2944 nullum
2745 2878 3162 2945 commodum
3196 2880 3393 2946 etiam

1835 2996 2057 3082 lapsus
2136 3010 2282 3081 post
2338 2996 2737 3082 Baptismum
2811 2996 2934 3063 rite
2992 3010 3394 3084 susceptum,
3476 3037 3483 3040 -

1834 3127 1896 3179 ct
1957 3133 2311 3193 resurgens
2347 3133 2459 3197 per
2493 3114 2944 3200 poenitcntiam
2983 3115 3203 3196 habet,
3245 3116 3397 3182 licet

1834 3244 2166 3316 recuperet
2213 3231 2409 3294 etiam
2450 3231 2727 3316 gratiam
2798 3230 3279 3315 baptismalem,
3328 3245 3390 3299 et

1833 3346 2075 3433 aliquid
2135 3349 2440 3434 amplius,
2508 3347 2785 3424 nullum,
2850 3348 3142 3433 inquam,
3208 3370 3388 3414 com-

1787 3456 2096 3521 ·modum
2160 3478 2233 3521 ex
2310 3457 2527 3541 lapsu;
2598 3458 2763 3521 hanc
2796 3458 3265 3523 remittitinfra
3296 3457 3388 3523 ad

1833 3573 1989 3637 disc.
2035 3576 2143 3636 212.
2222 3573 2327 3637 ubi
2390 3573 2524 3658 agit
2564 3573 2643 3638 de
2677 3573 3140 3640 reviviscentia
3190 3575 3390 3640 meri-

1833 3700 2049 3753 torum
2120 3710 2235 3773 per
2307 3689 2784 3772 poenitentiam.

1923 3807 2215 3890 vasquez
2267 3805 2477 3890 rejicit
2520 3804 2695 3870 illam
2728 3805 3187 3891 objectionem,
3242 3808 3393 3893 quia

1832 3918 2001 4005 quod
2070 3921 2390 4005 reciperet
2460 3920 2877 3986 commodum
2960 3944 3038 3988 ex
3125 3920 3391 3988 fictione

1832 4038 1995 4103 ultra
2055 4037 2215 4103 illud
2294 4038 2463 4124 quod
2535 4039 2764 4125 recipit
2807 4058 2935 4104 non
3000 4038 3216 4120 fictuS,
3266 4039 3382 4106 sed

1833 4168 1977 4241 post
2009 4155 2413 4241 Baptismum
2452 4156 2673 4242 lapsus
2713 4169 2776 4222 et
2819 4176 3203 4243 resurgenS,
3264 4177 3394 4223 non

1829 4273 2048 4350 refert,
2116 4273 2306 4338 modo
2380 4274 2541 4338 alias
2593 4272 2740 4338 talis
2799 4272 3092 4339 efficacia
3155 4273 3387 4360 Bapti-

1833 4409 1976 4453 smo
2042 4388 2425 4454 ostendatur
2454 4401 2845 4473 competere.
2884 4392 3123 4455 Verum
3169 4410 3392 4476 neque

1837 4506 1959 4572 hoc
1988 4505 2405 4570 commodum
2458 4508 2691 4570 Doctor
2723 4504 3002 4571 intendit
3052 4506 3142 4572 ibi
3189 4507 3391 4593 recipi

1838 4643 1951 4707 per
2013 4622 2436 4706 Baptismum,
2478 4620 2587 4686 sed
2622 4642 2738 4707 per
2788 4621 3263 4707 poenitentiam,
3330 4636 3396 4690 et

1835 4738 2125 4823 alioquin
2160 4749 2333 4803 esset
2367 4738 2862 4817 inconveniens,
2911 4750 2980 4805 ut
3010 4760 3093 4805 ex
3126 4739 3395 4807 fictione

1841 4854 2160 4939 reciperet
2209 4853 2623 4921 commodum
2701 4876 2838 4941 prae
2896 4877 2995 4935 eo,
3069 4857 3184 4944 qui
3264 4878 3394 4923 non

1836 4986 1935 5041 est
1997 4976 2212 5055 fictuS,
2277 4976 2445 5042 sicut
2513 4977 2995 5044 inconveniens
3031 4990 3228 5059 esset,
3274 5000 3400 5045 cae·

1838 5094 1995 5158 teris
2032 5092 2332 5179 paribuS,
2384 5105 2455 5159 ut
2486 5093 2708 5178 lapsus
2743 5094 3062 5181 reciperet
3101 5116 3390 5161 commo-

1842 5208 1991 5275 dum
2026 5231 2105 5275 ex
2139 5209 2351 5295 lapsu,
2406 5210 2579 5296 quod
2632 5231 2758 5277 non
2806 5211 3122 5298 reciperet
3171 5234 3394 5300 perse-

1841 5347 2114 5405 verans;
2157 5328 2277 5392 hoc
2319 5327 2491 5392 enim
2533 5340 2706 5393 esset
2732 5340 2960 5393 contra
2996 5330 3139 5396 vias
3172 5330 3396 5395 Domi-

1838 5444 1927 5523 ni,
1974 5464 2121 5530 quae
2164 5456 2330 5510 sunt
2372 5444 2815 5511 misericordia
2837 5458 2900 5511 et
2938 5447 3206 5514 veritas,
3263 5450 3393 5513 Ne-

1838 5582 1942 5626 mo
1981 5560 2157 5626 enim
2191 5560 2517 5646 peccando
2561 5560 2633 5627 fit
2671 5560 2900 5629 melior
2938 5581 3151 5652 neque
3170 5564 3385 5651 magis

3430 650 3718 723 applicatur

3469 728 3684 827 aazia

3541 2329 3621 2380 37.
