<?xml version="1.0" encoding="UTF-8"?>
<!DOCTYPE html PUBLIC "-//W3C//DTD XHTML 1.0 Transitional//EN"
    "http://www.w3.org/TR/xhtml1/DTD/xhtml1-transitional.dtd">
<html xmlns="http://www.w3.org/1999/xhtml" xml:lang="en" lang="en">
 <head>
  <title>
</title>
<meta http-equiv="Content-Type" content="text/html;charset=utf-8" />
  <meta name='ocr-system' content='tesseract 3.04.00' />
  <meta name='ocr-capabilities' content='ocr_page ocr_carea ocr_par ocr_line ocrx_word'/>
</head>
<body>
  <div class='ocr_page' id='page_1' title='image "./joannisdunsscot02waddgoog_0557.png"; bbox 0 0 4255 6375; ppageno 0'>
   <div class='ocr_carea' id='block_1_1' title="bbox 1424 363 2342 441">
    <p class='ocr_par' dir='ltr' id='par_1_1' title="bbox 1424 363 2342 441">
     <span class='ocr_line' id='line_1_1' title="bbox 1424 363 2342 441; baseline -0.001 -12"><span class='ocrx_word' id='word_1_1' title='bbox 1424 367 1623 433; x_wconf 79' lang='lat' dir='ltr'><strong>DIST.</strong></span> <span class='ocrx_word' id='word_1_2' title='bbox 1688 367 1791 428; x_wconf 83' lang='lat' dir='ltr'>vl.</span> <span class='ocrx_word' id='word_1_3' title='bbox 1842 363 2208 441; x_wconf 81' lang='lat' dir='ltr'><strong>QUAESTIO</strong></span> <span class='ocrx_word' id='word_1_4' title='bbox 2265 364 2342 428; x_wconf 83' lang='lat'>11.</span> 
     </span>
    </p>
   </div>
   <div class='ocr_carea' id='block_1_2' title="bbox 3373 360 3494 424">
    <p class='ocr_par' dir='ltr' id='par_1_2' title="bbox 3373 360 3494 424">
     <span class='ocr_line' id='line_1_2' title="bbox 3373 360 3494 424; baseline -0.017 0"><span class='ocrx_word' id='word_1_5' title='bbox 3373 360 3494 424; x_wconf 84' lang='lat'>555</span> 
     </span>
    </p>
   </div>
   <div class='ocr_carea' id='block_1_3' title="bbox 259 509 3514 625">
    <p class='ocr_par' dir='ltr' id='par_1_3' title="bbox 259 509 3514 625">
     <span class='ocr_line' id='line_1_3' title="bbox 259 509 3514 625; baseline -0.002 -28"><span class='ocrx_word' id='word_1_6' title='bbox 259 526 716 617; x_wconf 80' lang='lat' dir='ltr'>actiones,</span> <span class='ocrx_word' id='word_1_7' title='bbox 759 538 840 607; x_wconf 87' lang='lat' dir='ltr'>et</span> <span class='ocrx_word' id='word_1_8' title='bbox 896 534 1169 625; x_wconf 89' lang='lat' dir='ltr'>plures</span> <span class='ocrx_word' id='word_1_9' title='bbox 1227 509 1653 621; x_wconf 64' lang='lat' dir='ltr'>Bap&#39;tismi.</span> <span class='ocrx_word' id='word_1_10' title='bbox 1712 524 1858 599; x_wconf 82' lang='lat' dir='ltr'>Sed</span> <span class='ocrx_word' id='word_1_11' title='bbox 1965 524 2092 595; x_wconf 87' lang='lat' dir='ltr'>vel</span> <span class='ocrx_word' id='word_1_12' title='bbox 2152 523 2350 605; x_wconf 76' lang='lat' dir='ltr'>duae,</span> <span class='ocrx_word' id='word_1_13' title='bbox 2420 523 2512 595; x_wconf 89' lang='lat' dir='ltr'>de</span> <span class='ocrx_word' id='word_1_14' title='bbox 2576 522 2727 595; x_wconf 91' lang='lat' dir='ltr'>hoc</span> <span class='ocrx_word' id='word_1_15' title='bbox 2789 520 3017 594; x_wconf 87' lang='lat' dir='ltr'>debet</span> <span class='ocrx_word' id='word_1_16' title='bbox 3074 518 3358 592; x_wconf 88' lang='lat' dir='ltr'>haberi</span> <span class='ocrx_word' id='word_1_17' title='bbox 3406 517 3514 591; x_wconf 91' lang='lat' dir='ltr'>di-</span> 
     </span>
    </p>
   </div>
   <div class='ocr_carea' id='block_1_4' title="bbox 239 643 1853 1671">
    <p class='ocr_par' dir='ltr' id='par_1_4' title="bbox 239 643 1853 1671">
     <span class='ocr_line' id='line_1_4' title="bbox 245 643 1852 739; baseline -0.001 -26"><span class='ocrx_word' id='word_1_18' title='bbox 245 648 774 735; x_wconf 87' lang='lat' dir='ltr'>oppositum</span> <span class='ocrx_word' id='word_1_19' title='bbox 833 649 1178 730; x_wconf 84' lang='lat' dir='ltr'>videtur,</span> <span class='ocrx_word' id='word_1_20' title='bbox 1250 645 1436 739; x_wconf 90' lang='lat' dir='ltr'>quia</span> <span class='ocrx_word' id='word_1_21' title='bbox 1503 663 1663 715; x_wconf 90' lang='lat' dir='ltr'>non</span> <span class='ocrx_word' id='word_1_22' title='bbox 1732 643 1852 713; x_wconf 90' lang='lat' dir='ltr'>est</span> 
     </span>
     <span class='ocr_line' id='line_1_5' title="bbox 239 758 1853 847; baseline -0.002 -16"><span class='ocrx_word' id='word_1_23' title='bbox 239 758 425 832; x_wconf 86' lang='lat' dir='ltr'>nisi</span> <span class='ocrx_word' id='word_1_24' title='bbox 491 765 753 838; x_wconf 87' lang='lat' dir='ltr'>unica</span> <span class='ocrx_word' id='word_1_25' title='bbox 814 763 1106 847; x_wconf 86' lang='lat' dir='ltr'>forma,</span> <span class='ocrx_word' id='word_1_26' title='bbox 1170 783 1358 834; x_wconf 88' lang='lat' dir='ltr'>nam</span> <span class='ocrx_word' id='word_1_27' title='bbox 1399 759 1645 832; x_wconf 88' lang='lat' dir='ltr'>verba</span> <span class='ocrx_word' id='word_1_28' title='bbox 1682 760 1853 830; x_wconf 91' lang='lat' dir='ltr'>tan-</span> 
     </span>
     <span class='ocr_line' id='line_1_6' title="bbox 244 875 1850 973; baseline -0.002 -25"><span class='ocrx_word' id='word_1_29' title='bbox 244 879 446 950; x_wconf 89' lang='lat' dir='ltr'>tum</span> <span class='ocrx_word' id='word_1_30' title='bbox 526 886 729 955; x_wconf 86' lang='lat' dir='ltr'>sunt</span> <span class='ocrx_word' id='word_1_31' title='bbox 802 880 1050 955; x_wconf 90' lang='lat' dir='ltr'>semel</span> <span class='ocrx_word' id='word_1_32' title='bbox 1137 878 1488 973; x_wconf 90' lang='lat' dir='ltr'>prolata.</span> <span class='ocrx_word' id='word_1_33' title='bbox 1566 875 1850 946; x_wconf 85' lang='lat' dir='ltr'>Posset</span> 
     </span>
     <span class='ocr_line' id='line_1_7' title="bbox 242 993 1850 1089; baseline -0.007 -22"><span class='ocrx_word' id='word_1_34' title='bbox 242 998 572 1067; x_wconf 82' lang='lat' dir='ltr'>tamen</span> <span class='ocrx_word' id='word_1_35' title='bbox 644 998 905 1089; x_wconf 80' lang='lat' dir='ltr'>magis</span> <span class='ocrx_word' id='word_1_36' title='bbox 973 994 1324 1077; x_wconf 75' lang='lat' dir='ltr'>concedi,</span> <span class='ocrx_word' id='word_1_37' title='bbox 1392 993 1592 1087; x_wconf 88' lang='lat' dir='ltr'>quod</span> <span class='ocrx_word' id='word_1_38' title='bbox 1665 994 1850 1063; x_wconf 89' lang='lat' dir='ltr'>sunt</span> 
     </span>
     <span class='ocr_line' id='line_1_8' title="bbox 240 1107 1846 1207; baseline 0.002 -26"><span class='ocrx_word' id='word_1_39' title='bbox 240 1110 578 1202; x_wconf 85' lang='lat' dir='ltr'>plures</span> <span class='ocrx_word' id='word_1_40' title='bbox 666 1114 1106 1207; x_wconf 85' lang='lat' dir='ltr'>Baptismi,</span> <span class='ocrx_word' id='word_1_41' title='bbox 1203 1111 1538 1185; x_wconf 89' lang='lat' dir='ltr'>tenendo</span> <span class='ocrx_word' id='word_1_42' title='bbox 1629 1107 1846 1185; x_wconf 81' lang='lat' dir='ltr'>illud,</span> 
     </span>
     <span class='ocr_line' id='line_1_9' title="bbox 246 1228 1853 1320; baseline -0.002 -24"><span class='ocrx_word' id='word_1_43' title='bbox 246 1229 491 1317; x_wconf 88' lang='lat' dir='ltr'>quod</span> <span class='ocrx_word' id='word_1_44' title='bbox 553 1228 861 1303; x_wconf 88' lang='lat' dir='ltr'>dictum</span> <span class='ocrx_word' id='word_1_45' title='bbox 895 1234 1044 1312; x_wconf 89' lang='lat' dir='ltr'>est,</span> <span class='ocrx_word' id='word_1_46' title='bbox 1102 1229 1305 1320; x_wconf 90' lang='lat' dir='ltr'>quod</span> <span class='ocrx_word' id='word_1_47' title='bbox 1374 1229 1853 1300; x_wconf 80' lang='lat' dir='ltr'>Sacramen-</span> 
     </span>
     <span class='ocr_line' id='line_1_10' title="bbox 242 1344 1848 1439; baseline -0.002 -24"><span class='ocrx_word' id='word_1_48' title='bbox 242 1346 451 1416; x_wconf 84' lang='lat' dir='ltr'>tum</span> <span class='ocrx_word' id='word_1_49' title='bbox 534 1347 946 1439; x_wconf 88' lang='lat' dir='ltr'>Baptismi</span> <span class='ocrx_word' id='word_1_50' title='bbox 1003 1350 1127 1419; x_wconf 93' lang='lat' dir='ltr'>est</span> <span class='ocrx_word' id='word_1_51' title='bbox 1177 1344 1620 1437; x_wconf 81' lang='lat' dir='ltr'>baptizatio</span> <span class='ocrx_word' id='word_1_52' title='bbox 1676 1361 1848 1433; x_wconf 89' lang='lat' dir='ltr'>pas·</span> 
     </span>
     <span class='ocr_line' id='line_1_11' title="bbox 250 1453 1847 1551; baseline -0.006 -18"><span class='ocrx_word' id='word_1_53' title='bbox 250 1459 489 1533; x_wconf 82' lang='lat' dir='ltr'>siva.</span> <span class='ocrx_word' id='word_1_54' title='bbox 573 1464 674 1535; x_wconf 87' lang='lat' dir='ltr'>Et</span> <span class='ocrx_word' id='word_1_55' title='bbox 725 1466 915 1535; x_wconf 88' lang='lat' dir='ltr'>tunc</span> <span class='ocrx_word' id='word_1_56' title='bbox 975 1463 1069 1533; x_wconf 89' lang='lat' dir='ltr'>ad</span> <span class='ocrx_word' id='word_1_57' title='bbox 1112 1462 1687 1551; x_wconf 75' lang='lat' dir='ltr'>argumentum</span> <span class='ocrx_word' id='word_1_58' title='bbox 1742 1453 1847 1526; x_wconf 88' lang='lat' dir='ltr'>di-</span> 
     </span>
     <span class='ocr_line' id='line_1_12' title="bbox 252 1572 1850 1671; baseline -0.004 -22"><span class='ocrx_word' id='word_1_59' title='bbox 252 1579 665 1659; x_wconf 88' lang='lat' dir='ltr'>cendum,</span> <span class='ocrx_word' id='word_1_60' title='bbox 704 1579 911 1671; x_wconf 91' lang='lat' dir='ltr'>quod</span> <span class='ocrx_word' id='word_1_61' title='bbox 966 1598 1127 1650; x_wconf 90' lang='lat' dir='ltr'>non</span> <span class='ocrx_word' id='word_1_62' title='bbox 1163 1579 1491 1669; x_wconf 75' lang='lat' dir='ltr'>oportet</span> <span class='ocrx_word' id='word_1_63' title='bbox 1543 1574 1636 1645; x_wconf 88' lang='lat' dir='ltr'>ad</span> <span class='ocrx_word' id='word_1_64' title='bbox 1677 1572 1850 1665; x_wconf 86' lang='lat' dir='ltr'>plu-</span> 
     </span>
    </p>
   </div>
   <div class='ocr_carea' id='block_1_5' title="bbox 256 1689 1875 1785">
    <p class='ocr_par' dir='ltr' id='par_1_5' title="bbox 256 1689 1875 1785">
     <span class='ocr_line' id='line_1_13' title="bbox 256 1689 1875 1785; baseline -0.004 -21"><span class='ocrx_word' id='word_1_65' title='bbox 256 1693 850 1767; x_wconf 82' lang='lat' dir='ltr'>rificationem</span> <span class='ocrx_word' id='word_1_66' title='bbox 928 1693 1306 1785; x_wconf 79' lang='lat' dir='ltr'>alicujuS,</span> <span class='ocrx_word' id='word_1_67' title='bbox 1355 1689 1626 1763; x_wconf 87' lang='lat' dir='ltr'>omnia</span> <span class='ocrx_word' id='word_1_68' title='bbox 1681 1709 1875 1781; x_wconf 37' lang='lat' dir='ltr'>quae„</span> 
     </span>
    </p>
   </div>
   <div class='ocr_carea' id='block_1_6' title="bbox 252 1804 1854 5628">
    <p class='ocr_par' dir='ltr' id='par_1_6' title="bbox 252 1804 1854 2482">
     <span class='ocr_line' id='line_1_14' title="bbox 256 1804 1852 1901; baseline -0.002 -23"><span class='ocrx_word' id='word_1_69' title='bbox 256 1813 477 1881; x_wconf 88' lang='lat' dir='ltr'>sunt</span> <span class='ocrx_word' id='word_1_70' title='bbox 555 1809 635 1880; x_wconf 92' lang='lat' dir='ltr'>in</span> <span class='ocrx_word' id='word_1_71' title='bbox 705 1809 870 1890; x_wconf 78' lang='lat' dir='ltr'>illo,</span> <span class='ocrx_word' id='word_1_72' title='bbox 951 1806 1430 1901; x_wconf 84' lang='lat' dir='ltr'>plurificari‚</span> <span class='ocrx_word' id='word_1_73' title='bbox 1520 1804 1651 1877; x_wconf 86' lang='lat' dir='ltr'>sed</span> <span class='ocrx_word' id='word_1_74' title='bbox 1697 1804 1852 1876; x_wconf 89' lang='lat' dir='ltr'>suf-</span> 
     </span>
     <span class='ocr_line' id='line_1_15' title="bbox 252 1921 1851 2018; baseline -0.003 -23"><span class='ocrx_word' id='word_1_75' title='bbox 252 1924 451 1999; x_wconf 83' lang='lat' dir='ltr'>ficit</span> <span class='ocrx_word' id='word_1_76' title='bbox 506 1925 840 2018; x_wconf 85' lang='lat' dir='ltr'>aliquod</span> <span class='ocrx_word' id='word_1_77' title='bbox 891 1946 1180 1998; x_wconf 88' lang='lat' dir='ltr'>eorum</span> <span class='ocrx_word' id='word_1_78' title='bbox 1224 1921 1704 2018; x_wconf 86' lang='lat' dir='ltr'>plurificari,</span> <span class='ocrx_word' id='word_1_79' title='bbox 1758 1921 1851 1991; x_wconf 93' lang='lat' dir='ltr'>ad</span> 
     </span>
     <span class='ocr_line' id='line_1_16' title="bbox 258 2038 1853 2132; baseline -0.001 -23"><span class='ocrx_word' id='word_1_80' title='bbox 258 2041 428 2112; x_wconf 88' lang='lat' dir='ltr'>hoc</span> <span class='ocrx_word' id='word_1_81' title='bbox 527 2040 739 2131; x_wconf 91' lang='lat' dir='ltr'>quod</span> <span class='ocrx_word' id='word_1_82' title='bbox 790 2043 1057 2112; x_wconf 89' lang='lat' dir='ltr'>totum</span> <span class='ocrx_word' id='word_1_83' title='bbox 1130 2038 1669 2132; x_wconf 85' lang='lat' dir='ltr'>plurificetur.</span> <span class='ocrx_word' id='word_1_84' title='bbox 1752 2038 1853 2107; x_wconf 89' lang='lat' dir='ltr'>Et</span> 
     </span>
     <span class='ocr_line' id='line_1_17' title="bbox 261 2152 1853 2243; baseline -0.003 -17"><span class='ocrx_word' id='word_1_85' title='bbox 261 2155 425 2226; x_wconf 89' lang='lat' dir='ltr'>illa</span> <span class='ocrx_word' id='word_1_86' title='bbox 474 2155 737 2229; x_wconf 88' lang='lat' dir='ltr'>etiam</span> <span class='ocrx_word' id='word_1_87' title='bbox 799 2155 1067 2227; x_wconf 89' lang='lat' dir='ltr'>forma</span> <span class='ocrx_word' id='word_1_88' title='bbox 1137 2174 1298 2225; x_wconf 91' lang='lat' dir='ltr'>non</span> <span class='ocrx_word' id='word_1_89' title='bbox 1366 2157 1490 2226; x_wconf 90' lang='lat' dir='ltr'>est</span> <span class='ocrx_word' id='word_1_90' title='bbox 1549 2152 1853 2243; x_wconf 90' lang='lat' dir='ltr'>simpli-</span> 
     </span>
     <span class='ocr_line' id='line_1_18' title="bbox 261 2269 1854 2365; baseline -0.004 -20"><span class='ocrx_word' id='word_1_91' title='bbox 261 2272 501 2346; x_wconf 84' lang='lat' dir='ltr'>citer</span> <span class='ocrx_word' id='word_1_92' title='bbox 560 2292 741 2355; x_wconf 90' lang='lat' dir='ltr'>una,</span> <span class='ocrx_word' id='word_1_93' title='bbox 798 2273 985 2365; x_wconf 91' lang='lat' dir='ltr'>quia</span> <span class='ocrx_word' id='word_1_94' title='bbox 1036 2271 1120 2363; x_wconf 86' lang='lat' dir='ltr'>ly</span> <span class='ocrx_word' id='word_1_95' title='bbox 1202 2296 1309 2338; x_wconf 73' lang='lat' dir='ltr'>vos</span> <span class='ocrx_word' id='word_1_96' title='bbox 1378 2269 1712 2342; x_wconf 90' lang='lat' dir='ltr'>includit</span> <span class='ocrx_word' id='word_1_97' title='bbox 1774 2269 1854 2340; x_wconf 90' lang='lat' dir='ltr'>in</span> 
     </span>
     <span class='ocr_line' id='line_1_19' title="bbox 267 2387 1848 2482; baseline -0.003 -21"><span class='ocrx_word' id='word_1_98' title='bbox 267 2412 362 2462; x_wconf 87' lang='lat' dir='ltr'>se</span> <span class='ocrx_word' id='word_1_99' title='bbox 455 2389 885 2481; x_wconf 81' lang='lat' dir='ltr'>singulare</span> <span class='ocrx_word' id='word_1_100' title='bbox 955 2388 1264 2482; x_wconf 90' lang='lat' dir='ltr'>pluries</span> <span class='ocrx_word' id='word_1_101' title='bbox 1317 2387 1848 2479; x_wconf 83' lang='lat' dir='ltr'>geminatum.</span> 
     </span>
    </p>

    <p class='ocr_par' dir='ltr' id='par_1_7' title="bbox 269 2501 1852 5142">
     <span class='ocr_line' id='line_1_20' title="bbox 368 2501 1848 2582; baseline -0.003 -5"><span class='ocrx_word' id='word_1_102' title='bbox 368 2506 508 2577; x_wconf 90' lang='lat' dir='ltr'>An</span> <span class='ocrx_word' id='word_1_103' title='bbox 592 2508 865 2579; x_wconf 88' lang='lat' dir='ltr'>autem</span> <span class='ocrx_word' id='word_1_104' title='bbox 962 2524 1201 2577; x_wconf 91' lang='lat' dir='ltr'>casus</span> <span class='ocrx_word' id='word_1_105' title='bbox 1305 2501 1848 2582; x_wconf 28' lang='lat' dir='ltr'>necessitatis,</span> 
     </span>
     <span class='ocr_line' id='line_1_21' title="bbox 274 2618 1852 2715; baseline -0.002 -23"><span class='ocrx_word' id='word_1_106' title='bbox 274 2622 422 2714; x_wconf 91' lang='lat' dir='ltr'>qui</span> <span class='ocrx_word' id='word_1_107' title='bbox 475 2621 801 2715; x_wconf 91' lang='lat' dir='ltr'>positus</span> <span class='ocrx_word' id='word_1_108' title='bbox 854 2625 975 2693; x_wconf 88' lang='lat' dir='ltr'>est</span> <span class='ocrx_word' id='word_1_109' title='bbox 1016 2622 1109 2694; x_wconf 92' lang='lat' dir='ltr'>de</span> <span class='ocrx_word' id='word_1_110' title='bbox 1154 2619 1519 2704; x_wconf 81' lang='lat' dir='ltr'>pluribus</span> <span class='ocrx_word' id='word_1_111' title='bbox 1572 2618 1852 2692; x_wconf 88' lang='lat' dir='ltr'>statim</span> 
     </span>
     <span class='ocr_line' id='line_1_22' title="bbox 276 2735 1851 2820; baseline -0.001 -12"><span class='ocrx_word' id='word_1_112' title='bbox 276 2739 779 2820; x_wconf 88' lang='lat' dir='ltr'>morituris,</span> <span class='ocrx_word' id='word_1_113' title='bbox 865 2743 1296 2812; x_wconf 84' lang='lat' dir='ltr'>excusaret</span> <span class='ocrx_word' id='word_1_114' title='bbox 1381 2735 1851 2809; x_wconf 86' lang='lat' dir='ltr'>ministrum</span> 
     </span>
     <span class='ocr_line' id='line_1_23' title="bbox 269 2855 1851 2943; baseline -0.003 -16"><span class='ocrx_word' id='word_1_115' title='bbox 269 2858 661 2929; x_wconf 88' lang='lat' dir='ltr'>utentem</span> <span class='ocrx_word' id='word_1_116' title='bbox 713 2856 853 2928; x_wconf 90' lang='lat' dir='ltr'>illa</span> <span class='ocrx_word' id='word_1_117' title='bbox 920 2855 1212 2937; x_wconf 82' lang='lat' dir='ltr'>forma,</span> <span class='ocrx_word' id='word_1_118' title='bbox 1284 2858 1566 2943; x_wconf 72' lang='lat' dir='ltr'>Baptizo</span> <span class='ocrx_word' id='word_1_119' title='bbox 1625 2875 1759 2936; x_wconf 84' lang='lat' dir='ltr'>vos,</span> <span class='ocrx_word' id='word_1_120' title='bbox 1805 2871 1851 2922; x_wconf 89' lang='lat' dir='ltr'>a</span> 
     </span>
     <span class='ocr_line' id='line_1_24' title="bbox 276 2968 1851 3064; baseline -0.003 -21"><span class='ocrx_word' id='word_1_121' title='bbox 276 2978 639 3064; x_wconf 89' lang='lat' dir='ltr'>peccato</span> <span class='ocrx_word' id='word_1_122' title='bbox 696 2972 1054 3056; x_wconf 84' lang='lat' dir='ltr'>mortali,</span> <span class='ocrx_word' id='word_1_123' title='bbox 1117 2972 1442 3043; x_wconf 89' lang='lat' dir='ltr'>dubium</span> <span class='ocrx_word' id='word_1_124' title='bbox 1496 2973 1645 3043; x_wconf 91' lang='lat' dir='ltr'>est.</span> <span class='ocrx_word' id='word_1_125' title='bbox 1715 2968 1851 3039; x_wconf 90' lang='lat' dir='ltr'>Vi-</span> 
     </span>
     <span class='ocr_line' id='line_1_25' title="bbox 271 3087 1849 3179; baseline -0.001 -19"><span class='ocrx_word' id='word_1_126' title='bbox 271 3089 840 3162; x_wconf 89' lang='lat' dir='ltr'>deturtamen</span> <span class='ocrx_word' id='word_1_127' title='bbox 901 3088 1051 3162; x_wconf 87' lang='lat' dir='ltr'>hoc</span> <span class='ocrx_word' id='word_1_128' title='bbox 1095 3087 1607 3172; x_wconf 78' lang='lat' dir='ltr'>rationabile,</span> <span class='ocrx_word' id='word_1_129' title='bbox 1664 3087 1849 3179; x_wconf 90' lang='lat' dir='ltr'>quia</span> 
     </span>
     <span class='ocr_line' id='line_1_26' title="bbox 276 3203 1850 3299; baseline -0.002 -21"><span class='ocrx_word' id='word_1_130' title='bbox 276 3227 382 3278; x_wconf 83' lang='lat' dir='ltr'>ex</span> <span class='ocrx_word' id='word_1_131' title='bbox 450 3227 614 3298; x_wconf 91' lang='lat' dir='ltr'>quo</span> <span class='ocrx_word' id='word_1_132' title='bbox 677 3205 758 3278; x_wconf 90' lang='lat' dir='ltr'>in</span> <span class='ocrx_word' id='word_1_133' title='bbox 802 3210 1208 3299; x_wconf 84' lang='lat' dir='ltr'>potestate</span> <span class='ocrx_word' id='word_1_134' title='bbox 1252 3205 1634 3279; x_wconf 78' lang='lat' dir='ltr'>Ecclesiae</span> <span class='ocrx_word' id='word_1_135' title='bbox 1696 3203 1850 3276; x_wconf 84' lang='lat' dir='ltr'>fuit</span> 
     </span>
     <span class='ocr_line' id='line_1_27' title="bbox 278 3320 1849 3395; baseline -0.001 -2"><span class='ocrx_word' id='word_1_136' title='bbox 278 3321 846 3395; x_wconf 89' lang='lat' dir='ltr'>determinare</span> <span class='ocrx_word' id='word_1_137' title='bbox 954 3321 1197 3394; x_wconf 88' lang='lat' dir='ltr'>istam</span> <span class='ocrx_word' id='word_1_138' title='bbox 1296 3320 1649 3394; x_wconf 89' lang='lat' dir='ltr'>formam</span> <span class='ocrx_word' id='word_1_139' title='bbox 1754 3321 1849 3392; x_wconf 89' lang='lat' dir='ltr'>ad</span> 
     </span>
     <span class='ocr_line' id='line_1_28' title="bbox 283 3437 1847 3530; baseline 0.001 -21"><span class='ocrx_word' id='word_1_140' title='bbox 283 3437 433 3511; x_wconf 91' lang='lat' dir='ltr'>illa</span> <span class='ocrx_word' id='word_1_141' title='bbox 488 3440 766 3522; x_wconf 81' lang='lat' dir='ltr'>verba,</span> <span class='ocrx_word' id='word_1_142' title='bbox 812 3444 1097 3529; x_wconf 74' lang='lat' dir='ltr'>Baptizo</span> <span class='ocrx_word' id='word_1_143' title='bbox 1142 3453 1223 3520; x_wconf 78' lang='lat' dir='ltr'>te,</span> <span class='ocrx_word' id='word_1_144' title='bbox 1263 3438 1503 3530; x_wconf 83' lang='lat' dir='ltr'>(sicut</span> <span class='ocrx_word' id='word_1_145' title='bbox 1544 3438 1847 3511; x_wconf 91' lang='lat' dir='ltr'>dictum</span> 
     </span>
     <span class='ocr_line' id='line_1_29' title="bbox 285 3553 1850 3648; baseline -0.001 -22"><span class='ocrx_word' id='word_1_146' title='bbox 285 3557 413 3626; x_wconf 91' lang='lat' dir='ltr'>est</span> <span class='ocrx_word' id='word_1_147' title='bbox 482 3576 735 3648; x_wconf 90' lang='lat' dir='ltr'>supra</span> <span class='ocrx_word' id='word_1_148' title='bbox 776 3557 932 3625; x_wconf 81' lang='lat' dir='ltr'>disc.</span> <span class='ocrx_word' id='word_1_149' title='bbox 996 3557 1061 3626; x_wconf 88' lang='lat'>3.</span> <span class='ocrx_word' id='word_1_150' title='bbox 1108 3568 1332 3644; x_wconf 79' lang='lat' dir='ltr'>quoesc.</span> <span class='ocrx_word' id='word_1_151' title='bbox 1382 3556 1481 3643; x_wconf 74' lang='lat'>2.)</span> <span class='ocrx_word' id='word_1_152' title='bbox 1541 3574 1701 3624; x_wconf 91' lang='lat' dir='ltr'>non</span> <span class='ocrx_word' id='word_1_153' title='bbox 1740 3553 1850 3625; x_wconf 82' lang='lat' dir='ltr'>vi-</span> 
     </span>
     <span class='ocr_line' id='line_1_30' title="bbox 284 3669 1847 3765; baseline -0.002 -22"><span class='ocrx_word' id='word_1_154' title='bbox 284 3671 560 3753; x_wconf 88' lang='lat' dir='ltr'>detur,</span> <span class='ocrx_word' id='word_1_155' title='bbox 610 3673 815 3763; x_wconf 87' lang='lat' dir='ltr'>quod</span> <span class='ocrx_word' id='word_1_156' title='bbox 857 3673 1032 3765; x_wconf 87' lang='lat' dir='ltr'>ipsa</span> <span class='ocrx_word' id='word_1_157' title='bbox 1085 3671 1440 3743; x_wconf 85' lang='lat' dir='ltr'>voluerit</span> <span class='ocrx_word' id='word_1_158' title='bbox 1498 3669 1847 3762; x_wconf 81' lang='lat' dir='ltr'>aliquem</span> 
     </span>
     <span class='ocr_line' id='line_1_31' title="bbox 293 3786 1848 3882; baseline -0.003 -24"><span class='ocrx_word' id='word_1_159' title='bbox 293 3787 411 3860; x_wconf 86' lang='lat' dir='ltr'>ita</span> <span class='ocrx_word' id='word_1_160' title='bbox 474 3788 819 3882; x_wconf 78' lang='lat' dir='ltr'>praecise</span> <span class='ocrx_word' id='word_1_161' title='bbox 890 3790 983 3860; x_wconf 93' lang='lat' dir='ltr'>ad</span> <span class='ocrx_word' id='word_1_162' title='bbox 1044 3787 1270 3858; x_wconf 90' lang='lat' dir='ltr'>illam</span> <span class='ocrx_word' id='word_1_163' title='bbox 1329 3786 1690 3860; x_wconf 88' lang='lat' dir='ltr'>formam</span> <span class='ocrx_word' id='word_1_164' title='bbox 1723 3805 1848 3856; x_wconf 89' lang='lat' dir='ltr'>ar-</span> 
     </span>
     <span class='ocr_line' id='line_1_32' title="bbox 291 3903 1848 3998; baseline 0 -24"><span class='ocrx_word' id='word_1_165' title='bbox 291 3908 555 3986; x_wconf 85' lang='lat' dir='ltr'>ctare,</span> <span class='ocrx_word' id='word_1_166' title='bbox 626 3909 715 3978; x_wconf 89' lang='lat' dir='ltr'>ut</span> <span class='ocrx_word' id='word_1_167' title='bbox 779 3926 925 3998; x_wconf 87' lang='lat' dir='ltr'>per</span> <span class='ocrx_word' id='word_1_168' title='bbox 990 3905 1141 3976; x_wconf 92' lang='lat' dir='ltr'>hoc</span> <span class='ocrx_word' id='word_1_169' title='bbox 1201 3903 1446 3977; x_wconf 89' lang='lat' dir='ltr'>alicui</span> <span class='ocrx_word' id='word_1_170' title='bbox 1508 3903 1848 3996; x_wconf 71' lang='lat' dir='ltr'>praeclu—</span> 
     </span>
     <span class='ocr_line' id='line_1_33' title="bbox 289 4020 1846 4094; baseline -0.001 -3"><span class='ocrx_word' id='word_1_171' title='bbox 289 4020 636 4094; x_wconf 84' lang='lat' dir='ltr'>deretur</span> <span class='ocrx_word' id='word_1_172' title='bbox 701 4023 835 4093; x_wconf 86' lang='lat' dir='ltr'>via</span> <span class='ocrx_word' id='word_1_173' title='bbox 905 4022 1221 4094; x_wconf 88' lang='lat' dir='ltr'>salutis.</span> <span class='ocrx_word' id='word_1_174' title='bbox 1287 4023 1515 4093; x_wconf 87' lang='lat' dir='ltr'>Nunc</span> <span class='ocrx_word' id='word_1_175' title='bbox 1575 4025 1846 4092; x_wconf 88' lang='lat' dir='ltr'>autem</span> 
     </span>
     <span class='ocr_line' id='line_1_34' title="bbox 297 4134 1846 4230; baseline 0.001 -26"><span class='ocrx_word' id='word_1_176' title='bbox 297 4134 378 4206; x_wconf 93' lang='lat' dir='ltr'>in</span> <span class='ocrx_word' id='word_1_177' title='bbox 443 4156 637 4209; x_wconf 88' lang='lat' dir='ltr'>casu</span> <span class='ocrx_word' id='word_1_178' title='bbox 720 4138 1135 4230; x_wconf 78' lang='lat' dir='ltr'>praedicte,</span> <span class='ocrx_word' id='word_1_179' title='bbox 1209 4136 1452 4209; x_wconf 89' lang='lat' dir='ltr'>alicui</span> <span class='ocrx_word' id='word_1_180' title='bbox 1515 4136 1846 4209; x_wconf 90' lang='lat' dir='ltr'>illorum</span> 
     </span>
     <span class='ocr_line' id='line_1_35' title="bbox 294 4252 1848 4344; baseline 0.002 -22"><span class='ocrx_word' id='word_1_181' title='bbox 294 4252 830 4341; x_wconf 62' lang='lat' dir='ltr'>praecluditur</span> <span class='ocrx_word' id='word_1_182' title='bbox 897 4253 1144 4334; x_wconf 87' lang='lat' dir='ltr'>salus,</span> <span class='ocrx_word' id='word_1_183' title='bbox 1211 4253 1275 4325; x_wconf 87' lang='lat' dir='ltr'>si</span> <span class='ocrx_word' id='word_1_184' title='bbox 1353 4271 1512 4324; x_wconf 90' lang='lat' dir='ltr'>non</span> <span class='ocrx_word' id='word_1_185' title='bbox 1573 4257 1848 4344; x_wconf 88' lang='lat' dir='ltr'>posset</span> 
     </span>
     <span class='ocr_line' id='line_1_36' title="bbox 296 4368 1848 4462; baseline 0.002 -24"><span class='ocrx_word' id='word_1_186' title='bbox 296 4368 599 4462; x_wconf 90' lang='lat' dir='ltr'>aliquis</span> <span class='ocrx_word' id='word_1_187' title='bbox 670 4370 841 4443; x_wconf 91' lang='lat' dir='ltr'>sine</span> <span class='ocrx_word' id='word_1_188' title='bbox 922 4375 1256 4461; x_wconf 87' lang='lat' dir='ltr'>peccato</span> <span class='ocrx_word' id='word_1_189' title='bbox 1326 4369 1660 4442; x_wconf 87' lang='lat' dir='ltr'>mortali</span> <span class='ocrx_word' id='word_1_190' title='bbox 1730 4370 1848 4443; x_wconf 89' lang='lat' dir='ltr'>uti</span> 
     </span>
     <span class='ocr_line' id='line_1_37' title="bbox 298 4484 1846 4576; baseline 0.001 -21"><span class='ocrx_word' id='word_1_191' title='bbox 298 4484 459 4558; x_wconf 73' lang='lat' dir='ltr'>ista</span> <span class='ocrx_word' id='word_1_192' title='bbox 503 4486 772 4560; x_wconf 81' lang='lat' dir='ltr'>forma</span> <span class='ocrx_word' id='word_1_193' title='bbox 816 4511 830 4554; x_wconf 90' lang='lat'>:</span> <span class='ocrx_word' id='word_1_194' title='bbox 876 4491 1159 4576; x_wconf 76' lang='lat' dir='ltr'>Baptizo</span> <span class='ocrx_word' id='word_1_195' title='bbox 1209 4511 1339 4555; x_wconf 72' lang='lat' dir='ltr'>vos,</span> <span class='ocrx_word' id='word_1_196' title='bbox 1404 4488 1613 4558; x_wconf 86' lang='lat' dir='ltr'>Nam</span> <span class='ocrx_word' id='word_1_197' title='bbox 1657 4486 1726 4559; x_wconf 85' lang='lat' dir='ltr'>Si</span> <span class='ocrx_word' id='word_1_198' title='bbox 1768 4487 1846 4558; x_wconf 90' lang='lat' dir='ltr'>in</span> 
     </span>
     <span class='ocr_line' id='line_1_38' title="bbox 299 4609 1846 4697; baseline 0.001 -24"><span class='ocrx_word' id='word_1_199' title='bbox 299 4622 807 4696; x_wconf 90' lang='lat' dir='ltr'>quocumque</span> <span class='ocrx_word' id='word_1_200' title='bbox 874 4623 1067 4676; x_wconf 88' lang='lat' dir='ltr'>casu</span> <span class='ocrx_word' id='word_1_201' title='bbox 1139 4609 1354 4677; x_wconf 91' lang='lat' dir='ltr'>esset</span> <span class='ocrx_word' id='word_1_202' title='bbox 1424 4609 1846 4697; x_wconf 89' lang='lat' dir='ltr'>peccatum</span> 
     </span>
     <span class='ocr_line' id='line_1_39' title="bbox 303 4720 1845 4803; baseline 0.001 -13"><span class='ocrx_word' id='word_1_203' title='bbox 303 4721 677 4803; x_wconf 85' lang='lat' dir='ltr'>mortale,</span> <span class='ocrx_word' id='word_1_204' title='bbox 753 4720 1023 4792; x_wconf 91' lang='lat' dir='ltr'>nullus</span> <span class='ocrx_word' id='word_1_205' title='bbox 1108 4720 1431 4794; x_wconf 87' lang='lat' dir='ltr'>deberet</span> <span class='ocrx_word' id='word_1_206' title='bbox 1506 4741 1645 4791; x_wconf 87' lang='lat' dir='ltr'>eos</span> <span class='ocrx_word' id='word_1_207' title='bbox 1732 4720 1845 4792; x_wconf 91' lang='lat' dir='ltr'>sic</span> 
     </span>
     <span class='ocr_line' id='line_1_40' title="bbox 299 4834 1848 4929; baseline 0.001 -24"><span class='ocrx_word' id='word_1_208' title='bbox 299 4835 754 4929; x_wconf 88' lang='lat' dir='ltr'>baptizare;</span> <span class='ocrx_word' id='word_1_209' title='bbox 828 4835 1100 4907; x_wconf 91' lang='lat' dir='ltr'>nullus</span> <span class='ocrx_word' id='word_1_210' title='bbox 1152 4834 1365 4907; x_wconf 91' lang='lat' dir='ltr'>enim</span> <span class='ocrx_word' id='word_1_211' title='bbox 1433 4835 1660 4908; x_wconf 90' lang='lat' dir='ltr'>debet</span> <span class='ocrx_word' id='word_1_212' title='bbox 1728 4855 1848 4908; x_wconf 87' lang='lat' dir='ltr'>sa-</span> 
     </span>
     <span class='ocr_line' id='line_1_41' title="bbox 303 4951 1848 5044; baseline 0 -22"><span class='ocrx_word' id='word_1_213' title='bbox 303 4951 553 5026; x_wconf 74' lang='lat' dir='ltr'>lutem</span> <span class='ocrx_word' id='word_1_214' title='bbox 605 4951 949 5024; x_wconf 88' lang='lat' dir='ltr'>alterius</span> <span class='ocrx_word' id='word_1_215' title='bbox 998 4971 1472 5044; x_wconf 88' lang='lat' dir='ltr'>procurare,</span> <span class='ocrx_word' id='word_1_216' title='bbox 1522 4971 1848 5043; x_wconf 85' lang='lat' dir='ltr'>peccan—</span> 
     </span>
     <span class='ocr_line' id='line_1_42' title="bbox 306 5067 1188 5142; baseline -0.002 -3"><span class='ocrx_word' id='word_1_217' title='bbox 306 5067 398 5139; x_wconf 92' lang='lat' dir='ltr'>do</span> <span class='ocrx_word' id='word_1_218' title='bbox 430 5068 512 5140; x_wconf 91' lang='lat' dir='ltr'>in</span> <span class='ocrx_word' id='word_1_219' title='bbox 564 5088 647 5139; x_wconf 91' lang='lat' dir='ltr'>se</span> <span class='ocrx_word' id='word_1_220' title='bbox 692 5067 1188 5142; x_wconf 89' lang='lat' dir='ltr'>mortaliter.</span> 
     </span>
    </p>

    <p class='ocr_par' dir='ltr' id='par_1_8' title="bbox 311 5183 1848 5628">
     <span class='ocr_line' id='line_1_43' title="bbox 390 5183 1847 5279; baseline -0.001 -20"><span class='ocrx_word' id='word_1_221' title='bbox 390 5187 506 5259; x_wconf 90' lang='lat' dir='ltr'>De</span> <span class='ocrx_word' id='word_1_222' title='bbox 547 5189 842 5279; x_wconf 90' lang='lat' dir='ltr'>quarto</span> <span class='ocrx_word' id='word_1_223' title='bbox 890 5185 1251 5257; x_wconf 87' lang='lat' dir='ltr'>membro</span> <span class='ocrx_word' id='word_1_224' title='bbox 1304 5184 1403 5276; x_wconf 94' lang='lat' dir='ltr'>(b)</span> <span class='ocrx_word' id='word_1_225' title='bbox 1453 5183 1847 5258; x_wconf 90' lang='lat' dir='ltr'>distincti-</span> 
     </span>
     <span class='ocr_line' id='line_1_44' title="bbox 312 5303 1845 5397; baseline 0.002 -24"><span class='ocrx_word' id='word_1_226' title='bbox 312 5304 507 5388; x_wconf 92' lang='lat' dir='ltr'>onis,</span> <span class='ocrx_word' id='word_1_227' title='bbox 569 5306 745 5378; x_wconf 91' lang='lat' dir='ltr'>dico</span> <span class='ocrx_word' id='word_1_228' title='bbox 799 5303 1005 5397; x_wconf 92' lang='lat' dir='ltr'>quod</span> <span class='ocrx_word' id='word_1_229' title='bbox 1058 5304 1126 5377; x_wconf 89' lang='lat' dir='ltr'>si</span> <span class='ocrx_word' id='word_1_230' title='bbox 1184 5305 1505 5396; x_wconf 89' lang='lat' dir='ltr'>tempus</span> <span class='ocrx_word' id='word_1_231' title='bbox 1564 5303 1845 5376; x_wconf 84' lang='lat' dir='ltr'>haberi</span> 
     </span>
     <span class='ocr_line' id='line_1_45' title="bbox 311 5419 1847 5508; baseline 0 -19"><span class='ocrx_word' id='word_1_232' title='bbox 311 5423 572 5508; x_wconf 84' lang='lat' dir='ltr'>potest</span> <span class='ocrx_word' id='word_1_233' title='bbox 612 5422 706 5493; x_wconf 89' lang='lat' dir='ltr'>ad</span> <span class='ocrx_word' id='word_1_234' title='bbox 773 5419 1412 5501; x_wconf 90' lang='lat' dir='ltr'>discernendum,</span> <span class='ocrx_word' id='word_1_235' title='bbox 1459 5440 1560 5490; x_wconf 87' lang='lat' dir='ltr'>an</span> <span class='ocrx_word' id='word_1_236' title='bbox 1630 5439 1847 5490; x_wconf 90' lang='lat' dir='ltr'>mon-</span> 
     </span>
     <span class='ocr_line' id='line_1_46' title="bbox 314 5536 1848 5628; baseline 0.001 -22"><span class='ocrx_word' id='word_1_237' title='bbox 314 5540 569 5626; x_wconf 85' lang='lat' dir='ltr'>strum</span> <span class='ocrx_word' id='word_1_238' title='bbox 627 5537 731 5609; x_wconf 89' lang='lat' dir='ltr'>sit</span> <span class='ocrx_word' id='word_1_239' title='bbox 785 5536 1274 5628; x_wconf 89' lang='lat' dir='ltr'>simpliciter</span> <span class='ocrx_word' id='word_1_240' title='bbox 1305 5555 1464 5606; x_wconf 91' lang='lat' dir='ltr'>una</span> <span class='ocrx_word' id='word_1_241' title='bbox 1498 5555 1848 5627; x_wconf 88' lang='lat' dir='ltr'>persona</span> 
     </span>
    </p>
   </div>
   <div class='ocr_carea' id='block_1_7' title="bbox 1963 635 3856 3176">
    <p class='ocr_par' dir='ltr' id='par_1_9' title="bbox 1963 635 3845 3064">
     <span class='ocr_line' id='line_1_47' title="bbox 1965 635 3520 732; baseline -0.003 -21"><span class='ocrx_word' id='word_1_242' title='bbox 1965 639 2227 731; x_wconf 81' lang='lat' dir='ltr'>ligens</span> <span class='ocrx_word' id='word_1_243' title='bbox 2289 638 2711 732; x_wconf 86' lang='lat' dir='ltr'>inquisitio</span> <span class='ocrx_word' id='word_1_244' title='bbox 2781 641 3216 728; x_wconf 84' lang='lat' dir='ltr'>antequam</span> <span class='ocrx_word' id='word_1_245' title='bbox 3266 635 3520 728; x_wconf 88' lang='lat' dir='ltr'>bapti-</span> 
     </span>
     <span class='ocr_line' id='line_1_48' title="bbox 1963 752 3513 846; baseline -0.003 -17"><span class='ocrx_word' id='word_1_246' title='bbox 1963 763 2220 831; x_wconf 86' lang='lat' dir='ltr'>zetur.</span> <span class='ocrx_word' id='word_1_247' title='bbox 2330 759 2612 831; x_wconf 89' lang='lat' dir='ltr'>Potest</span> <span class='ocrx_word' id='word_1_248' title='bbox 2693 759 2967 829; x_wconf 86' lang='lat' dir='ltr'>autem</span> <span class='ocrx_word' id='word_1_249' title='bbox 3057 752 3513 846; x_wconf 90' lang='lat' dir='ltr'>iniquisitio</span> 
     </span>
     <span class='ocr_line' id='line_1_49' title="bbox 1968 868 3511 965; baseline -0.001 -23"><span class='ocrx_word' id='word_1_250' title='bbox 1968 872 2273 956; x_wconf 87' lang='lat' dir='ltr'>haberi,</span> <span class='ocrx_word' id='word_1_251' title='bbox 2326 874 2456 945; x_wconf 87' lang='lat' dir='ltr'>vel</span> <span class='ocrx_word' id='word_1_252' title='bbox 2523 895 2620 945; x_wconf 81' lang='lat' dir='ltr'>ex</span> <span class='ocrx_word' id='word_1_253' title='bbox 2682 871 3052 965; x_wconf 87' lang='lat' dir='ltr'>partibus</span> <span class='ocrx_word' id='word_1_254' title='bbox 3104 868 3511 963; x_wconf 88' lang='lat' dir='ltr'>corporis,</span> 
     </span>
     <span class='ocr_line' id='line_1_50' title="bbox 1972 986 3513 1081; baseline -0.001 -22"><span class='ocrx_word' id='word_1_255' title='bbox 1972 994 2189 1081; x_wconf 87' lang='lat' dir='ltr'>puta,</span> <span class='ocrx_word' id='word_1_256' title='bbox 2258 989 2320 1061; x_wconf 88' lang='lat' dir='ltr'>si</span> <span class='ocrx_word' id='word_1_257' title='bbox 2387 989 2549 1063; x_wconf 89' lang='lat' dir='ltr'>sint</span> <span class='ocrx_word' id='word_1_258' title='bbox 2606 989 2759 1061; x_wconf 92' lang='lat' dir='ltr'>duo</span> <span class='ocrx_word' id='word_1_259' title='bbox 2812 987 3110 1080; x_wconf 86' lang='lat' dir='ltr'>capita,</span> <span class='ocrx_word' id='word_1_260' title='bbox 3154 986 3282 1058; x_wconf 83' lang='lat' dir='ltr'>vel</span> <span class='ocrx_word' id='word_1_261' title='bbox 3340 986 3513 1058; x_wconf 80' lang='lat' dir='ltr'>duae</span> 
     </span>
     <span class='ocr_line' id='line_1_51' title="bbox 1966 1102 3515 1199; baseline -0.002 -22"><span class='ocrx_word' id='word_1_262' title='bbox 1966 1106 2217 1198; x_wconf 75' lang='lat' dir='ltr'>spinae</span> <span class='ocrx_word' id='word_1_263' title='bbox 2282 1106 2533 1188; x_wconf 89' lang='lat' dir='ltr'>dorsi,</span> <span class='ocrx_word' id='word_1_264' title='bbox 2591 1105 2722 1178; x_wconf 85' lang='lat' dir='ltr'>vel</span> <span class='ocrx_word' id='word_1_265' title='bbox 2801 1103 3252 1199; x_wconf 88' lang='lat' dir='ltr'>principale</span> <span class='ocrx_word' id='word_1_266' title='bbox 3317 1102 3515 1175; x_wconf 89' lang='lat' dir='ltr'>indi-</span> 
     </span>
     <span class='ocr_line' id='line_1_52' title="bbox 1964 1218 3510 1303; baseline -0.003 -10"><span class='ocrx_word' id='word_1_267' title='bbox 1964 1221 2181 1293; x_wconf 88' lang='lat' dir='ltr'>cium</span> <span class='ocrx_word' id='word_1_268' title='bbox 2250 1223 2340 1292; x_wconf 92' lang='lat' dir='ltr'>de</span> <span class='ocrx_word' id='word_1_269' title='bbox 2406 1222 2824 1303; x_wconf 82' lang='lat' dir='ltr'>cordibus3</span> <span class='ocrx_word' id='word_1_270' title='bbox 2890 1219 3022 1293; x_wconf 93' lang='lat' dir='ltr'>sed</span> <span class='ocrx_word' id='word_1_271' title='bbox 3090 1218 3283 1291; x_wconf 90' lang='lat' dir='ltr'>illud</span> <span class='ocrx_word' id='word_1_272' title='bbox 3350 1239 3510 1291; x_wconf 93' lang='lat' dir='ltr'>non</span> 
     </span>
     <span class='ocr_line' id='line_1_53' title="bbox 1966 1335 3505 1427; baseline -0.001 -21"><span class='ocrx_word' id='word_1_273' title='bbox 1966 1339 2235 1427; x_wconf 88' lang='lat' dir='ltr'>potest</span> <span class='ocrx_word' id='word_1_274' title='bbox 2278 1357 2454 1408; x_wconf 90' lang='lat' dir='ltr'>esse</span> <span class='ocrx_word' id='word_1_275' title='bbox 2497 1336 2857 1408; x_wconf 84' lang='lat' dir='ltr'>faciliter</span> <span class='ocrx_word' id='word_1_276' title='bbox 2914 1335 3259 1418; x_wconf 77' lang='lat' dir='ltr'>evidenS,</span> <span class='ocrx_word' id='word_1_277' title='bbox 3320 1335 3505 1406; x_wconf 91' lang='lat' dir='ltr'>dum</span> 
     </span>
     <span class='ocr_line' id='line_1_54' title="bbox 1963 1451 3842 1569; baseline 0.001 -48"><span class='ocrx_word' id='word_1_278' title='bbox 1963 1451 2191 1525; x_wconf 84' lang='lat' dir='ltr'>vivit.</span> <span class='ocrx_word' id='word_1_279' title='bbox 2241 1454 2382 1525; x_wconf 82' lang='lat' dir='ltr'>Sed</span> <span class='ocrx_word' id='word_1_280' title='bbox 2452 1473 2595 1526; x_wconf 90' lang='lat' dir='ltr'>nec</span> <span class='ocrx_word' id='word_1_281' title='bbox 2667 1455 2991 1544; x_wconf 83' lang='lat' dir='ltr'>signum</span> <span class='ocrx_word' id='word_1_282' title='bbox 3058 1452 3149 1524; x_wconf 93' lang='lat' dir='ltr'>de</span> <span class='ocrx_word' id='word_1_283' title='bbox 3200 1452 3505 1523; x_wconf 91' lang='lat' dir='ltr'>duobus</span> <span class='ocrx_word' id='word_1_284' title='bbox 3538 1458 3842 1569; x_wconf 52' lang='lat' dir='ltr'>Duotffiita</span> 
     </span>
     <span class='ocr_line' id='line_1_55' title="bbox 1964 1569 3845 1662; baseline -0.007 -20"><span class='ocrx_word' id='word_1_285' title='bbox 1964 1569 2366 1662; x_wconf 88' lang='lat' dir='ltr'>capitibus</span> <span class='ocrx_word' id='word_1_286' title='bbox 2442 1573 2654 1642; x_wconf 91' lang='lat' dir='ltr'>esset</span> <span class='ocrx_word' id='word_1_287' title='bbox 2736 1569 3064 1641; x_wconf 90' lang='lat' dir='ltr'>omnino</span> <span class='ocrx_word' id='word_1_288' title='bbox 3159 1572 3502 1649; x_wconf 88' lang='lat' dir='ltr'>certum,</span> <span class='ocrx_word' id='word_1_289' title='bbox 3553 1582 3845 1651; x_wconf 57' lang='lat' dir='ltr'>significant</span> 
     </span>
     <span class='ocr_line' id='line_1_56' title="bbox 1966 1657 3839 1781; baseline 0 -24"><span class='ocrx_word' id='word_1_290' title='bbox 1966 1688 2155 1779; x_wconf 87' lang='lat' dir='ltr'>quia</span> <span class='ocrx_word' id='word_1_291' title='bbox 2208 1689 2591 1781; x_wconf 88' lang='lat' dir='ltr'>possibile</span> <span class='ocrx_word' id='word_1_292' title='bbox 2650 1694 2865 1762; x_wconf 87' lang='lat' dir='ltr'>esset</span> <span class='ocrx_word' id='word_1_293' title='bbox 2934 1688 3288 1780; x_wconf 84' lang='lat' dir='ltr'>aliquam</span> <span class='ocrx_word' id='word_1_294' title='bbox 3361 1686 3508 1760; x_wconf 89' lang='lat' dir='ltr'>cel·</span> <span class='ocrx_word' id='word_1_295' title='bbox 3555 1657 3839 1778; x_wconf 53' lang='grc' dir='ltr'>Μῖἷῗιῖἶῃο</span> 
     </span>
     <span class='ocr_line' id='line_1_57' title="bbox 1963 1784 3808 1897; baseline -0.001 -22"><span class='ocrx_word' id='word_1_296' title='bbox 1963 1805 2218 1877; x_wconf 90' lang='lat' dir='ltr'>lulam</span> <span class='ocrx_word' id='word_1_297' title='bbox 2266 1806 2346 1878; x_wconf 91' lang='lat' dir='ltr'>in</span> <span class='ocrx_word' id='word_1_298' title='bbox 2398 1806 2739 1877; x_wconf 88' lang='lat' dir='ltr'>matrice</span> <span class='ocrx_word' id='word_1_299' title='bbox 2781 1826 2958 1877; x_wconf 91' lang='lat' dir='ltr'>esse</span> <span class='ocrx_word' id='word_1_300' title='bbox 3002 1802 3510 1897; x_wconf 85' lang='lat' dir='ltr'>perforatam</span> <span class='ocrx_word' id='word_1_301' title='bbox 3593 1784 3808 1821; x_wconf 50' lang='lat' dir='ltr'>‘&#39;mmm’‘</span> 
     </span>
     <span class='ocr_line' id='line_1_58' title="bbox 1969 1919 3513 2013; baseline -0.001 -22"><span class='ocrx_word' id='word_1_302' title='bbox 1969 1940 2111 2012; x_wconf 91' lang='lat' dir='ltr'>per</span> <span class='ocrx_word' id='word_1_303' title='bbox 2171 1924 2463 2004; x_wconf 90' lang='lat' dir='ltr'>totum,</span> <span class='ocrx_word' id='word_1_304' title='bbox 2531 1924 3081 2013; x_wconf 79' lang='lat' dir='ltr'>praeterquam</span> <span class='ocrx_word' id='word_1_305' title='bbox 3145 1919 3226 1989; x_wconf 92' lang='lat' dir='ltr'>in</span> <span class='ocrx_word' id='word_1_306' title='bbox 3278 1924 3513 2011; x_wconf 86' lang='lat' dir='ltr'>parte</span> 
     </span>
     <span class='ocr_line' id='line_1_59' title="bbox 1967 2036 3517 2128; baseline 0.001 -20"><span class='ocrx_word' id='word_1_307' title='bbox 1967 2036 2403 2128; x_wconf 87' lang='lat' dir='ltr'>superiori,</span> <span class='ocrx_word' id='word_1_308' title='bbox 2477 2040 2554 2108; x_wconf 88' lang='lat' dir='ltr'>et</span> <span class='ocrx_word' id='word_1_309' title='bbox 2651 2039 2839 2108; x_wconf 89' lang='lat' dir='ltr'>tunc</span> <span class='ocrx_word' id='word_1_310' title='bbox 2927 2046 3517 2109; x_wconf 88' lang='lat' dir='ltr'>concurrerent</span> 
     </span>
     <span class='ocr_line' id='line_1_60' title="bbox 1968 2155 3521 2247; baseline 0.001 -22"><span class='ocrx_word' id='word_1_311' title='bbox 1968 2160 2243 2247; x_wconf 88' lang='lat' dir='ltr'>partes</span> <span class='ocrx_word' id='word_1_312' title='bbox 2316 2156 2658 2229; x_wconf 86' lang='lat' dir='ltr'>seminis</span> <span class='ocrx_word' id='word_1_313' title='bbox 2794 2157 3163 2229; x_wconf 87' lang='lat' dir='ltr'>cadentes</span> <span class='ocrx_word' id='word_1_314' title='bbox 3264 2156 3344 2225; x_wconf 92' lang='lat' dir='ltr'>in</span> <span class='ocrx_word' id='word_1_315' title='bbox 3412 2155 3521 2227; x_wconf 91' lang='lat' dir='ltr'>di-</span> 
     </span>
     <span class='ocr_line' id='line_1_61' title="bbox 1967 2270 3517 2364; baseline 0.003 -25"><span class='ocrx_word' id='word_1_316' title='bbox 1967 2272 2232 2344; x_wconf 88' lang='lat' dir='ltr'>versis</span> <span class='ocrx_word' id='word_1_317' title='bbox 2284 2272 2862 2345; x_wconf 81' lang='lat' dir='ltr'>incastraturis</span> <span class='ocrx_word' id='word_1_318' title='bbox 2912 2270 3309 2352; x_wconf 50' lang='lat' dir='ltr'>matrici&amp;</span> <span class='ocrx_word' id='word_1_319' title='bbox 3366 2291 3517 2364; x_wconf 88' lang='lat' dir='ltr'>pro</span> 
     </span>
     <span class='ocr_line' id='line_1_62' title="bbox 1969 2388 3513 2484; baseline -0.001 -22"><span class='ocrx_word' id='word_1_320' title='bbox 1969 2394 2144 2463; x_wconf 82' lang='lat' dir='ltr'>tota</span> <span class='ocrx_word' id='word_1_321' title='bbox 2231 2395 2461 2484; x_wconf 91' lang='lat' dir='ltr'>parte</span> <span class='ocrx_word' id='word_1_322' title='bbox 2547 2388 2949 2472; x_wconf 89' lang='lat' dir='ltr'>inferiori,</span> <span class='ocrx_word' id='word_1_323' title='bbox 3005 2391 3082 2461; x_wconf 89' lang='lat' dir='ltr'>et</span> <span class='ocrx_word' id='word_1_324' title='bbox 3152 2391 3342 2460; x_wconf 84' lang='lat' dir='ltr'>tunc</span> <span class='ocrx_word' id='word_1_325' title='bbox 3404 2388 3513 2460; x_wconf 91' lang='lat' dir='ltr'>di-</span> 
     </span>
     <span class='ocr_line' id='line_1_63' title="bbox 1968 2504 3508 2597; baseline -0.001 -21"><span class='ocrx_word' id='word_1_326' title='bbox 1968 2504 2589 2596; x_wconf 82' lang='lat' dir='ltr'>stinguerentur</span> <span class='ocrx_word' id='word_1_327' title='bbox 2647 2505 2726 2576; x_wconf 89' lang='lat' dir='ltr'>in</span> <span class='ocrx_word' id='word_1_328' title='bbox 2794 2507 3026 2597; x_wconf 90' lang='lat' dir='ltr'>parte</span> <span class='ocrx_word' id='word_1_329' title='bbox 3101 2522 3508 2595; x_wconf 88' lang='lat' dir='ltr'>suprema,</span> 
     </span>
     <span class='ocr_line' id='line_1_64' title="bbox 1965 2618 3507 2712; baseline -0.001 -20"><span class='ocrx_word' id='word_1_330' title='bbox 1965 2625 2045 2694; x_wconf 93' lang='lat' dir='ltr'>et</span> <span class='ocrx_word' id='word_1_331' title='bbox 2133 2621 2239 2693; x_wconf 91' lang='lat' dir='ltr'>ibi</span> <span class='ocrx_word' id='word_1_332' title='bbox 2320 2618 2885 2694; x_wconf 82' lang='lat' dir='ltr'>formarentur</span> <span class='ocrx_word' id='word_1_333' title='bbox 2977 2620 3130 2692; x_wconf 90' lang='lat' dir='ltr'>duo</span> <span class='ocrx_word' id='word_1_334' title='bbox 3210 2618 3507 2712; x_wconf 88' lang='lat' dir='ltr'>capita,</span> 
     </span>
     <span class='ocr_line' id='line_1_65' title="bbox 1966 2735 3512 2831; baseline -0.002 -21"><span class='ocrx_word' id='word_1_335' title='bbox 1966 2758 2150 2810; x_wconf 91' lang='lat' dir='ltr'>cum</span> <span class='ocrx_word' id='word_1_336' title='bbox 2214 2742 2488 2811; x_wconf 89' lang='lat' dir='ltr'>tamen</span> <span class='ocrx_word' id='word_1_337' title='bbox 2560 2739 2874 2831; x_wconf 89' lang='lat' dir='ltr'>reliqua</span> <span class='ocrx_word' id='word_1_338' title='bbox 2945 2735 3292 2810; x_wconf 89' lang='lat' dir='ltr'>materia</span> <span class='ocrx_word' id='word_1_339' title='bbox 3351 2757 3512 2808; x_wconf 92' lang='lat' dir='ltr'>non</span> 
     </span>
     <span class='ocr_line' id='line_1_66' title="bbox 1967 2853 3512 2947; baseline -0.001 -21"><span class='ocrx_word' id='word_1_340' title='bbox 1967 2853 2404 2935; x_wconf 84' lang='lat' dir='ltr'>sufficeret,</span> <span class='ocrx_word' id='word_1_341' title='bbox 2506 2854 2664 2927; x_wconf 91' lang='lat' dir='ltr'>nisi</span> <span class='ocrx_word' id='word_1_342' title='bbox 2771 2874 2919 2947; x_wconf 89' lang='lat' dir='ltr'>pro</span> <span class='ocrx_word' id='word_1_343' title='bbox 3018 2853 3512 2926; x_wconf 87' lang='lat' dir='ltr'>formatione</span> 
     </span>
     <span class='ocr_line' id='line_1_67' title="bbox 1966 2971 2659 3064; baseline 0 -22"><span class='ocrx_word' id='word_1_344' title='bbox 1966 2971 2202 3043; x_wconf 87' lang='lat' dir='ltr'>unius</span> <span class='ocrx_word' id='word_1_345' title='bbox 2266 2992 2659 3064; x_wconf 81' lang='lat' dir='ltr'>personae.</span> 
     </span>
    </p>

    <p class='ocr_par' dir='ltr' id='par_1_10' title="bbox 2054 3085 3856 3176">
     <span class='ocr_line' id='line_1_68' title="bbox 2054 3085 3856 3176; baseline -0.002 -18"><span class='ocrx_word' id='word_1_346' title='bbox 2054 3088 2471 3176; x_wconf 85' lang='lat' dir='ltr'>Breviter,</span> <span class='ocrx_word' id='word_1_347' title='bbox 2592 3085 3288 3161; x_wconf 84' lang='lat' dir='ltr'>evidentissimum</span> <span class='ocrx_word' id='word_1_348' title='bbox 3405 3085 3507 3157; x_wconf 92' lang='lat' dir='ltr'>si-</span> <span class='ocrx_word' id='word_1_349' title='bbox 3538 3108 3735 3173; x_wconf 77' lang='lat' dir='ltr'>Regula</span> <span class='ocrx_word' id='word_1_350' title='bbox 3771 3112 3856 3161; x_wconf 87' lang='lat' dir='ltr'>di..</span> 
     </span>
    </p>
   </div>
   <div class='ocr_carea' id='block_1_8' title="bbox 1962 3176 3829 3297">
    <p class='ocr_par' dir='ltr' id='par_1_11' title="bbox 1962 3176 3829 3297">
     <span class='ocr_line' id='line_1_69' title="bbox 1962 3176 3829 3297; baseline -0.009 -19"><span class='ocrx_word' id='word_1_351' title='bbox 1962 3224 2210 3294; x_wconf 80' lang='lat' dir='ltr'>gnum</span> <span class='ocrx_word' id='word_1_352' title='bbox 2259 3204 2822 3296; x_wconf 82' lang='lat' dir='ltr'>distinguendi,</span> <span class='ocrx_word' id='word_1_353' title='bbox 2877 3206 3000 3276; x_wconf 90' lang='lat' dir='ltr'>est</span> <span class='ocrx_word' id='word_1_354' title='bbox 3041 3223 3188 3297; x_wconf 88' lang='lat' dir='ltr'>per</span> <span class='ocrx_word' id='word_1_355' title='bbox 3238 3204 3507 3276; x_wconf 91' lang='lat' dir='ltr'>actum</span> <span class='ocrx_word' id='word_1_356' title='bbox 3553 3176 3829 3287; x_wconf 57' lang='lat' dir='ltr'>⁸⁰⁰Z⁰J⁰di</span> 
     </span>
    </p>
   </div>
   <div class='ocr_carea' id='block_1_9' title="bbox 1959 3306 3819 5510">
    <p class='ocr_par' dir='ltr' id='par_1_12' title="bbox 1959 3306 3819 5510">
     <span class='ocr_line' id='line_1_70' title="bbox 1963 3306 3819 3414; baseline -0.002 -19"><span class='ocrx_word' id='word_1_357' title='bbox 1963 3323 2422 3397; x_wconf 89' lang='lat' dir='ltr'>intellectus</span> <span class='ocrx_word' id='word_1_358' title='bbox 2482 3325 2560 3394; x_wconf 91' lang='lat' dir='ltr'>et</span> <span class='ocrx_word' id='word_1_359' title='bbox 2617 3321 3097 3406; x_wconf 62' lang='lat' dir='ltr'>volunta-MS,</span> <span class='ocrx_word' id='word_1_360' title='bbox 3164 3323 3244 3395; x_wconf 84' lang='lat' dir='ltr'>Si</span> <span class='ocrx_word' id='word_1_361' title='bbox 3294 3321 3506 3393; x_wconf 91' lang='lat' dir='ltr'>enim</span> <span class='ocrx_word' id='word_1_362' title='bbox 3537 3306 3819 3414; x_wconf 53' lang='lat' dir='ltr'>mssfftfflff</span> 
     </span>
     <span class='ocr_line' id='line_1_71' title="bbox 1964 3437 3815 3540; baseline -0.001 -28"><span class='ocrx_word' id='word_1_363' title='bbox 1964 3444 2149 3512; x_wconf 88' lang='lat' dir='ltr'>sunt</span> <span class='ocrx_word' id='word_1_364' title='bbox 2208 3442 2378 3514; x_wconf 78' lang='lat' dir='ltr'>duae</span> <span class='ocrx_word' id='word_1_365' title='bbox 2431 3441 2746 3524; x_wconf 78' lang='lat' dir='ltr'>animae,</span> <span class='ocrx_word' id='word_1_366' title='bbox 2819 3462 2979 3513; x_wconf 90' lang='lat' dir='ltr'>non</span> <span class='ocrx_word' id='word_1_367' title='bbox 3048 3444 3172 3513; x_wconf 88' lang='lat' dir='ltr'>est</span> <span class='ocrx_word' id='word_1_368' title='bbox 3231 3459 3506 3511; x_wconf 85' lang='lat' dir='ltr'>neces·</span> <span class='ocrx_word' id='word_1_369' title='bbox 3567 3437 3815 3540; x_wconf 47' lang='lat' dir='ltr'>{3⁸33ss</span> 
     </span>
     <span class='ocr_line' id='line_1_72' title="bbox 1962 3556 3507 3649; baseline 0.001 -22"><span class='ocrx_word' id='word_1_370' title='bbox 1962 3557 2273 3629; x_wconf 86' lang='lat' dir='ltr'>sarium</span> <span class='ocrx_word' id='word_1_371' title='bbox 2335 3578 2579 3630; x_wconf 89' lang='lat' dir='ltr'>unum</span> <span class='ocrx_word' id='word_1_372' title='bbox 2644 3558 2854 3630; x_wconf 87' lang='lat' dir='ltr'>scire</span> <span class='ocrx_word' id='word_1_373' title='bbox 2925 3556 3298 3649; x_wconf 84' lang='lat' dir='ltr'>quidquid</span> <span class='ocrx_word' id='word_1_374' title='bbox 3349 3556 3507 3629; x_wconf 86' lang='lat' dir='ltr'>scit</span> 
     </span>
     <span class='ocr_line' id='line_1_73' title="bbox 1961 3672 3503 3766; baseline -0.001 -20"><span class='ocrx_word' id='word_1_375' title='bbox 1961 3672 2149 3754; x_wconf 90' lang='lat' dir='ltr'>alia,</span> <span class='ocrx_word' id='word_1_376' title='bbox 2208 3680 2286 3747; x_wconf 89' lang='lat' dir='ltr'>et</span> <span class='ocrx_word' id='word_1_377' title='bbox 2356 3674 2561 3745; x_wconf 86' lang='lat' dir='ltr'>velle</span> <span class='ocrx_word' id='word_1_378' title='bbox 2632 3674 3002 3766; x_wconf 88' lang='lat' dir='ltr'>quidquid</span> <span class='ocrx_word' id='word_1_379' title='bbox 3067 3674 3240 3747; x_wconf 88' lang='lat' dir='ltr'>vult</span> <span class='ocrx_word' id='word_1_380' title='bbox 3317 3673 3503 3757; x_wconf 90' lang='lat' dir='ltr'>alia,</span> 
     </span>
     <span class='ocr_line' id='line_1_74' title="bbox 1962 3793 3502 3886; baseline 0.002 -22"><span class='ocrx_word' id='word_1_381' title='bbox 1962 3795 2236 3864; x_wconf 87' lang='lat' dir='ltr'>tamen</span> <span class='ocrx_word' id='word_1_382' title='bbox 2299 3812 2491 3864; x_wconf 87' lang='lat' dir='ltr'>raro</span> <span class='ocrx_word' id='word_1_383' title='bbox 2560 3793 2684 3863; x_wconf 85' lang='lat' dir='ltr'>vel</span> <span class='ocrx_word' id='word_1_384' title='bbox 2728 3813 3138 3886; x_wconf 90' lang='lat' dir='ltr'>nunquam</span> <span class='ocrx_word' id='word_1_385' title='bbox 3186 3793 3502 3871; x_wconf 88' lang='lat' dir='ltr'>accidit,</span> 
     </span>
     <span class='ocr_line' id='line_1_75' title="bbox 1964 3908 3510 4000; baseline 0.001 -19"><span class='ocrx_word' id='word_1_386' title='bbox 1964 3908 2172 4000; x_wconf 87' lang='lat' dir='ltr'>quod</span> <span class='ocrx_word' id='word_1_387' title='bbox 2250 3909 2411 3980; x_wconf 90' lang='lat' dir='ltr'>sint</span> <span class='ocrx_word' id='word_1_388' title='bbox 2478 3911 2648 3981; x_wconf 80' lang='lat' dir='ltr'>duae</span> <span class='ocrx_word' id='word_1_389' title='bbox 2720 3909 3037 3992; x_wconf 83' lang='lat' dir='ltr'>animae‚</span> <span class='ocrx_word' id='word_1_390' title='bbox 3095 3908 3282 3999; x_wconf 85' lang='lat' dir='ltr'>quin</span> <span class='ocrx_word' id='word_1_391' title='bbox 3348 3908 3510 3982; x_wconf 91' lang='lat' dir='ltr'>sint</span> 
     </span>
     <span class='ocr_line' id='line_1_76' title="bbox 1960 4024 3512 4119; baseline -0.001 -23"><span class='ocrx_word' id='word_1_392' title='bbox 1960 4026 2112 4096; x_wconf 85' lang='lat' dir='ltr'>duo</span> <span class='ocrx_word' id='word_1_393' title='bbox 2182 4026 2477 4118; x_wconf 88' lang='lat' dir='ltr'>capita,</span> <span class='ocrx_word' id='word_1_394' title='bbox 2558 4027 2685 4097; x_wconf 83' lang='lat' dir='ltr'>vel</span> <span class='ocrx_word' id='word_1_395' title='bbox 2746 4027 2915 4097; x_wconf 69' lang='lat' dir='ltr'>duae</span> <span class='ocrx_word' id='word_1_396' title='bbox 2961 4030 3235 4119; x_wconf 87' lang='lat' dir='ltr'>partes</span> <span class='ocrx_word' id='word_1_397' title='bbox 3299 4024 3512 4118; x_wconf 90' lang='lat' dir='ltr'>prin-</span> 
     </span>
     <span class='ocr_line' id='line_1_77' title="bbox 1963 4141 3512 4236; baseline 0.001 -22"><span class='ocrx_word' id='word_1_398' title='bbox 1963 4141 2267 4234; x_wconf 89' lang='lat' dir='ltr'>cipales</span> <span class='ocrx_word' id='word_1_399' title='bbox 2339 4142 2661 4236; x_wconf 79' lang='lat' dir='ltr'>capitiS,</span> <span class='ocrx_word' id='word_1_400' title='bbox 2731 4143 2925 4217; x_wconf 90' lang='lat' dir='ltr'>licet</span> <span class='ocrx_word' id='word_1_401' title='bbox 2993 4163 3150 4215; x_wconf 94' lang='lat' dir='ltr'>non</span> <span class='ocrx_word' id='word_1_402' title='bbox 3218 4165 3260 4215; x_wconf 91' lang='lat' dir='ltr'>e</span> <span class='ocrx_word' id='word_1_403' title='bbox 3330 4165 3512 4217; x_wconf 92' lang='lat' dir='ltr'>con-</span> 
     </span>
     <span class='ocr_line' id='line_1_78' title="bbox 1962 4253 3508 4349; baseline 0.004 -24"><span class='ocrx_word' id='word_1_404' title='bbox 1962 4277 2232 4329; x_wconf 86' lang='lat' dir='ltr'>verso.</span> <span class='ocrx_word' id='word_1_405' title='bbox 2289 4260 2391 4330; x_wconf 86' lang='lat' dir='ltr'>Et</span> <span class='ocrx_word' id='word_1_406' title='bbox 2442 4256 2508 4328; x_wconf 93' lang='lat' dir='ltr'>si</span> <span class='ocrx_word' id='word_1_407' title='bbox 2569 4278 2724 4348; x_wconf 89' lang='lat' dir='ltr'>quo</span> <span class='ocrx_word' id='word_1_408' title='bbox 2789 4253 3020 4330; x_wconf 81' lang='lat' dir='ltr'>modo</span> <span class='ocrx_word' id='word_1_409' title='bbox 3078 4256 3335 4349; x_wconf 90' lang='lat' dir='ltr'>possit</span> <span class='ocrx_word' id='word_1_410' title='bbox 3386 4258 3508 4331; x_wconf 91' lang='lat' dir='ltr'>de-</span> 
     </span>
     <span class='ocr_line' id='line_1_79' title="bbox 1964 4374 3506 4465; baseline 0.001 -21"><span class='ocrx_word' id='word_1_411' title='bbox 1964 4374 2344 4465; x_wconf 88' lang='lat' dir='ltr'>prehendi</span> <span class='ocrx_word' id='word_1_412' title='bbox 2425 4374 2860 4448; x_wconf 89' lang='lat' dir='ltr'>diversitas</span> <span class='ocrx_word' id='word_1_413' title='bbox 2948 4374 3506 4449; x_wconf 89' lang='lat' dir='ltr'>intellectuum</span> 
     </span>
     <span class='ocr_line' id='line_1_80' title="bbox 1962 4490 3509 4584; baseline 0.002 -23"><span class='ocrx_word' id='word_1_414' title='bbox 1962 4490 2042 4561; x_wconf 90' lang='lat' dir='ltr'>in</span> <span class='ocrx_word' id='word_1_415' title='bbox 2151 4490 2695 4582; x_wconf 82' lang='lat' dir='ltr'>intelligendO,</span> <span class='ocrx_word' id='word_1_416' title='bbox 2796 4497 2990 4584; x_wconf 89' lang='lat' dir='ltr'>puta</span> <span class='ocrx_word' id='word_1_417' title='bbox 3079 4491 3283 4582; x_wconf 81' lang='lat' dir='ltr'>quod</span> <span class='ocrx_word' id='word_1_418' title='bbox 3364 4512 3509 4584; x_wconf 88' lang='lat' dir='ltr'>per</span> 
     </span>
     <span class='ocr_line' id='line_1_81' title="bbox 1962 4606 3509 4701; baseline 0.003 -25"><span class='ocrx_word' id='word_1_419' title='bbox 1962 4606 2285 4693; x_wconf 87' lang='lat' dir='ltr'>aliquod</span> <span class='ocrx_word' id='word_1_420' title='bbox 2373 4607 2694 4700; x_wconf 79' lang='lat' dir='ltr'>signum</span> <span class='ocrx_word' id='word_1_421' title='bbox 2770 4607 3509 4701; x_wconf 89' lang='lat' dir='ltr'>deprehenderetur</span> 
     </span>
     <span class='ocr_line' id='line_1_82' title="bbox 1964 4722 3509 4818; baseline 0.005 -25"><span class='ocrx_word' id='word_1_422' title='bbox 1964 4722 2165 4794; x_wconf 91' lang='lat' dir='ltr'>idem</span> <span class='ocrx_word' id='word_1_423' title='bbox 2222 4723 2417 4796; x_wconf 89' lang='lat' dir='ltr'>sciri</span> <span class='ocrx_word' id='word_1_424' title='bbox 2485 4727 2564 4797; x_wconf 89' lang='lat' dir='ltr'>et</span> <span class='ocrx_word' id='word_1_425' title='bbox 2614 4726 2940 4808; x_wconf 86' lang='lat' dir='ltr'>nesciri,</span> <span class='ocrx_word' id='word_1_426' title='bbox 3033 4726 3162 4798; x_wconf 81' lang='lat' dir='ltr'>vel</span> <span class='ocrx_word' id='word_1_427' title='bbox 3232 4730 3509 4818; x_wconf 89' lang='lat' dir='ltr'>posset</span> 
     </span>
     <span class='ocr_line' id='line_1_83' title="bbox 1960 4839 3500 4931; baseline 0.003 -20"><span class='ocrx_word' id='word_1_428' title='bbox 1960 4839 2442 4931; x_wconf 90' lang='lat' dir='ltr'>deprehendi</span> <span class='ocrx_word' id='word_1_429' title='bbox 2489 4840 2923 4914; x_wconf 82' lang='lat' dir='ltr'>diversitas</span> <span class='ocrx_word' id='word_1_430' title='bbox 2958 4840 3500 4925; x_wconf 85' lang='lat' dir='ltr'>voluntatum,</span> 
     </span>
     <span class='ocr_line' id='line_1_84' title="bbox 1966 4956 3505 5048; baseline 0.003 -22"><span class='ocrx_word' id='word_1_431' title='bbox 1966 4960 2184 5048; x_wconf 89' lang='lat' dir='ltr'>puta,</span> <span class='ocrx_word' id='word_1_432' title='bbox 2231 4956 2438 5047; x_wconf 90' lang='lat' dir='ltr'>quod</span> <span class='ocrx_word' id='word_1_433' title='bbox 2496 4960 2713 5030; x_wconf 89' lang='lat' dir='ltr'>esset</span> <span class='ocrx_word' id='word_1_434' title='bbox 2755 4958 2864 5029; x_wconf 91' lang='lat' dir='ltr'>ibi</span> <span class='ocrx_word' id='word_1_435' title='bbox 2903 4957 3110 5031; x_wconf 86' lang='lat' dir='ltr'>velle</span> <span class='ocrx_word' id='word_1_436' title='bbox 3160 4962 3240 5032; x_wconf 87' lang='lat' dir='ltr'>et</span> <span class='ocrx_word' id='word_1_437' title='bbox 3290 4958 3505 5031; x_wconf 91' lang='lat' dir='ltr'>nolle</span> 
     </span>
     <span class='ocr_line' id='line_1_85' title="bbox 1960 5071 3494 5164; baseline 0.003 -22"><span class='ocrx_word' id='word_1_438' title='bbox 1960 5071 2053 5142; x_wconf 92' lang='lat' dir='ltr'>de</span> <span class='ocrx_word' id='word_1_439' title='bbox 2109 5071 2412 5152; x_wconf 91' lang='lat' dir='ltr'>eodem,</span> <span class='ocrx_word' id='word_1_440' title='bbox 2475 5072 2774 5164; x_wconf 90' lang='lat' dir='ltr'>absque</span> <span class='ocrx_word' id='word_1_441' title='bbox 2833 5073 3334 5148; x_wconf 87' lang='lat' dir='ltr'>dubitatione</span> <span class='ocrx_word' id='word_1_442' title='bbox 3394 5078 3494 5147; x_wconf 91' lang='lat' dir='ltr'>te-</span> 
     </span>
     <span class='ocr_line' id='line_1_86' title="bbox 1960 5189 3505 5282; baseline 0.003 -24"><span class='ocrx_word' id='word_1_443' title='bbox 1960 5189 2306 5260; x_wconf 90' lang='lat' dir='ltr'>nendum</span> <span class='ocrx_word' id='word_1_444' title='bbox 2356 5193 2596 5269; x_wconf 87' lang='lat' dir='ltr'>esset,</span> <span class='ocrx_word' id='word_1_445' title='bbox 2653 5190 2860 5282; x_wconf 88' lang='lat' dir='ltr'>quod</span> <span class='ocrx_word' id='word_1_446' title='bbox 2891 5195 3162 5266; x_wconf 91' lang='lat' dir='ltr'>essent</span> <span class='ocrx_word' id='word_1_447' title='bbox 3198 5191 3303 5264; x_wconf 92' lang='lat' dir='ltr'>ibi</span> <span class='ocrx_word' id='word_1_448' title='bbox 3333 5193 3505 5264; x_wconf 78' lang='lat' dir='ltr'>duae</span> 
     </span>
     <span class='ocr_line' id='line_1_87' title="bbox 1960 5304 3504 5401; baseline 0.003 -26"><span class='ocrx_word' id='word_1_449' title='bbox 1960 5304 2278 5376; x_wconf 76' lang='lat' dir='ltr'>animae.</span> <span class='ocrx_word' id='word_1_450' title='bbox 2344 5305 2489 5377; x_wconf 84' lang='lat' dir='ltr'>Sed</span> <span class='ocrx_word' id='word_1_451' title='bbox 2553 5306 2762 5379; x_wconf 88' lang='lat' dir='ltr'>istud</span> <span class='ocrx_word' id='word_1_452' title='bbox 2829 5327 2988 5380; x_wconf 93' lang='lat' dir='ltr'>non</span> <span class='ocrx_word' id='word_1_453' title='bbox 3050 5310 3317 5401; x_wconf 89' lang='lat' dir='ltr'>potest</span> <span class='ocrx_word' id='word_1_454' title='bbox 3377 5308 3504 5400; x_wconf 88' lang='lat' dir='ltr'>ju-</span> 
     </span>
     <span class='ocr_line' id='line_1_88' title="bbox 1959 5420 3499 5510; baseline 0.003 -18"><span class='ocrx_word' id='word_1_455' title='bbox 1959 5420 2239 5503; x_wconf 87' lang='lat' dir='ltr'>dicari,</span> <span class='ocrx_word' id='word_1_456' title='bbox 2332 5422 2489 5494; x_wconf 92' lang='lat' dir='ltr'>nisi</span> <span class='ocrx_word' id='word_1_457' title='bbox 2573 5423 2663 5494; x_wconf 92' lang='lat' dir='ltr'>de</span> <span class='ocrx_word' id='word_1_458' title='bbox 2744 5429 3111 5497; x_wconf 88' lang='lat' dir='ltr'>monstro</span> <span class='ocrx_word' id='word_1_459' title='bbox 3202 5425 3499 5510; x_wconf 84' lang='lat' dir='ltr'>adultO,</span> 
     </span>
    </p>
   </div>
   <div class='ocr_carea' id='block_1_10' title="bbox 1963 5535 3499 5631">
    <p class='ocr_par' dir='ltr' id='par_1_13' title="bbox 1963 5535 3499 5631">
     <span class='ocr_line' id='line_1_89' title="bbox 1963 5535 3499 5631; baseline 0.005 -23"><span class='ocrx_word' id='word_1_460' title='bbox 1963 5537 2198 5628; x_wconf 91' lang='lat' dir='ltr'>quale</span> <span class='ocrx_word' id='word_1_461' title='bbox 2257 5540 2591 5631; x_wconf 86' lang='lat' dir='ltr'>ponitur</span> <span class='ocrx_word' id='word_1_462' title='bbox 2660 5535 2910 5614; x_wconf 86' lang='lat' dir='ltr'>fuisse</span> <span class='ocrx_word' id='word_1_463' title='bbox 2988 5541 3067 5614; x_wconf 92' lang='lat' dir='ltr'>in</span> <span class='ocrx_word' id='word_1_464' title='bbox 3126 5543 3499 5627; x_wconf 87' lang='lat' dir='ltr'>Francia,</span> 
     </span>
    </p>
   </div>
  </div>
 </body>
</html>
