4255 6375
463 1484 677 1599 Liffitm
709 1557 897 1624 aliter
944 1552 1311 1640 intelligant
1349 1551 1456 1619 illa
1505 1552 1705 1619 verba
1727 1550 1999 1618 Genesis
2053 1573 2066 1616 :

378 3601 455 3652 Ex
491 3536 674 3651 ligatur
1699 3647 1712 3660 .

483 3667 653 3729 agust.
720 3642 962 3709 bonam
996 3641 1396 3710 voluntatem
1437 3658 1498 3711 et
1534 3646 1917 3718 charitatem
1958 3650 2263 3741 frequen-

462 4454 623 4503 Actus

445 4515 648 4567 virtutis

449 4578 637 4629 dicitur

411 4641 655 4693 charitas.

411 5399 680 5453 Hominem

425 5471 655 5515 creatum

488 5542 597 5576 esse

462 5594 678 5642 rectum.

697 453 816 518 214

1883 448 2029 510 [AB.
2076 447 2179 509 lv.
2212 445 2808 510 SENTENTIARUM

689 617 860 685 erint
891 617 957 683 in
991 615 1292 694 termin0‚
1331 626 1394 681 et
1429 616 1553 681 hoc
1604 612 1774 696 ideo,
1823 633 1953 700 quo
1985 630 2250 677 omnem
2365 609 2474 688 tia,
2533 630 2682 699 quae
2756 622 2910 677 sunt
2986 629 3200 697 poenae
3249 608 3519 697 peccati,
3557 610 3624 676 in
3664 609 3890 698 quibus

689 748 932 804 statum
1003 733 1482 821 experirentur.
1550 729 1711 796 Vide
1774 729 1988 816 ipsum
2060 730 2132 793 in
2181 731 2246 793 Ξ.

698 853 856 918 disc.
883 855 948 916 3.
978 860 1203 936 quoest.
1228 852 1288 914 1.
1325 858 1386 913 et
1419 859 1628 933 potest
1659 845 1828 913 sumi
1865 844 2255 910 fundamen-

696 981 853 1035 tum
895 966 1095 1053 hujus
1134 987 1215 1031 ex
1254 963 1626 1050 Augustino
1668 962 2027 1051 lib.*1.2de
2070 961 2241 1026 Gen.

698 1084 790 1151 ad
841 1085 1136 1149 litteram
1183 1104 1327 1169 cap.
1382 1087 1446 1148 4.
1490 1085 1669 1147 Hanc
1714 1101 1875 1168 ergo
1924 1076 2258 1166 dispositi-

701 1222 896 1269 onem
958 1200 1167 1291 potuit
1208 1200 1451 1267 habere
1508 1198 1948 1266 mediantibus
1998 1197 2254 1283 adjuto-

707 1323 826 1391 riis
865 1317 1097 1408 gratiae
1144 1316 1438 1385 actualis,

793 1437 1106 1517 Quamvis
1196 1446 1414 1502 aut-em
1515 1438 1737 1501 Patres
1846 1432 2256 1521 frequentius

2129 1551 2256 1617 Fa-

712 1675 966 1738 ciamus
1000 1671 1331 1736 hominem
1359 1668 1450 1733 ad
1500 1669 1863 1754 imayinem
1901 1679 1962 1733 el
2011 1669 2255 1734 simili-

716 1788 1014 1856 tudinem
1044 1797 1363 1865 nostram,
1410 1794 1533 1850 etc.
1573 1804 1688 1870 per
1740 1784 2101 1870 imayinem
2158 1784 2256 1849 in-

714 1903 1084 1991 telligentes
1130 1913 1426 1969 naturam
1494 1912 1558 1969 et
1611 1900 2034 1987 capacitatem
2086 1903 2254 1989 ejuS,

714 2041 827 2109 per
864 2018 1380 2084 similitudinem
1409 2017 1655 2085 donum
1700 2029 1763 2084 et
1804 2017 2104 2100 virtuteS,
2160 2017 2261 2082 in-

710 2135 918 2224 telligi
993 2145 1267 2221 possunt
1333 2133 1546 2223 quoad
1628 2133 2257 2216 consummationem

709 2251 951 2341 operis,
997 2271 1145 2337 quae
1195 2262 1350 2317 tunc
1410 2249 1607 2316 finem
1666 2250 1937 2338 accepit,
1999 2251 2260 2339 quando

715 2371 912 2436 homo
954 2366 1197 2454 recepit
1236 2365 1515 2454 gratiam
1545 2380 1610 2433 et
1648 2368 1839 2449 dona,
1900 2388 2028 2434 non
2086 2369 2258 2456 quod

718 2483 915 2554 simul
963 2503 1108 2550 cum
1152 2496 1383 2549 natura
1420 2485 1638 2550 omnia
1668 2484 1812 2571 ,sint
1857 2485 2141 2571 perfecta
2195 2487 2261 2552 in

721 2600 1127 2681 executione,
1164 2599 1277 2666 sed
1329 2611 1579 2667 tantum
1632 2600 1989 2667 secundum
2050 2602 2262 2669 inten-

719 2717 960 2784 tionem
1021 2738 1169 2804 quae
1218 2718 1591 2784 successive
1642 2718 1962 2806 completa
1996 2732 2118 2787 est.
2186 2725 2263 2787 Et

718 2833 1023 2922 quamvis
1072 2833 1481 2920 Augustinus
1552 2833 1870 2923 intelligat
1928 2835 2261 2904 hominem

720 2961 1013 3016 creatum
1067 2947 1270 3015 fuisse
1310 2949 1372 3014 in
1427 2950 1592 3016 bona
1636 2950 1997 3031 voluntate,
2052 2965 2116 3019 et
2162 2975 2258 3020 re-

718 3077 847 3146 cta,
889 3069 994 3130 14.
1020 3064 1465 3152 decivit.cap.
1496 3071 1601 3132 11.
1639 3078 1702 3134 et
1733 3069 1839 3134 27.
1867 3068 1948 3134 de
1970 3081 2255 3155 corrept.

719 3192 779 3248 et
797 3181 1026 3269 qratia
1110 3175 1258 3269 cop.
1307 3185 1410 3249 10.
1449 3195 1512 3249 et
1556 3176 1965 3272 frequentius
1991 3209 2106 3275 per
2157 3187 2264 3253 bo-

723 3316 871 3364 nam
904 3295 1301 3364 voluntatem
1343 3298 1650 3387 intelligit
1678 3302 2063 3371 charitatem
2113 3326 2265 3371 con-

721 3425 819 3480 tra
860 3413 1264 3500 Pelagianos.

810 3524 1296 3611 Respondetur,
1334 3527 1626 3616 inquam,
1662 3533 2106 3621 Augustinum
2151 3557 2265 3624 per

724 3754 853 3821 tius
877 3754 1552 3844 intelligere,quemcu
1565 3782 1756 3850 mque
1780 3775 1993 3831 actum
2017 3767 2259 3834 bonum

726 3870 992 3938 virtutis
1043 3873 1500 3960 procedentem
1550 3898 1585 3944 a
1626 3880 1861 3966 gratia,
1907 3894 1969 3948 et
2001 3867 2265 3972 adjuto-

730 3986 825 4053 rio
856 3987 1139 4074 Spiritus
1179 3989 1414 4069 sancti,
1450 3991 1591 4058 sive
1639 3994 1724 4060 sit
1773 4010 1953 4065 actus
1988 4000 2263 4067 charita-

728 4103 835 4183 tis,
880 4116 992 4171 aut
1043 4104 1470 4191 poenitentiae,
1507 4120 1619 4175 aut
1648 4111 1916 4182 alterius
1968 4115 2258 4198 virtutiS,

729 4220 839 4308 qui
878 4231 1063 4288 actus
1095 4227 1264 4290 recte
1295 4224 1532 4293 dicitur
1561 4228 1844 4297 charitas
1867 4253 1982 4319 per
2014 4253 2266 4300 accom-

727 4336 1187 4421 modationem,
1242 4355 1563 4428 quatenus
1625 4347 1915 4431 procedit
1962 4351 2042 4415 ab
2082 4351 2264 4440 adju-

725 4456 889 4523 torio
956 4458 1236 4545 Spiritus
1295 4462 1526 4541 sancti,
1606 4464 1708 4530 cui
1809 4471 2267 4555 appropriatur

725 4572 1006 4639 charitas
1037 4586 1100 4639 et
1132 4574 1423 4657 bonitas;
1469 4597 1696 4667 estque
1727 4582 2012 4650 medium
2043 4600 2105 4654 et
2137 4588 2266 4654 dis-

726 4687 961 4775 positio
1000 4688 1078 4755 ad
1109 4692 1517 4775 charitatem,
1576 4717 1651 4762 eo
1695 4700 1884 4766 modo
1937 4723 2065 4789 quo
2113 4705 2265 4771 cha-

726 4806 883 4872 ritas
923 4805 1161 4874 dicitur
1215 4810 1548 4896 plenitudo
1587 4813 1754 4902 legis
1795 4837 1831 4883 a
1871 4819 2089 4885 Paulo.
2151 4826 2267 4889 Ac-

723 4923 894 4991 cedit
941 4916 1112 5010 quOd
1153 4947 1268 5013 per
1298 4928 1534 4995 bonam
1582 4931 1986 5001 voluntatem
2031 4936 2267 5003 intelli·

724 5039 821 5125 git
860 5041 1203 5124 actualem,
1252 5063 1380 5109 non
1419 5045 1815 5113 habitualem
1849 5062 1912 5116 et
1952 5051 2287 5140 adimple-·

726 5156 969 5222 tionem
1029 5155 1222 5245 legis,
1312 5160 1498 5247 cujus
1548 5178 1871 5252 praecepta
1923 5168 2144 5235 omnia
2183 5169 2263 5235 ad

722 5270 1104 5339 charitatem
1152 5273 1532 5363 disponunt.

817 5387 1082 5463 Quando
1114 5402 1329 5458 autem
1363 5393 1693 5482 Scriptura
1735 5397 1891 5465 dicit
1927 5401 2263 5467 hominem

728 5496 1218 5572 uisse'creatum
1254 5522 1527 5588 rectum,
1574 5512 1879 5600 intelligit
1910 5515 2054 5581 sine
2101 5515 2256 5583 obli·

726 5621 973 5711 quitate
1011 5636 1122 5691 aut
1169 5612 1443 5707 macula,
1493 5628 1736 5710 fomite,
1782 5642 1893 5698 aut
1924 5631 2266 5721 ignorant-

2363 726 2701 792 constituit
2750 726 3160 814 Augustinus
3191 738 3256 793 et
3287 726 3596 808 Concilia,
3637 727 3890 814 potissi·

2367 864 2544 908 mum
2606 843 2799 930 primi
2869 844 3155 910 hominis
3208 843 3651 931 integritatem
3694 855 3757 909 et
3806 865 3896 910 re-

2365 950 2772 1030 ctitudinem,
2829 951 3068 1038 quibus
3098 951 3445 1018 accedente
3474 950 3709 1038 gratia,
3753 952 3891 1018 sine

2368 1086 2494 1152 qua
2530 1086 2658 1131 non
2691 1066 2931 1155 (quam
2979 1066 3074 1132 sic
3125 1080 3314 1133 vocat
3373 1066 3786 1153 Augustinus
3829 1067 3899 1133 il·

2364 1179 2518 1260 lam,
2565 1203 2714 1269 quae
2754 1181 2900 1247 data
2947 1194 3045 1248 est
3084 1182 3297 1268 primo
3350 1182 3650 1270 homini)
3698 1195 3763 1248 et
3790 1183 3899 1250 ad-

2359 1297 2648 1384 jutoriiS,
2692 1298 2888 1364 homo
2927 1298 3122 1365 etiam
3174 1298 3240 1364 in
3290 1298 3518 1366 ordine
3557 1300 3637 1365 ad
3686 1320 3903 1387 super-

2369 1414 2688 1481 naturalia
2724 1435 2919 1502 opera
2982 1415 3379 1482 constitutus
3416 1429 3517 1483 est
3564 1427 3805 1497 rectus,
3846 1428 3904 1483 et

2369 1531 2742 1604 inchoative
2823 1532 2900 1599 ad
2959 1533 3234 1620 gratiam
3325 1532 3752 1611 habitualem,
3833 1533 3908 1601 ad

2368 1668 2562 1735 quam
2630 1669 2699 1715 se
2758 1647 3081 1715 mediante
3128 1648 3364 1716 actuali
3423 1648 3737 1737 disponit.
3794 1652 3907 1728 Qui

2369 1787 2528 1854 ergo
2566 1766 2662 1833 sic
2711 1764 2994 1832 voluerit
3042 1777 3341 1832 nostrum
3415 1771 3758 1835 Doctorem
3817 1769 3906 1834 in·

2370 1882 2690 1969 telligere,
2743 1894 2815 1947 ut
2865 1880 3061 1947 suerit
3113 1882 3179 1947 in
3211 1882 3333 1948 hac
3365 1884 3697 1969 opinione,
3746 1885 3905 1952 nihil

2370 1997 2667 2086 sequitur
2697 1997 3115 2078 incommodi,
3153 1998 3306 2086 quia
3358 2011 3457 2066 est
3503 2000 3911 2090 frequentior

2372 2114 2814 2201 antiquorum.

2486 2232 2806 2296 Caeterum
2880 2250 3004 2296 non
3085 2230 3245 2296 mihi
3325 2232 3610 2297 occurrit
3684 2232 3912 2300 funda·
4035 2242 4095 2315 aa

2374 2359 2691 2425 mentum,
2757 2343 2927 2411 unde
3008 2345 3218 2411 dicam
3296 2367 3445 2413 eum
3515 2347 3580 2412 in
3641 2368 3714 2414 ea
3777 2370 3915 2417 esse
3962 2306 4161 2419 m*

2373 2461 2715 2541 sententia,
2760 2462 2910 2547 quia
2943 2461 3097 2549 quid
3158 2462 3222 2527 in
3256 2464 3380 2529 hoc
3432 2464 3739 2545 senserit,
3790 2431 4161 2546 unnim

2375 2576 2640 2643 invenio
2713 2577 2793 2643 ab
2860 2597 2937 2643 eo
2993 2578 3425 2647 determinate
3498 2600 3909 2668 expressum.
3967 2569 4146 2682 ,ηεξ-ς

2375 2695 2510 2772 Hic,
2616 2705 2684 2760 ut
2752 2694 2995 2774 notavi,
3091 2706 3593 2782 argumentatur
3686 2713 3916 2766 contra
3985 2682 4148 2809 ga

2373 2810 2769 2876 Richardum
2839 2831 2918 2876 ex
2952 2812 3234 2899 propriis
3304 2814 3447 2899 ejus
3535 2814 3906 2902 principiiS,
4020 2807 4115 2869 Ψ·

2374 2937 2436 2992 et
2509 2926 2937 3014 supponendo
3031 2929 3222 3010 hanc,
3333 2950 3528 3018 quam
3634 2932 3904 3000 Richar-

2374 3042 2495 3110 dus
2569 3044 2780 3110 tenuit
2845 3066 2992 3111 cum
3053 3046 3404 3132 Magistr03
3477 3048 3544 3113 in
3573 3051 3638 3117 Ξ.
3682 3061 3901 3115 autem

2374 3161 2528 3226 dise.
2572 3163 2679 3227 29.
2735 3160 3022 3248 loquitur
3072 3162 3346 3250 praecise
3384 3161 3464 3231 de
3486 3164 3751 3251 justitia
3780 3167 3917 3234 ori-

2374 3277 2601 3364 ginali,
2684 3290 2752 3344 ut
2820 3291 2957 3345 erat
3017 3280 3276 3366 propria
3318 3280 3493 3348 illius
3562 3295 3799 3365 statuS,
3856 3297 3922 3351 et

2372 3396 2804 3462 constituebat
2827 3417 3086 3462 omnem
3125 3397 3663 3487 tranquillitatem
3700 3401 3911 3467 inho-

2376 3511 2551 3578 mine
2590 3524 2900 3598 operante
2930 3513 3288 3580 secundum
3323 3528 3562 3583 rectam
3598 3518 3921 3587 rationem

2375 3629 2518 3696 sine
2566 3630 2821 3710 fomite;
2873 3642 2936 3697 et
2995 3631 3269 3717 praecise
3310 3633 3604 3721 loquitur
3644 3635 3725 3703 de
3797 3638 3922 3706 hoc

2377 3746 2566 3825 don0,
2613 3759 2823 3812 uterat
2876 3746 2941 3811 in
2975 3746 3313 3815 voluntate
3344 3761 3407 3816 et
3437 3752 3731 3838 appetitu
3763 3775 3923 3820 sen·

2375 3863 2594 3944 sitiv0,
2681 3863 2983 3951 quamvis
3050 3863 3127 3929 ad
3207 3865 3504 3933 eamdem
3571 3871 3916 3956 spectabat

2376 3980 2570 4046 etiam
2620 3979 2887 4062 donum,
2942 3980 3112 4069 quod
3167 3982 3289 4048 fuit
3331 3982 3394 4048 in
3430 3984 3790 4068 intellectu,
3835 4010 3918 4056 ex

2375 4097 2565 4183 cujus
2598 4096 2961 4184 privatione
2993 4097 3056 4162 in
3090 4098 3514 4187 posteris.per
3552 4090 3769 4189 ipsu‘m
3827 4106 3930 4171 'se-

2378 4212 2599 4300 quitur
2639 4213 3005 4301 ignorantia
3035 4226 3099 4281 et
3128 4236 3332 4296 error,
3370 4237 3519 4305 quae
3557 4232 3659 4285 est
3687 4218 3929 4286 doctri·

2379 4350 2461 4395 na
2502 4334 2760 4397 Pati-um
2802 4341 2863 4395 et
2903 4329 3365 4398 Conciliorum.

2465 4450 2536 4512 ln
2586 4451 2648 4511 2.
2704 4446 2861 4514 disc.
2934 4452 2996 4514 5.
3044 4458 3270 4535 quoest.
3314 4453 3375 4517 1.
3413 4452 3720 4537 quamvis
3759 4474 3926 4540 pro·
3969 4506 4160 4560 nescium

2378 4561 2758 4628 blematicus
2790 4562 2876 4629 sit
2904 4563 3072 4629 circa
3105 4563 3290 4643 illud,
3335 4584 3417 4630 an
3480 4567 3776 4652 Angelus
3820 4569 3924 4636 fu·
4030 4576 4128 4637 ‘ju‘-

2378 4677 2501 4743 erit
2558 4690 2810 4744 creatus
2879 4677 2943 4743 in
3005 4699 3171 4764 pura
3239 4692 3478 4747 natura
3512 4682 3828 4768 primum,
3864 4696 3927 4751 et

2380 4814 2507 4858 non
2550 4794 2614 4859 in
2648 4792 2908 4881 gratia?
2975 4794 3234 4861 videtur
3281 4807 3497 4862 tamen
3571 4799 3788 4886 magis
3832 4802 3928 4867 in-

2378 4908 2656 4975 clinatus
2718 4910 2782 4975 in
2832 4931 2972 4977 eam
3016 4911 3432 4994 sententiam,
3478 4934 3605 5001 qua
3679 4914 3927 4984 dicitur

2377 5036 2632 5093 creatus
2709 5027 2775 5092 in
2816 5028 3048 5115 gratia,
3097 5030 3268 5115 §Ad
3316 5034 3796 5119 inquirendum
3849 5038 3930 5104 de

2378 5145 2545 5224 istis,
2591 5156 2714 5211 etc,
2745 5147 3207 5233 propositione
3239 5150 3303 5215 6.
3343 5148 3517 5235 quod
3544 5151 3819 5233 perinde
3850 5155 3931 5221 de

2252 5305 2262 5314 -
2379 5261 2653 5341 Adam0,
2703 5264 2893 5349 cujus
2926 5273 3135 5329 status
3169 5264 3516 5333 uniformis
3546 5279 3929 5359 erat,quan-

2378 5391 2518 5444 tum
2560 5378 2636 5444 ad
2668 5378 3075 5462 electionem,
3121 5380 3466 5450 dicendum
3498 5398 3661 5454 erat.

2469 5504 2904 5591 Supponendo
2936 5506 3230 5572 ordinem
3255 5507 3447 5576 etiam
3501 5512 3928 5598 praedestina·
3955 5536 4082 5603 om,
4105 5544 4161 5595 pn

2381 5627 2578 5697 tionis
2613 5651 2728 5720 per
2769 5631 2986 5722 ipsum
3019 5633 3428 5723 assignatum
3470 5636 3535 5704 in
3571 5638 3923 5711 1.dist.40.
3978 5598 4161 5714 ⁶⁶2?
