4255 6375
1421 417 1624 479 Dts'r.
1674 417 1776 478 111.
1824 415 2186 491 QUAES'rto
2218 417 2293 480 ΙΙ.

216 584 402 655 bium,
500 582 650 662 quia
699 597 896 644 nemo
929 582 1253 660 antiquior
1303 581 1489 644 dictis
1533 581 1736 642 Scho-

221 701 466 773 lasticis,
500 699 569 761 id
613 699 807 772 dixin
842 699 1138 761 secundo
1187 699 1339 777 quia
1387 714 1521 760 non
1567 696 1739 757 colli·

222 818 374 897 gitur
440 832 520 878 ex
591 819 792 890 textu,
843 814 1206 879 Corinthios
1263 813 1463 878 fuisse
1536 815 1602 875 in
1663 830 1741 877 eo

223 950 443 1007 errore,
479 935 663 1013 quasi
693 936 1000 996 virtutem
1029 932 1341 1011 Baptismi
1383 932 1747 994 tribuerent

222 1053 558 1126 ministriS,‘
594 1051 715 1113 sed
800 1056 1049 1113 tantum
1103 1050 1417 1129 gloriatos
1463 1063 1612 1109 esse
1659 1046 1743 1109 de

221 1170 523 1248 magistris
568 1171 700 1231 suis
771 1170 836 1231 in
901 1169 1073 1244 fide;
1121 1168 1341 1231 nullus
1397 1173 1618 1230 autem
1666 1186 1745 1231 ex

224 1287 798 1363 interpretantibuS,
833 1288 973 1349 sive
1005 1286 1262 1357 Graecis,
1309 1288 1447 1349 sive
1481 1286 1744 1358 Latium,

233 1400 394 1466 docet
440 1419 556 1465 eos
597 1401 801 1464 fuisse
845 1404 912 1463 in
943 1401 1048 1464 illo
1095 1417 1345 1464 errore.

154 1580 162 1588 ,
290 1517 592 1580 Caeterum
666 1519 952 1581 tenenda
1011 1525 1112 1581 est
1179 1520 1502 1581 sententia
1548 1519 1748 1579 Scho-

139 1588 189 1693 Ϊιῗ
227 1634 593 1708 lasticorum,
641 1652 838 1714 quam
894 1634 1072 1712 apud
1110 1635 1449 1697 historicos
1495 1633 1747 1695 Graecos

143 1724 166 1817 ¹..
224 1750 467 1827 reperiri
513 1750 710 1814 docet
751 1751 1089 1815 Cornelius
1147 1767 1184 1811 a
1255 1750 1519 1829 Lapide,
1574 1766 1747 1810 eam-

151 1850 180 1883 ¹⁸
226 1862 485 1942 demque
542 1881 805 1927 causam
869 1865 1307 1943 exprimendae
1363 1865 1458 1925 sic
1516 1863 1743 1928 formae

147 1999 156 2008 ·
221 1979 625 2058 baptismaIiS,
675 1999 808 2046 non
869 2000 1184 2060 expressa
1233 1999 1517 2061 persona
1561 1983 1744 2044 mini·

217 2097 340 2169 stri,
428 2101 627 2161 simul
698 2116 846 2162 cum
929 2101 1054 2161 alia
1134 2100 1388 2177 haeresi,
1465 2116 1610 2178 quae
1678 2101 1744 2161 in

224 2211 458 2276 Oriente
506 2216 804 2296 contigit,
878 2234 1021 2295 quae
1075 2219 1398 2298 majorem
1464 2215 1745 2279 fructum

219 2334 499 2410 Baptismi
546 2352 584 2396 a
639 2335 892 2396 meliori
937 2335 1233 2398 ministro
1279 2335 1419 2398 dari
1464 2339 1738 2399 conten-

223 2447 420 2524 debat,
461 2448 672 2513 fuisse
707 2450 902 2513 docet
929 2451 1159 2513 Petrus
1200 2450 1522 2513 Arcudius
1565 2451 1742 2513 Grae-

149 2571 196 2669 2
226 2583 321 2627 cus
368 2567 478 2628 tib.
518 2568 576 2628 1.
611 2570 690 2630 de
720 2570 1066 2644 Baptismo,
1103 2585 1247 2645 cap.
1283 2570 1346 2631 8.

150 2721 170 2757 .
286 2685 537 2747 Eri-asse
570 2691 796 2747 autem
839 2685 1205 2748 Corinthios
1256 2686 1424 2747 circa
1483 2686 1741 2763 Baptis-

150 2766 196 2822 ἢ·
226 2816 401 2873 mum,
476 2808 580 2864 est
624 2818 934 2883 expressa
985 2802 1314 2864 sententia
1370 2803 1741 2882 Augustini,

150 2912 319 3013 ffltib.
362 2919 436 2979 de
484 2919 678 2981 unico
727 2920 1058 2996 Baptismo
1113 2936 1257 2995 cap.
1326 2921 1390 2985 5.
1442 2924 1742 2997 tempore

227 3042 688 3118 Apostolorum,
739 3046 855 3120 qui
881 3044 1172 3106 dicebant
1220 3064 1234 3104 ε
1295 3047 1431 3120 Ερο
1485 3045 1748 3118 quidem

227 3172 347 3218 sum
387 3158 593 3234 Pauli,
658 3163 785 3221 etc.
834 3161 1126 3237 quamvis
1180 3176 1307 3222 non
1348 3176 1466 3235 per
1517 3160 1744 3236 impio·

227 3289 373 3346 rum,
417 3278 528 3338 sed
569 3281 966 3339 Sanctorum
1024 3279 1304 3350 nomina,
1339 3276 1468 3352 ipsi
1526 3281 1746 3336 tamen

225 3388 404 3464 impia
447 3391 791 3452 schismata
879 3390 1233 3465 faciebant,
1290 3391 1409 3451 hoc
1454 3392 1747 3466 ipsorum

227 3511 343 3563 erat
409 3507 778 3568 detestabile
840 3508 1085 3578 vitium,
1162 3512 1292 3569 etc.
1365 3508 1525 3571 Vide
1595 3523 1743 3585 quae

225 3627 586 3695 sequuntur,
626 3628 693 3683 et
724 3637 869 3699 cap.
908 3623 1004 3683 11.
1035 3624 1162 3684 Nec
1205 3621 1357 3683 illos
1385 3624 1746 3684 Corinthios

227 3724 487 3788 arbitror
521 3744 680 3805 quos
710 3730 779 3789 in
824 3727 1177 3790 schismata
1232 3728 1583 3791 dissiluisse
1639 3745 1737 3790 re-

225 3831 480 3908 daryuit,
512 3848 741 3896 veram
791 3834 988 3910 fldem
1039 3835 1338 3898 habuisse
1363 3838 1540 3911 quod
1569 3837 1735 3898 dice·

227 3945 398 4009 bant:
445 3953 582 4028 ‚890
625 3966 770 4013 sum
810 3951 1012 4011 Pauli
1026 3973 1047 4026 ;
1100 3952 1220 4012 hoc
1274 3955 1442 4012 enim
1497 3952 1746 4027 falsum

231 4068 809 4137 erat,verumtamen
841 4070 1243 4144 Baptismum
1283 4069 1616 4143 habebant,
1661 4085 1746 4131 ex

234 4180 384 4254 cujus
419 4185 711 4256 veritate,
774 4190 840 4244 ut
883 4185 1076 4244 istam
1102 4186 1501 4260 corriperent
1549 4185 1744 4260 falsi-

235 4295 415 4374 tatem,
446 4299 525 4359 ab
567 4316 643 4360 eo
700 4299 837 4376 ipso
868 4301 1139 4362 audiunt
1166 4321 1186 4360 .·
1215 4302 1547 4377 Numquid
1573 4304 1744 4361 Pau-

237 4405 316 4470 lus
333 4429 444 4488 pro
486 4416 664 4476 vobis
693 4416 1047 4490 crucifixus
1085 4420 1172 4477 est
1199 4419 1228 4476 ?
1257 4423 1370 4476 aut
1414 4419 1477 4477 in
1534 4418 1739 4477 nomi-

237 4538 296 4582 ne
331 4529 514 4591 Pauli
554 4531 873 4607 baptizati
897 4534 1042 4593 estis
1072 4533 1099 4592 ἳ
1133 4533 1297 4594 Dicit
1368 4536 1566 4594 etiam
1627 4549 1743 4594 eos

236 4635 502 4707 habuisse
577 4663 890 4719 errorem,
967 4648 1261 4725 quamvis
1342 4647 1746 4710 crediderint

238 4751 510 4821 Christum
536 4763 976 4824 resurrexisse
1002 4764 1170 4824 circa
1193 4767 1742 4826 resurrectionem

137 4875 138 4960 f
236 4878 631 4952 mortuorum,
665 4892 860 4954 quem
911 4877 1144 4938 Paulus
1203 4894 1286 4939 ex
1356 4880 1739 4941 resurrecti-

137 4971 138 5020 ἶ
238 4999 342 5045 one
369 4988 588 5052 Christi
631 4991 961 5055 confutat:
1000 4996 1080 5054 Si
1103 4995 1352 5054 mortui
1376 5012 1499 5057 non
1527 5010 1741 5056 resur-

235 5110 385 5176 yunt,
440 5125 636 5185 neque
668 5109 963 5171 Christus
999 5112 1384 5185 resurr-escit,
1422 5117 1548 5173 etc.
1580 5127 1746 5172 con-

237 5211 421 5282 futans
463 5239 751 5286 errorem
799 5242 1029 5287 eorum
1075 5243 1157 5287 ex
1212 5230 1511 5302 veritate,
1548 5244 1746 5307 quam
1838 5221 1850 5232 ⁶

241 5336 472 5401 tenebat
510 5339 593 5401 de
623 5343 1106 5403 resurrectione
1139 5342 1389 5417 Christi,
1424 5345 1515 5403 sic
1549 5344 1746 5408 etiam

243 5464 490 5516 errorem
521 5457 603 5519 de
647 5458 976 5537 Baptismo
1022 5459 1090 5520 in
1145 5461 1412 5521 nomine
1467 5461 1747 5524 ministri

244 5566 584 5648 confutavit,
677 5591 758 5636 ex
830 5575 1103 5637 veritate
1178 5573 1264 5636 de
1306 5577 1631 5654 Baptismo
1681 5580 1748 5640 in

358 5682 496 5739 Tom.
548 5688 682 5742 xvl.

3268 416 3389 479 289

1855 579 2114 640 nomine
2179 577 2412 640 Christi
2462 597 2477 651 ;
2525 586 2591 641 et
2620 584 2704 643 ita
2754 582 2981 643 statuit
3021 579 3402 643 faciendum

1855 712 2005 757 cum
2063 697 2228 769 aiiiS,
2264 705 2335 758 ut
2405 713 2482 757 ex
2545 699 2843 769 veritate,
2908 681 3100 778 quani
3149 704 3400 773 tenent,

1859 814 2221 891 corrigatur
2244 829 2424 874 error
2455 816 2520 874 in
2541 816 2704 890 aliiS‚
2728 814 3068 877 adducens
3100 819 3402 898 exempla

1856 930 1939 992 de
1983 931 2213 993 Judaeo
2249 939 2315 993 et
2346 933 2604 997 Gentili.

3554 1050 3632 1100 14.

1934 1050 2376 1123 Augustinum
2429 1053 2728 1130 sequitur
2757 1054 2991 1116 iisdem
3020 1056 3239 1117 verbis
3287 1055 3405 1115 Be-
3501 1116 3661 1165 Beda.

1859 1162 1941 1224 da
1987 1168 2052 1226 in
2109 1168 2160 1225 Ι.
2209 1170 2297 1228 ad
2346 1169 2628 1230 Corinth.
2688 1170 2732 1230 1.
2791 1168 3073 1232 Eosdem
3148 1186 3403 1233 errasse
3430 1178 3735 1292 Ρέἐὶἰπῶἳίυιὲε

1857 1283 2171 1359 supponit
2199 1281 2567 1357 PrimasiuS,
2615 1284 2884 1358 ibidem,
2961 1286 3266 1349 sedulius
3338 1291 3404 1349 in

1856 1393 2017 1456 illud
2066 1415 2080 1456 ε
2146 1399 2406 1460 Gratias
2503 1417 2628 1477 ayo
2700 1402 2973 1463 Domino
3038 1405 3166 1463 Deo
3242 1418 3405 1472 meo,

1859 1511 2031 1583 quod
2047 1514 2365 1573 neminem
2386 1519 2666 1574 vestrum
2694 1515 3179 1591 baptizavi,etc.
3214 1518 3407 1578 Idcir-

1859 1645 1930 1689 co
1995 1630 2312 1690 neminem
2367 1636 2648 1692 vestrum
2720 1633 3070 1709 baptizavi,
3140 1650 3220 1693 ne
3260 1635 3407 1711 quis

1856 1762 1960 1806 me
1979 1752 2245 1821 putaret
2276 1751 2342 1810 in
2385 1766 2527 1811 meo
2559 1754 2815 1813 nomine
2856 1753 3237 1829 baptizasse,
3284 1754 3415 1813 nisi

1861 1865 2161 1939 Crispum
2250 1871 2305 1925 et
2397 1870 2651 1940 Caium,
2702 1870 2819 1944 qui
2869 1887 2933 1930 se
2989 1886 3114 1930 non
3193 1870 3409 1930 dicunt

1858 1980 1925 2039 in
1979 1995 2119 2040 meo
2190 1983 2444 2043 nomine
2526 1984 2904 2060 baptizatos,
2976 1991 3101 2048 etc.
3161 1983 3409 2046 Asserit

1857 2092 2293 2174 Hieronymus
2321 2097 2387 2158 in
2432 2098 2777 2175 epistolam
2833 2098 2918 2160 ad
2959 2099 3173 2160 Titum
3231 2115 3403 2161 asse·
3480 2096 3692 2224 Ηὲῑξὲἆὶ·

1855 2211 2065 2271 ruisse
2112 2226 2196 2271 ex
2232 2211 2354 2272 hac
2416 2217 2765 2277 occasione
2810 2214 3179 2276 ordinatum
3233 2231 3405 2291 esse,
3457 2222 3716 2272 Sedutius.

1856 2342 1942 2387 ne
2003 2327 2132 2389 duo
2172 2330 2475 2408 Episcopi
2533 2334 2660 2393 sint
2705 2333 2772 2393 in
2811 2330 3047 2393 eadem
3105 2333 3399 2407 civitate;

1857 2442 1978 2503 sed
2025 2450 2091 2505 et
2140 2445 2367 2507 Petrus
2412 2448 2813 2510 Lombardus
2856 2450 2922 2509 in
2977 2449 3111 2523 illa,
3166 2452 3410 2513 divisus

1857 2573 1946 2628 est
1980 2568 2310 2631 Christus:
2353 2572 2518 2632 Adeo
2569 2574 2763 2646 enim,
2811 2575 3044 2652 inquit,
3097 2577 3404 2636 errabant

1858 2685 1986 2757 isti,
2033 2694 2103 2746 ut
2124 2690 2420 2763 putarint
2448 2691 2738 2765 qratiam
2785 2693 2941 2753 dari
2992 2693 3073 2753 ab
3128 2693 3406 2764 homine,

1858 2817 1983 2861 non
2013 2804 2206 2878 quasi
2254 2805 2577 2880 ministre,
2627 2807 2741 2868 sed
2778 2812 3059 2879 auctore,
3085 2808 3185 2867 vet
3208 2812 3407 2883 puta-

1857 2907 2008 2968 bant
2039 2910 2470 2998 Christumin
2530 2916 2855 2989 Baptismo
2896 2919 3109 2993 mayis
3149 2921 3416 2993 operari

1849 3041 1972 3101 per
2004 3026 2335 3088 meliorem
2368 3028 2736 3105 baptistam,
2770 3037 2826 3092 et
2872 3034 3084 3094 minus
3123 3050 3244 3109 per
3285 3036 3411 3095 mi·

1857 3157 1979 3204 nus
2008 3134 2283 3218 bonum;
2319 3149 2388 3206 et
2437 3141 2605 3207 infra
2655 3165 2669 3208 :

3506 2458 3688 2506 Petrus

3459 2521 3726 2572 Lonibarai.

2756 3148 3157 3213 Vehementer
3219 3166 3407 3212 erra-

1859 3259 2009 3320 bant
2061 3262 2191 3331 isti,
2228 3263 2385 3337 quia
2425 3264 2588 3324 ostia
2633 3264 2763 3324 sibi
2800 3272 3040 3341 praeter
3079 3269 3404 3331 Christum

1857 3377 2342 3452 constituebant,
2400 3385 2458 3440 et
2497 3379 2927 3454 fundamenta
2972 3385 3261 3460 deversa,
3287 3391 3401 3450 etc.

1938 3491 2108 3567 Quin
2131 3495 2329 3553 etiam
2352 3493 2860 3571 chrysostomus
2880 3498 3056 3559 hom.
3083 3501 3143 3562 3.
3169 3502 3235 3561 in
3256 3502 3399 3564 illa:
3451 3495 3717 3564 chrysost.

1855 3613 1974 3668 Aut
2001 3610 2066 3668 in
2097 3613 2353 3673 nomine
2373 3628 2510 3673 meo
2531 3615 2849 3690 baptizati
2875 3620 3041 3690 estis,
3068 3636 3181 3681 nec
3200 3623 3403 3684 dimit.-

1853 3727 2172 3800 numquid
2254 3728 2501 3791 Paulus
2603 3732 2975 3807 baptizavit,
3059 3734 3406 3810 baptizavit

1854 3842 2024 3901 enim
2063 3842 2335 3917 muttos;
2363 3847 2618 3907 sednon
2648 3855 2788 3910 erat
2829 3852 2900 3911 id
2948 3854 3123 3927 quod
3163 3869 3407 3928 quaere-

1857 3955 2076 4029 batur,
2129 3975 2171 4018 a
2210 3975 2491 4034 quonam
2522 3963 2836 4039 baptizati
2888 3971 3110 4040 essent,
3162 3971 3272 4031 sed
3340 3971 3409 4030 in

1857 4077 2044 4154 qu'us
2066 4078 2320 4137 nomine
2340 4085 2533 4139 essent
2556 4080 2889 4157 baptizati,
2914 4099 3070 4144 nam
3101 4087 3413 4161 quoniam

1858 4192 2289 4271 haec-quoque
2331 4200 2471 4256 erat
2528 4213 2725 4259 causa
2779 4198 3161 4276 schismatis,
3226 4202 3405 4280 quod

1854 4316 2242 4372 vocarentur
2286 4311 2367 4370 ab
2422 4313 2524 4385 iis,
2582 4317 2698 4389 qui
2752 4315 3179 4390 baptizarent,
3261 4327 3389 4380 etc.

1857 4426 2166 4501 Quamvis
2196 4433 2421 4489 autem
2450 4430 2547 4491 his
2568 4431 2781 4492 verbis
2810 4447 2943 4493 non
2966 4433 3255 4495 insinuat
3279 4450 3394 4496 eos

1856 4541 2057 4604 fuisse
2089 4545 2158 4604 in
2189 4546 2296 4606 illo
2331 4562 2578 4618 errore,
2612 4545 2777 4608 infra
2825 4554 3043 4610 tamen
3089 4550 3244 4612 dicit
3288 4568 3396 4629 pe-

1854 4653 2132 4713 riculum
2178 4654 2323 4732 ejus
2355 4653 2583 4729 fuisse,
2642 4672 2797 4717 nam
2846 4659 2906 4718 si
2957 4675 3104 4719 cum
3154 4660 3313 4720 viles
3353 4668 3410 4721 et

1854 4769 2117 4845 abjecti,
2154 4776 2209 4831 et
2275 4774 2390 4847 qui
2420 4773 2668 4834 nultius
2721 4780 2860 4836 sunt
2910 4777 3425 4839 existimationis

1855 4887 2145 4949 homines
2188 4887 2613 4966 baptizarent,
2677 4898 2822 4952 orta
2884 4896 2971 4953 est
3016 4893 3308 4969 haeresis;
3361 4894 3430 4956 si

1859 5020 1979 5077 eqo
2011 5005 2127 5079 qui
2153 5008 2540 5068 annuntiavi
2578 5009 2983 5084 Baptismum
3027 5011 3263 5072 multos
3294 5012 3417 5072 ba·

1852 5123 2223 5197 ptizassem,
2253 5122 2606 5184 verisimile
2660 5130 2814 5184 esset
2843 5125 3146 5199 futurum
3180 5129 3385 5203 fuisse
3409 5189 3426 5216 ‚

1857 5242 1926 5296 ut
1962 5239 2416 5307 convenientes,
2446 5254 2573 5297 non
2616 5240 2827 5299 solum
2882 5241 2947 5300 ia
2979 5259 3119 5302 meo
3146 5245 3413 5306 nomine

1856 5358 2262 5425 vocarentur,
2334 5355 2447 5414 sed
2502 5354 2666 5414 mihi
2704 5371 2957 5434 quoque
3018 5358 3411 5434 baptismum

1859 5467 2235 5540 tribuerent,
2270 5473 2396 5528 etc.

1941 5583 2074 5645 Hoc
2174 5583 2387 5660 ipsum
2452 5584 2813 5662 periculum
2868 5585 3264 5662 sufficiebat,
3338 5598 3414 5654 ut

3195 5704 3254 5756 19
