4255 6375
593 3352 667 3403 ¹2.

567 3415 697 3474 Quae

495 3475 764 3589 3333?AE

512 3601 742 3651 annullet

506 3665 723 3716 sormam
733 3661 754 3711 t

805 391 934 455 320

811 555 1040 625 duram
1111 557 1252 626 loco
1299 560 1613 648 ambiguo
1700 572 1767 628 et
1834 561 2110 637 difficili,
2163 582 2358 651 quam

810 669 1193 739 admittatur
1240 695 1479 742 sensus
1536 696 1883 756 erroneus;
1945 698 2157 764 neque
2200 698 2364 763 proe-

812 785 983 854 dicta
1046 791 1371 875 expositio
1423 792 1511 858 ita
1563 802 1664 858 est
1720 793 1907 873 dura,
1953 794 2113 883 quin
2164 797 2363 862 verba

811 916 875 970 et
927 905 1269 976 discursus
1318 911 1648 977 Ambrosii
1718 912 1930 980 eidem
1992 914 2202 999 possit
2254 936 2364 982 ac-

811 1020 1236 1089 commodari.
1267 1027 1420 1091 Haec
1440 1035 1693 1092 tantum
1729 1026 2208 1095 insinuaverim
2235 1050 2364 1094 non

813 1138 1240 1224 repugnando
1277 1142 1612 1207 communi
1646 1143 1866 1209 sensui
1900 1143 2206 1224 aliorum,
2244 1145 2356 1230 qui

809 1255 1226 1323 Ambrosium
1292 1258 1482 1324 aliter
1549 1259 1952 1346 intelligunt,
2043 1260 2199 1348 quia
2252 1261 2357 1327 vi-

812 1370 1001 1437 detur
1060 1374 1270 1460 magis
1355 1375 1685 1461 expedire,
1756 1390 1827 1443 ut
1891 1377 2176 1464 benigne
2251 1399 2366 1464 pro

812 1489 1178 1555 reverentia
1261 1489 1690 1578 intelligatur,
1771 1505 1963 1578 prout
2045 1493 2155 1559 alii
2263 1494 2367 1580 pie

819 1623 971 1668 eum
1005 1603 1543 1692 interpretantur,
1578 1607 1747 1676 sicut
1800 1609 2361 1689 AltisiodorensiS,

808 1722 884 1785 D.
930 1722 1237 1800 TliomaS‚
1296 1736 1360 1789 et
1396 1726 1871 1805 Bonaventura,
1908 1726 2272 1793 Richardus
2304 1738 2368 1792 et

809 1835 943 1915 alii,
1008 1857 1174 1922 quos
1231 1839 1458 1907 videre
1510 1841 1659 1908 licet
1698 1843 1868 1929 apud
1932 1844 2117 1910 alios.
2182 1846 2369 1909 Pater

809 1954 1100 2039 Vasquez
1130 1975 1391 2022 omnem
1436 1957 2034 2044 interpretationem
2075 1961 2221 2046 ejus
2258 1981 2368 2026 ex-

812 2068 1040 2148 cludit,
1078 2070 1184 2136 alii
1218 2075 1551 2151 Doctores,
1592 2085 1660 2139 ut
1695 2088 1916 2141 noster
1950 2080 2182 2142 Doctor
2218 2096 2368 2143 cum

815 2187 1178 2253 reverentia
1224 2201 1645 2275 praetereunt,
1700 2204 1765 2258 et
1796 2191 2214 2259 dissimulant
2251 2193 2368 2258 dif-

813 2301 1196 2383 ficultatem,
1278 2316 1629 2373 tractantes
1696 2308 2131 2395 quaestionem
2179 2311 2368 2397 juxta

814 2437 1233 2487 communem
1273 2420 1672 2490 decisionem
1711 2424 2045 2492 Ecclesiae.

1382 2641 1466 2698 SC
1477 2643 1782 2701 HoLtUM.

888 2849 1321 2920 incongruitas
1352 2848 1418 2904 in
1449 2848 1570 2907 fine
1604 2851 1963 2919 verborum,
1996 2853 2047 2907 si
2081 2852 2367 2923 singulo-

816 2962 956 3004 rum
1005 2947 1343 3004 verborum
1375 2951 1708 3019 conceptus
1765 2949 1903 3020 capi
1935 2952 2213 3022 possunt,
2246 2965 2367 3007 non

818 3045 1128 3112 annullat,
1208 3046 1269 3100 et
1341 3045 1507 3102 idem
1587 3051 1680 3103 est
1753 3047 1830 3104 de
1885 3049 2372 3121 transpositione

821 3146 1101 3201 mutante
1157 3148 1524 3217 conceptum
1555 3145 1880 3204 orationis.

911 3351 1023 3422 De
1098 3348 1348 3421 tertia
1396 3351 1500 3438 (k)
1549 3351 2013 3425 variatione
2066 3351 2369 3444 princi-

825 3466 1014 3559 pali,
1140 3472 1530 3558 quantum
1638 3471 1734 3542 ad
1844 3470 2366 3552 Qualitatem,

820 3582 895 3654 id
960 3589 1110 3661 est.
1183 3585 1838 3665 terminationes,
1933 3607 2107 3678 quae
2201 3606 2370 3679 per-

813 3699 1076 3774 tinent
1189 3702 1284 3774 ad
1410 3702 2044 3794 congruitatem,
2148 3707 2370 3796 patet

822 3837 961 3909 per
996 3817 1209 3894 illud,
1275 3820 1543 3911 capite
1609 3820 1699 3890 de
1769 3840 2134 3892 consecr.
2180 3820 2363 3894 dist.

812 3935 880 4005 4.
959 3936 1379 4016 accederunt,
1429 3934 1558 4006 ubi
1623 3937 1851 4027 Papa
1937 3938 2369 4028 respondet

813 4051 906 4124 de
1003 4052 1436 4126 Sacerdote
1523 4053 1659 4144 qui
1752 4054 2198 4146 baptizavit
2289 4057 2370 4124 in

814 4171 1087 4236 nomine
1180 4172 1440 4250 Patria,
1542 4182 1602 4236 et
1685 4173 1859 4255 filia,
1968 4186 2032 4239 ec
2121 4175 2370 4260 spi-ritu

813 4297 1069 4353 sancta.
1146 4285 1368 4366 Quod
1439 4285 1505 4356 si
1587 4283 1735 4358 hoc
1797 4284 1988 4358 fecit
2058 4307 2169 4380 ex,
2228 4286 2370 4359 im-

818 4400 1119 4493 peritia
1177 4401 1474 4492 linguae
1514 4401 1848 4484 Latinae,
1915 4423 2073 4475 non
2119 4403 2370 4476 inten-

817 4517 1008 4589 dens
1141 4516 1522 4590 inducere
1645 4539 2048 4601 errorem,
2175 4542 2370 4593 vere

814 4632 1285 4724 baptizavit.
1422 4633 1641 4715 Quod
1758 4634 2368 4728 intelligendum

819 4751 970 4830 est,
1036 4747 1351 4839 quando
1429 4751 1554 4820 est
1636 4748 1823 4822 talis
1905 4749 2370 4842 incongrui-

822 4868 949 4937 tas
1030 4864 1113 4937 in
1198 4863 1353 4936 fine
1456 4863 1861 4950 dictionis,
1953 4889 2129 4960 quae
2205 4889 2370 4941 non

828 4978 1201 5075 prohibet
1262 4979 1455 5072 quin
1546 4982 1807 5074 possit
1911 4984 2092 5075 capi
2180 5005 2370 5057 con-

824 5100 1105 5189 ceptus
1166 5094 1672 5187 significatus
1721 5118 1862 5190 per
1899 5099 2363 5174 dictionem.

784 5213 919 5285 Et
1022 5213 1416 5305 quomodo
1516 5214 1666 5288 hoc
1757 5215 1865 5289 sit
1952 5217 2359 5310 possibile,

813 5327 1010 5401 bene
1048 5330 1588 5420 experiuntur
1646 5331 1898 5424 aliqui
1949 5333 2365 5406 audientes

815 5447 1202 5536 quosdam
1280 5446 1750 5529 illiteratos,
1827 5453 1958 5543 qui
2032 5452 2367 5543 loquun-

780 5565 955 5641 ·tur
1046 5561 1564 5656 incongrue„
1632 5570 1732 5641 et-
1803 5568 2080 5640 tamen
2171 5566 2370 5640 bene

2450 4052 2866 4131 articulo,

2442 5235 2447 5242 ·
2487 5237 2707 5289 mere

2440 5348 2861 5427 persona,
2946 5335 3021 5404 et
3112 5333 3386 5403 actum
3456 5327 3865 5402 indicative
3914 5321 3976 5389 et

1998 400 2140 464 ΗΒ.
2175 400 2275 462 lV.
2307 397 2905 466 SENTEN'NARUM

2479 563 2947 657 concipiunt
3054 562 3235 655 quid
3337 561 3621 635 volunt
3722 560 3957 642 dicere,

2477 680 2726 752 etiam
2774 683 3163 772 quantum
3205 680 3301 751 ad
3370 677 3699 770 singula
3740 678 3960 750 verba.

2565 799 2679 870 De
2738 800 3033 887 quarta
3073 796 3154 886 (l)
3202 795 3670 869 variatione
3726 795 3962 887 princi·
4054 836 4088 885 a

2476 912 2667 1005 pali,
2749 912 3064 985 scilicet
3129 914 3274 994 Ubi,
3354 911 3533 985 dico
3607 899 4086 1011 quodni-„lg

2476 1050 2634 1121 qua
2710 1029 3253 1122 transpositio
3353 1028 3686 1101 omnino
3748 1028 4085 1134 variates-3

2478 1145 2992 1226 sententiam,
3067 1150 3154 1219 ut
3222 1145 3289 1218 si
3338 1145 3749 1217 diceretur
3794 1170 3809 1213 ε
3864 1149 3970 1234 1390

2480 1267 2706 1332 Patris
2760 1267 3025 1352 baptizo
3073 1276 3133 1331 ce
3175 1268 3249 1332 in
3285 1267 3557 1331 nomine
3630 1265 3814 1341 Filii,
3850 1265 3968 1335 ete.

2480 1380 2773 1471 Aliqua
2802 1382 3075 1452 autem
3115 1377 3662 1472 transpositio
3709 1378 3977 1471 permit-

2477 1496 2581 1569 tit
2660 1501 2746 1569 ut
2824 1496 3334 1587 transposita
3400 1499 3735 1568 teneant
3791 1496 3973 1585 quasi

2478 1612 2841 1683 eamdem
2901 1611 3294 1684 virtutem
3363 1609 3444 1682 in
3496 1609 3677 1702 ipsa
3734 1607 3972 1683 forma.

2483 1729 2568 1798 ut
2641 1724 2709 1797 si
2748 1727 3161 1799 diceretur
3204 1751 3220 1795 ε
3286 1728 3362 1793 In
3400 1728 3674 1793 nomine
3736 1725 3885 1791 Filii
3933 1736 3976 1788 et

2482 1844 2707 1911 Patris
2754 1847 2907 1915 etc.
2982 1844 3083 1915 Et
3146 1841 3416 1933 prima
3485 1836 3974 1930 transpositio
4018 1839 4083 1964 g}

2482 1957 2837 2050 impedit,
2939 1958 3128 2049 quia
3204 1957 3477 2030 aufert
3545 1960 4083 2077 conceptumffifj

2482 2073 2912 2156 orationis,
2976 2079 3065 2146 ut
3116 2073 3498 2146 instituta
3538 2076 3694 2145 est.
3741 2074 3976 2144 Secun·
4048 2107 4083 2139 ει

2476 2191 2575 2261 da
2642 2209 2804 2263 non
2874 2190 3233 2283 impedit,
3321 2189 3506 2282 quia
3595 2189 3754 2263 etsi
3832 2207 3979 2260 con·
4022 2154 4084 2265 Μ,

2480 2323 2778 2396 gruum
2883 2310 3097 2379 esset
3222 2326 3560 2379 servare
3672 2295 4083 2378 ordinem&

2481 2423 2963 2514 proferendo
3031 2443 3451 2515 personas,
3512 2420 3650 2514 qui
3684 2427 3802 2496 est
3845 2439 3977 2513 per·

2462 2559 2870 2612 sonarum
2934 2539 3369 2611 secundum
3454 2537 3871 2629 originem,
3924 2540 3983 2607 et

2484 2655 3037 2731 necessarium
3088 2655 3195 2730 sit
3244 2655 3399 2729 hoc
3468 2660 3854 2747 quantum
3910 2653 3981 2723 ad

2482 2772 2979 2854 ministrum,
3083 2776 3360 2846 tamen
3460 2791 3626 2843 non
3702 2770 3980 2844 videtur

2488 2890 2816 2962 omnino
2914 2887 3473 2960 necessarium
3596 2907 3697 2959 ex
3797 2887 3983 2978 parte

2487 3006 3022 3088 sacramenti,
3111 3005 3302 3096 quia
3381 3022 3757 3096 personae
3836 3020 3985 3093 quo·

2484 3144 2824 3217 cumque
2912 3120 3190 3196 ordine
3281 3120 3752 3203 nominatae,
3831 3122 3980 3190 sunt

2489 3260 2735 3312 unum
2855 3237 3215 3312 efficiens
3350 3237 3802 3330 principale
3925 3233 3984 3304 in

2482 3356 2929 3448 Baptismo,
3008 3358 3089 3427 et
3169 3357 3255 3427 ut
3318 3351 3432 3425 sic
3509 3352 3982 3426 invocantur.

2574 3473 2686 3544 Ad
2748 3471 3103 3565 primum
3165 3472 3747 3560 argumentum
3803 3469 4082 3590 patetMl

2481 3610 2581 3661 ex
2654 3587 2917 3681 primo
2970 3586 3355 3665 articulo,
3410 3585 3609 3676 quid'
3660 3585 3766 3657 sit
3840 3603 3983 3674 pro-

2484 3702 2660 3797 prie
2722 3704 2991 3775 forma
3053 3700 3211 3780 hle.
3255 3705 3335 3775 et
3388 3700 3754 3794 qualiter.
3780 3696 3987 3770 verba

2486 3824 2673 3893 sunt
2752 3818 3041 3891 forma.

2571 3938 2684 4009 Ad
2763 3936 3198 4010 secundum
3255 3939 3479 4028 patet
3538 3955 3639 4007 ex
3686 3930 3988 4007 secundo
4048 3939 4079 3988 ὼ

2971 4053 3181 4144 quod
3251 4051 3634 4126 Christus
3711 4067 3989 4140 expres·

2485 4170 2592 4242 sit
2688 4169 2957 4248 verba,
3032 4188 3207 4260 quae
3286 4171 3474 4240 sunt
3548 4161 3989 4259 principalia

2483 4285 2564 4357 in
2600 4284 2866 4358 forma
2918 4280 3081 4364 illa,
3134 4289 3217 4357 et
3278 4303 3450 4375 quae
3505 4301 3671 4354 non
3740 4274 3989 4372 princi·

2482 4404 2723 4496 palia,
2782 4403 3097 4477 scilicet
3129 4406 3403 4476 actum
3451 4406 3532 4476 et
3575 4398 3990 4491 suscipien-

2445 4526 2679 4603 'tem;
2780 4519 3055 4593 sedin
3154 4521 3563 4611 potestate
3656 4509 3991 4589 Ecclesiae

2480 4635 2634 4708 fuit
2724 4633 3276 4709 determinare
3374 4630 3666 4723 quibus
3752 4624 3986 4700 verbis

2480 4752 2768 4847 primae
2849 4750 2975 4823 vel
3058 4750 3423 4822 secundae
3496 4766 3880 4841 personae,
3925 4747 3985 4812 ct

2482 4866 2898 4941 indicativi
2967 4865 3095 4937 vel
3142 4865 3490 4959 optativi
3524 4863 3738 4938 modi
3767 4855 3986 4952 expri-

2486 4985 2908 5057 merentur
3012 4980 3461 5073 suscipiens
3571 4985 3656 5053 et
3756 4981 3981 5048 actus:

2480 5102 2562 5172 et
2634 5097 2996 5173 Ecclesia
3086 5096 3381 5171 Latina
3446 5093 3696 5186 elegit
3762 5085 3980 5181 expri-

2829 5214 3410 5306 suscipientem
3506 5213 3584 5284 in
3668 5205 3965 5284 secunda

2485 5448 3116 5528 rationabiliter,
3181 5451 3271 5521 ut
3352 5452 3677 5521 notaret
3753 5437 3972 5514 minis·

2480 5570 2706 5639 trum
2797 5584 2992 5638 vere
3093 5563 3475 5637 conferre
3557 5563 3966 5636 Sacramen-
