4255 6375
830 379 950 443 708

847 540 1080 612 bantur
1120 546 1412 616 liaeretici
1449 572 1563 638 per
1588 553 1793 621 solam
1842 575 2079 622 manus
2114 555 2381 642 imposi-

835 657 1101 743 tionem,
1138 665 1365 734 saltem
1431 670 1615 755 juxta
1658 692 1849 740 usum
1882 684 1947 738 et
1980 673 2228 759 praxim
2261 676 2379 745 Ec-

834 775 1054 844 clesiae
1096 783 1425 864 Romanae,
1479 786 1916 874 quianempe
1955 788 2204 869 Ariani,
2269 790 2382 876 qui

835 906 1021 962 erant
1058 895 1556 984 frequentiores,
1613 904 2034 972 conferebant
2092 905 2383 972 chrisma

839 1029 955 1094 per
1004 1032 1157 1079 suos
1196 1013 1550 1103 Episcopus
1590 1018 1805 1086 valide
1833 1031 2273 1098 consecratoS‚
2323 1035 2387 1086 et

837 1141 1211 1212 sequentes,
1276 1131 1473 1198 ritum
1534 1134 1842 1201 Ecclesiae
1887 1138 2219 1213 Romanae,
2281 1136 2383 1201 vel

836 1255 1011 1310 certe
1081 1246 1231 1332 quia
1298 1251 1789 1316 Sacramentum
1854 1250 2387 1318 confirmationis

837 1357 1259 1427 disserebatur
1299 1384 1415 1449 pro
1444 1376 1777 1452 tempore3
1835 1367 1921 1432 ita
1954 1366 2385 1433 Bellarminus

843 1473 956 1560 qui
1014 1476 1205 1543 modo
1264 1499 1462 1566 supra
1518 1481 1838 1567 explicato
1897 1482 1961 1549 in
2018 1496 2388 1549 commemo

840 1590 1068 1675 primae
1108 1595 1516 1680 quoestionis,
1564 1597 1908 1683 praedictos
1940 1601 2233 1665 Canones
2286 1599 2387 1664 in-

840 1704 1096 1793 telligit.

624 1831 677 1880 8.
767 1888 776 1899 ‚
928 1815 1500 1886 Confirmationem
1536 1821 1912 1908 imprimere
1941 1823 2385 1890 characterem

490 1892 814 2022 ἳῗὲἒῖἷῗῃῖῗο
843 1930 1027 1999 docet
1085 1937 1341 2017 Doctor‚
1420 1951 1483 2004 et
1539 1952 1713 2025 patet
1771 1961 1851 2006 ex
1910 1939 2141 2017 dictis:
2189 1940 2384 2028 idque

519 2022 787 2072 characte-
843 2046 1151 2136 colligere
1206 2050 1357 2118 licet
1402 2075 1494 2132 lex
1554 2056 1877 2136 Patribus,
1940 2057 2050 2143 qui
2121 2055 2390 2143 perinde

845 2165 968 2231 hoc
1055 2168 1542 2237 Sacramentum
1641 2171 1719 2238 ad
1822 2173 2387 2260 consignationem

845 2280 1157 2363 referunt,
1211 2283 1380 2350 sicut
1427 2299 1489 2358 et
1540 2286 1978 2372 Baptismum;
2023 2288 2103 2354 de
2148 2287 2388 2374 quibus

840 2397 1282 2467 Nazianzenus
1349 2414 1411 2468 et
1452 2403 1728 2469 Basilius
1787 2403 1981 2469 simul
2032 2403 2390 2490 loquuntur

839 2513 903 2579 in
937 2512 1095 2580 locis
1129 2536 1325 2602 supra
1356 2519 1712 2604 expressis„
1750 2519 1899 2606 quia
1923 2519 2117 2585 simul
2144 2518 2385 2606 daban-

836 2640 965 2704 tur.
1055 2630 1329 2721 ideoque
1396 2647 1664 2702 vocatur
1736 2635 2383 2722 signaculum‚,non

835 2765 1024 2812 secus
1056 2768 1129 2813 ac
1180 2747 1572 2835 Baptismus.
1628 2752 1949 2820 Delinitur
1987 2752 2053 2819 in
2113 2751 2382 2836 Triden-

835 2861 971 2927 tino
1002 2874 1062 2929 et
1111 2863 1477 2949 Florentino
1506 2867 1747 2934 citatis.

581 2097 691 2154 rem
702 2120 715 2133 .

538 2149 755 2199 Nazianz
767 2181 780 2195 .

539 2206 779 2262 Basilina.

1308 3113 1769 3197 QUAESTIO
1866 3119 1956 3187 V.
2007 3065 2013 3076 ’

845 3332 1076 3398 Utrum
1137 3332 1225 3395 sic
1289 3331 1521 3419 aliqua
1555 3353 1754 3419 poena
1812 3334 2204 3401 iterantium
2250 3338 2383 3404 Sa-

1057 3459 1469 3514 cramentum
1516 3450 2116 3533 Confirmationis?

830 3684 1084 3742 Richard.
1126 3684 1217 3742 hic
1246 3694 1359 3744 are.
1389 3690 1445 3744 6.
1478 3696 1667 3759 quaest.
1702 3691 1754 3747 1.
1790 3690 2059 3750 Paludan.
2099 3702 2288 3763 qumi.
2321 3700 2377 3753 2.

897 3757 1067 3812 Gahr.
1107 3765 1291 3827 quaest.
1338 3763 1495 3816 unic.
1548 3768 1663 3817 art.
1696 3763 1750 3818 3.
1786 3761 1958 3837 Major
2013 3768 2076 3819 in
2106 3769 2212 3833 fin.
2246 3770 2376 3825 dist.

899 3831 1103 3886 Anton.
1135 3832 1189 3886 3.
1221 3848 1278 3901 p.
1304 3836 1391 3889 m.
1428 3834 1517 3888 28.
1549 3849 1595 3889 c.
1628 3836 1677 3888 6.
1718 3838 1753 3900 ἓ
1782 3834 1835 3890 3.
1896 3838 2095 3893 Navar.
2131 3854 2260 3906 cap.
2290 3843 2382 3896 27.

899 3916 1056 3955 num.
1114 3903 1242 3958 247.
1300 3908 1463 3971 yloss.
1495 3920 1541 3959 c.
1601 3906 1818 3959 dictum
1850 3914 1946 3974 est,
2007 3911 2070 3961 de
2127 3926 2375 3968 consecr.

898 3974 953 4027 d.
1002 3973 1053 4027 5.
1102 3972 1302 4029 Suarez
1339 3976 1391 4031 3.
1450 3982 1604 4043 part.
1656 3983 1787 4031 tom.
1848 3979 1902 4034 3.
1952 3981 2009 4035 d.
2036 3981 2127 4036 38.
2159 3990 2287 4040 sec-t.
2326 3985 2376 4040 1.

900 4044 1101 4100 Covar.
1132 4049 1289 4102 clem.
1329 4046 1371 4101 si
1399 4045 1644 4115 furiosus,
1677 4048 1731 4101 1.
1797 4056 1951 4116 part.
2001 4057 2189 4119 princ.
2225 4057 2384 4112 Sotus

900 4113 995 4172 Ιιῑο
1022 4122 1205 4186 quaest.
1235 4123 1389 4173 unic.
1423 4124 1537 4176 art.
1568 4119 1620 4174 5.
1650 4120 1844 4176 Bassol.
1878 4130 2064 4191 quaest.
2098 4126 2148 4180 1.

616 4413 639 4463 1
835 4343 1288 4434 [ffissUlterius
1341 4344 1761 4437 quaeritur,
1837 4366 2008 4440 quae
2070 4346 2175 4420 sit
2220 4369 2378 4441 poe-

492 4449 693 4540 Quoest.
745 4480 799 4532 a.
836 4482 941 4537 na
1018 4462 1497 4537 iterantium
1601 4463 1796 4537 illud
1900 4467 2376 4538 Sacramen-

840 4585 1073 4655 tum?
1130 4581 1630 4674 Respondeo,
1697 4582 1971 4655 dicunt
2050 4585 2378 4657 Canoni-

839 4702 985 4772 stae
1019 4697 1230 4773 sicut
1269 4699 1568 4772 dictum
1627 4704 1751 4774 est
1807 4699 1899 4772 de
1939 4697 2377 4776 iteratione

837 4811 1263 4905 Baptismi‚
1343 4816 1498 4884 dise.
1572 4816 1638 4885 6.
1721 4816 1927 4906 quod
2024 4819 2375 4910 probant

837 4948 983 5021 per
1025 4929 1291 5001 locum
1342 4948 1389 5001 a
1464 4929 1737 5012 simili,
1778 4952 1922 5025 per
1963 4933 2157 5008 illud
2224 4962 2371 5026 cap.

833 5048 916 5115 de
973 5059 1328 5129 consecrat,
1377 5048 1532 5115 disc.
1598 5050 1661 5119 4.
1727 5050 1875 5131 Qui
1943 5050 2090 5124 biS.

1406 5284 1488 5339 SC
1498 5284 1804 5343 HOLIUM.

904 5473 1152 5527 Nullam
1186 5485 1319 5528 esse
1351 5486 1597 5542 poenam
1630 5472 1818 5530 latam
1854 5474 1986 5545 ipso
2025 5474 2194 5543 jure,
2228 5492 2376 5534 con-

834 5578 930 5631 tra
1014 5572 1557 5630 “confirmantem
1659 5575 1762 5630 vel
1848 5574 2375 5649 reconfirmatum,

1994 394 2148 458 ma..
2183 396 2286 458 lv,
2336 396 2929 478 sanmrmuou

2493 571 2610 612 nec
2659 557 2955 616 sufficere
3008 560 3085 617 ad
3137 577 3354 633 poenas
3400 565 3779 634 infligendas,
3819 584 3958 640 afgu-

2496 659 2771 712 mentum
2804 673 2838 714 a
2887 660 3106 727 simili,
3164 664 3266 718 vel
3316 677 3354 719 a
3385 667 3693 722 contrario
3716 682 3960 740 exponen·

2495 756 2653 811 tium
2678 759 2821 828 jus;
2857 761 2939 816 ita
2987 763 3286 819 Paludan.
3337 764 3532 820 Gabr.
3583 766 3758 834 Some,
3790 772 3959 825 Bassol.

2494 854 2715 914 Covar.
2749 858 2946 915 citati.

2585 1135 2685 1224 (a)
2723 1137 2869 1208 Sed
2918 1137 3164 1211 aliter
3202 1141 3408 1225 diem
3451 1145 3657 1234 quod
3726 1148 3958 1219 univer·

2499 1248 2790 1324 saliter
2829 1254 3054 1325 nulla
3109 1276 3339 1348 poena
3387 1260 3796 1345 canonica,
3833 1285 3954 1355 quae

2497 1384 2657 1438 non
2722 1373 2849 1443 est
2906 1370 3214 1446 inflicta
3277 1393 3326 1445 a
3383 1375 3611 1467 Papa
3654 1379 3953 1455 condente

2490 1481 2652 1574 jus,
2755 1484 3218 1563 incurritur
3317 1490 3502 1583 ipso
3583 1493 3777 1585 jure.
3829 1499 3956 1569 Nec

2503 1603 2841 1693 propter
2905 1611 3401 1695 argumenta
3472 1610 3956 1700 exponentium

2501 1715 2893 1796 Canones,
2940 1717 3110 1790 sive
3149 1738 3197 1789 a
3241 1718 3526 1802 simili,
3575 1719 3731 1794 sive
3759 1741 3798 1793 a
3833 1744 3960 1795 con·

2502 1829 2767 1903 trario
2811 1852 3076 1916 sensu,
3130 1841 3255 1910 est
3298 1836 3601 1930 aliquis
3641 1842 3772 1916 tali
3799 1864 3960 1935 poena

2500 1945 2968 2033 adstrictus
3024 1953 3210 2044 quia
3264 1962 3612 2047 possunt
3647 1980 3960 2052 exponere

2492 2061 2627 2154 jus
2670 2066 3105 2153 conditum,
3168 2090 3331 2143 non
3383 2078 3660 2148 autem
3704 2078 3959 2149 condere

2501 2199 2796 2254 novum
2912 2204 3056 2276 per
3166 2207 3360 2260 suas
3466 2177 4111 2299 expositiones&

2501 2296 2719 2369 Unde
2773 2298 3318 2383 Innocentius.
3368 2306 3512 2397 qui
3560 2310 3803 2380 tamen
3855 2307 3955 2380 suit

2501 2413 2743 2505 Papa,
2790 2434 2974 2488 cum
3024 2414 3768 2514 fecissetmagnum
3795 2446 3953 2516 opus,

2496 2525 2964 2615 exponendo
3027 2528 3162 2620 jus
3248 2534 3764 2616 canonicum,
3829 2557 3957 2609 cum

2500 2638 2788 2716 suisset
2858 2646 3301 2737 requisitus
3377 2650 3480 2722 ab
3541 2653 3740 2734 aliis,
3791 2653 3958 2745 quale

2501 2757 2752 2830 robur
2801 2760 3042 2836 vellet
3103 2761 3338 2838 illum
3399 2772 3823 2844 tractatum
3865 2771 3956 2842 ha·

2494 2872 2710 2958 bere,
2761 2875 2964 2951 dixit
2996 2881 3202 2971 quod
3241 2882 3504 2970 nollet
3556 2886 3796 2980 ipsum
3834 2907 3959 2958 esse

2496 2987 3086 3077 authenticum,
3219 3000 3408 3091 sed⁸
3483 3003 3955 3075 tantummodo

2497 3106 3004 3199 magistrale.

2584 3228 2783 3297 Cum
2841 3246 3042 3320 ergo
3094 3250 3257 3304 non
3297 3232 3754 3311 inveniatur
3787 3239 3849 3309 in
3873 3239 4111 3359 judam?

2501 3359 2586 3411 re
2629 3344 3035 3418 Canonico
3101 3368 3497 3441 expresse
3559 3375 3770 3448 poena
3816 3355 3955 3427 irre·
3999 3374 4096 3421 mur

2493 3454 2968 3546 gularitatis
3017 3460 3349 3546 inflicta.
3399 3487 3554 3558 pro
3609 3469 3957 3543 iteratione
3998 3442 4086 3545 ³3

2495 3572 3592 3673 Confirmationis,sequitur
3650 3588 3825 3678 quod
3848 3605 3958 3658 non
4023 3564 4070 3607 ω

2493 3686 2995 3764 incurratur.
3051 3697 3152 3769 Et
3182 3695 3336 3770 hoc
3391 3701 3738 3775 maxime
3773 3707 3952 3797 patet,

2493 3805 2682 3895 quia
2749 3809 3380 3888 constitutiones
3435 3820 3773 3910 poenales
3828 3823 3956 3891 sunt

2494 3923 3100 4016 restringendae,
3165 3951 3324 4003 non
3396 3939 3958 4029 ampliandae;et

2494 4038 2561 4110 si
2613 4040 3009 4116 voluisset
3062 4045 3499 4138 legislator
3557 4074 3838 4147 poenam
3880 4059 3957 4128 ta-

2496 4156 2650 4227 lem
2703 4156 3100 4234 inflixisse
3134 4184 3283 4257 pro
3338 4167 3770 4245 iteratione
3824 4177 3952 4246 Con-

2490 4272 2987 4350 firmationis
3031 4279 3242 4356 sicut
3274 4284 3704 4379 Baptismi,
3739 4287 3962 4383 potuis·

2493 4392 2616 4461 set
2688 4393 3194 4482 expressisse
3261 4398 3397 4475 hic
3480 4405 3687 4479 sicut
3741 4408 3848 4479 ibi.
3893 4406 3960 4476 Et

2496 4504 3037 4583 confirmatur
3077 4515 3324 4589 etiam
3364 4540 3518 4612 per
3556 4528 3781 4616 caput
3829 4518 3958 4594 illud

2464 4620 2580 4692 >de
2622 4645 2985 4702 consecr.
3023 4630 3206 4705 dist.
3258 4638 3324 4706 5.
3378 4638 3654 4717 dictum,
3699 4638 3808 4711 ubi
3843 4635 3958 4710 nul-

2493 4734 2569 4807 la
2629 4760 2859 4832 poena
2938 4745 3342 4838 infligitur
3412 4755 3802 4847 Episcopo
3863 4753 3959 4824 ite-

2498 4877 2686 4931 rum
2773 4862 3318 4951 confirmanti,
3386 4870 3524 4942 sed
3591 4892 3728 4946 nec
3781 4867 3956 4942 susci·

2492 4977 2778 5069 pienti,
2823 4978 2981 5051 nisi
3034 4982 3237 5072 quod
3279 4985 3437 5057 soli
3483 4989 3652 5061 Deo
3716 4988 3836 5061 sub
3865 4984 3957 5056 ha·

2488 5091 2657 5169 bitu
2741 5095 3099 5185 regulari
3151 5097 3276 5170 vel
3335 5101 3704 5177 clericali
3765 5106 3955 5196 ipsum

2489 5210 3116 5303 religiosissime
3177 5215 3574 5295 famulari
3634 5222 3953 5297 decretum

2488 5332 2638 5401 est.
2679 5328 2830 5401 Hic
2883 5334 3157 5404 autem
3208 5332 3480 5409 innuit
3531 5360 3688 5412 non
3720 5354 3953 5432 poenam

2489 5443 3162 5550 irregularitatis,
3213 5451 3351 5523 sed
3411 5457 3674 5547 magis
3723 5451 3952 5547 opposi-

2486 5561 2690 5647 tum,
2727 5565 2922 5652 puta
2978 5564 3474 5642 exercitium
3519 5572 3749 5647 officii
3788 5566 3949 5644 cleri·
