4255 6375
460 589 624 641 aquae
652 577 1063 643 perationem
1106 578 1498 661 Sacerdotis,
1569 588 1917 664 antequam
1987 577 2052 642 in
2103 576 2182 642 iis
2223 573 2335 642 fiat

431 636 746 688 benedictio-

547 714 660 749 nem

431 761 745 814 Sacerdotis.

517 826 685 877 Clem.

498 888 632 939 Rom
642 926 652 936 .

485 950 615 1002 Dion
622 966 693 1014 ys.

435 1012 718 1064 Tei-tullian
730 1053 743 1068 ,

475 1878 701 1945 Cypriau
711 1914 725 1928 .

483 2318 720 2369 Ambros.

456 2459 731 2530 Angustia.

480 2689 737 2742 Rabanus.

454 4445 618 4510 Aquae
651 4460 763 4496 san-

502 4509 757 4562 ctificatae.

492 4683 709 4736 Materia

442 4744 760 4797 Sacramenti

777 414 892 475 342

784 690 1194 776 Baptismus;
1274 692 1353 758 de
1445 714 1571 779 qua
1637 694 1938 771 Clemens
1997 695 2329 757 Romanus

783 807 895 873 tib.
932 810 995 875 7.
1038 809 1387 874 Constitut.
1426 812 1650 894 Apost.
1687 832 1832 896 cap.
1871 812 1979 875 44.
2016 820 2076 872 et
2111 808 2223 873 tib.
2261 811 2325 874 8.

782 947 928 1011 cap.
966 928 1030 991 9.
1078 926 1428 1012 Dionysius
1471 925 1861 1012 Areopagita
1891 925 2149 990 Eccles.
2195 924 2331 988 hie-

780 1044 1089 1121 rarchice,
1136 1064 1281 1128 cap.
1320 1045 1383 1109 2.
1434 1042 1872 1108 Tertullianus
1912 1020 2026 1107 lib.
2099 1038 2180 1104 de
2212 1041 2332 1104 Ba-

785 1160 1025 1246 ptismo
1063 1179 1205 1246 cap.
1242 1164 1308 1225 4.
1377 1160 1615 1225 Omnes
1671 1180 1862 1245 aquoe
1899 1158 1982 1224 de
2033 1158 2332 1245 pristina

783 1278 1073 1364 oriyinis
1116 1278 1570 1364 proeroqativa
1619 1278 2123 1343 Sacramentum
2179 1294 2333 1339 san-

787 1393 1182 1475 tificationis
1241 1404 1736 1479 consequuntur
1776 1394 2084 1457 invocato
2152 1392 2287 1455 Deo
2307 1413 2334 1470 ,·

782 1510 1164 1593 supervenit
1195 1510 1369 1574 enim
1408 1510 1633 1574 statim
1667 1510 1966 1594 Spiritus
1996 1508 2077 1573 de
2124 1508 2326 1585 caelis,

783 1634 845 1689 et
900 1625 1092 1710 aquis
1127 1636 1442 1710 superest,
1504 1626 1931 1706 sanctificans
1971 1644 2081 1688 eas
2124 1623 2207 1689 de
2242 1643 2335 1686 sc·

783 1742 1082 1826 metipsO,
1128 1751 1188 1806 et
1247 1742 1343 1806 ita
1381 1742 1816 1823 sanctific-ates
1853 1742 1987 1806 vim
2036 1740 2337 1821 sanctisi-

784 1854 990 1921 candi
1047 1856 1434 1935 combibunt,
1496 1868 1619 1921 etc,
1693 1855 2059 1942 Cyprianus
2095 1853 2334 1942 episto-

786 1972 844 2037 la
884 1975 990 2039 70.
1032 1972 1303 2059 Oportet
1361 1992 1516 2059 erqo
1572 1971 1894 2037 mundari
1940 1983 1998 2036 et
2036 1972 2335 2054 sanctifi-

789 2090 937 2153 cari
993 2110 1232 2175 aquam
1274 2089 1467 2173 prius
1503 2108 1544 2152 a
1592 2086 1972 2166 Sacerdote,
2020 2097 2091 2151 ut
2130 2089 2338 2172 possit

789 2206 1133 2292 Baptismo
1187 2226 1304 2270 suo
1368 2215 1636 2291 peccata
1675 2205 1987 2283 hominis,
2052 2206 2169 2291 qui
2220 2204 2334 2269 ba-

788 2322 1107 2407 ptizatur,
1172 2322 1458 2401 abluere,
1523 2320 1909 2386 Ambrosius
1960 2321 2073 2385 tib.
2142 2325 2201 2386 1.
2254 2320 2337 2385 de

793 2440 1095 2507 Sacram.
1133 2460 1281 2525 cap.
1329 2444 1391 2505 5.
1448 2439 1856 2526 Augustinus
1888 2439 2009 2504 tib.
2072 2442 2181 2504 50.
2218 2439 2336 2503 ho-

792 2557 935 2621 mil.
1017 2560 1133 2621 27.
1204 2564 1266 2619 et
1319 2556 1434 2622 tib.
1488 2557 1552 2621 6.
1654 2567 1884 2620 contra
1976 2555 2319 2619 Donatist.

788 2692 937 2758 cap.
984 2675 1090 2738 25.
1144 2671 1445 2737 Rabanus
1477 2674 1740 2737 Maurus
1792 2670 1874 2735 de
1915 2670 2333 2735 institutione

792 2788 999 2868 Cleri,
1042 2788 1155 2854 lib.
1191 2808 1340 2875 cap.
1376 2791 1484 2854 25.
1530 2787 1885 2852 Videantur
1915 2785 2182 2852 rituales
2216 2788 2331 2850 Ec-

786 2902 1135 2972 clesiarum
1187 2904 1253 2968 in
1312 2900 1580 2993 quibus]
1610 2901 1975 2969 benedictio
2026 2901 2222 2968 fontis
2269 2914 2331 2968 et

783 3041 974 3108 aquae
1012 3018 1419 3106 baptismalis
1461 3018 1816 3086 invenitur.

874 3157 968 3222 Ex
1025 3155 1129 3222 his
1168 3174 1329 3240 ergo
1367 3152 1722 3243 colligitur·
1745 3152 2326 3221 sanctificationem

785 3285 850 3339 et
880 3269 1336 3359 purgationem
1369 3291 1581 3358 aquae,
1611 3283 1680 3338 ut
1711 3269 2327 3357 vim-'sanctificandi

785 3388 1140 3469 combibat,
1184 3408 1316 3454 non
1376 3387 1651 3475 intelligi
1693 3387 1905 3453 solum
1956 3386 2036 3453 de
2089 3388 2328 3454 sancti-

787 3504 1090 3572 ficatione
1155 3526 1270 3591 per
1337 3504 1812 3571 institutionem
1899 3504 2323 3586 Sacramenti,

786 3620 901 3688 sed
950 3621 1144 3687 etiam
1195 3620 1275 3687 de
1314 3619 1718 3687 dedicatione
1763 3620 1968 3707 ipsius
2008 3640 2221 3708 aquae,
2268 3630 2333 3686 et

788 3736 1237 3802 benedictione
1268 3735 1537 3822 praevia,
1575 3747 1645 3802 ut
1687 3739 1908 3803 Patres
1948 3735 2324 3822 loquuntur.

789 3852 1170 3940 Figuratum
1212 3872 1370 3938 crgo
1429 3851 1556 3918 fuit
1615 3852 1893 3938 mystice
1949 3852 2331 3916 Sacramen-

786 3980 925 4034 tum
972 3968 1282 4055 Baptismi
1325 3968 1391 4033 in
1442 3967 1551 4032 ill'o
1597 3967 1928 4054 Baptismo
1971 3966 2213 4033 Christi
2266 3967 2330 4032 in

784 4084 1084 4170 Iordane,
1128 4096 1258 4151 tam
1300 4083 1512 4172 quoad
1555 4085 1828 4150 formam
1873 4104 2069 4170 quam
2119 4084 2330 4170 quoad

791 4201 1152 4280 materiam,
1187 4215 1252 4267 et
1301 4213 1573 4288 utraque
1620 4200 1963 4288 designata
2021 4202 2212 4278 facte,
2261 4213 2332 4268 ut

791 4318 948 4384 dicit
1003 4319 1069 4383 S.
1123 4320 1575 4383 Bonaventura
1624 4338 1831 4403 supra
1889 4337 1970 4383 ex
2029 4331 2329 4385 contactu

793 4434 1008 4501 carnis
1053 4433 1287 4500 Christi
1341 4432 1742 4508 sanctificata
1773 4455 1963 4520 aqua,
2009 4455 2090 4500 ex
2132 4455 2332 4520 appa-

794 4551 1001 4619 rentia
1040 4571 1493 4637 personarum,
1532 4550 1869 4639 designata
1903 4552 2136 4617 forma.

879 4673 1030 4735 Haec
1094 4681 1310 4734 autem
1385 4667 1812 4733 sanctificatio
1896 4688 2084 4754 aquae
2161 4681 2335 4736 recte

465 4808 747 4874 designata.
789 4783 1026 4851 dicitur
1082 4783 1343 4850 dedisse
1375 4785 1488 4871 jus
1545 4782 1897 4849 mundandi
1947 4804 1982 4848 a
2023 4785 2327 4870 peccatiS,

788 4921 917 4967 non
988 4898 1159 4987 quod
1223 4913 1360 4965 tum
1443 4898 1638 4966 fuerit
1703 4897 2029 4967 institutio
2110 4902 2335 4966 Sacra-

792 5016 1016 5094 menti‚
1054 5016 1167 5084 sed
1216 5015 1507 5082 dedicata
1573 5015 1844 5081 materia
1883 5017 2028 5104 ejus
2068 5017 2133 5081 in
2182 5036 2336 5083 con·

786 5145 960 5201 tactu
1037 5132 1254 5200 carnis
1294 5133 1556 5212 Christi,
1596 5152 1677 5198 ex
1747 5154 1876 5220 quo
1935 5133 2131 5199 etiam
2190 5133 2335 5200 aliae

790 5271 893 5317 res
961 5248 1537 5317 sanctificabantur
1575 5269 1655 5314 ex
1694 5262 1993 5315 contactu
2044 5251 2227 5335 ejus:
2274 5258 2337 5315 et

793 5369 932 5454 ipsa
962 5387 1130 5455 aqua
1162 5365 1503 5452 designata
1543 5376 1665 5445 est,
1714 5378 1783 5430 ut
1824 5363 2002 5430 fieret
2065 5366 2336 5430 materia

798 5483 1197 5552 Sacramenti
1311 5503 1427 5569 pro
1520 5493 1813 5568 tempore
1904 5479 2336 5548 institutionis

792 5600 961 5689 ejuS.

1937 415 2082 478 LIB.
2130 415 2230 477 lV.
2280 413 2891 479 SENTENTlARUM‘

2532 576 2708 652 Quod
2779 576 3124 644 adducitur
3184 575 3379 643 etiam
3458 595 3574 660 pro
3653 572 3940 659 Baptismo
3992 574 4080 689 itii.

2442 693 2682 759 Christi
2734 705 3039 780 suscepto
3082 714 3118 758 a
3158 697 3425 769 Ioanne,
3500 713 3610 758 res
3676 704 3770 757 est
3826 712 3943 756 om·
3982 699 4079 807 ἐξεφ

2442 810 2599 876 nino
2640 810 2909 892 incerta,
2973 830 3185 897 neque
3244 808 3740 875 fundamentum
3786 808 3945 873 habet

2442 946 2521 991 ex
2557 925 2876 991 Patribus.
2922 924 3268 992 Abulensis
3299 924 3572 1011 proinde
3608 935 3827 1011 quoext.
3856 927 3945 990 78.
3978 900 3997 930 ⁵

2444 1043 2519 1107 in
2559 1042 2809 1106 Mattoei
2856 1043 2920 1109 3.
2986 1040 3417 1107 verisimilius
3462 1041 3553 1106 ait
3604 1059 3737 1105 non
3785 1039 3951 1106 fuisse
3983 1018 4081 1123 ³⁸2

2446 1159 2878 1243 baptizatum;
2990 1158 3085 1225 sic
3185 1159 3533 1245 Cajetanus
3614 1158 3687 1222 in
3763 1159 3822 1220 3.
3895 1177 3948 1242 p.
3998 1139 4082 1249 ἓξ

2444 1276 2525 1340 D.
2582 1274 2804 1341 Thom.
2850 1286 3076 1362 quoest.
3131 1278 3239 1341 38.
3283 1286 3415 1339 art.
3450 1276 3517 1339 6.
3562 1272 3657 1337 ait
3714 1259 4082 1357 baptiza-⁸²22*

2444 1402 2584 1456 tum
2627 1389 2692 1456 in
2734 1390 3004 1476 Spiritu,
3050 1389 3223 1476 quod
3272 1400 3335 1455 et
3381 1388 3623 1455 asserit
3680 1390 3959 1475 Hierony-

2447 1527 2594 1572 mus
2659 1507 2735 1571 in
2799 1510 2863 1573 3.
2949 1507 3271 1572 Matthoei.
3354 1508 3798 1571 Damascenus
3865 1506 3952 1570 lib.

2445 1624 2645 1690 citato
2704 1622 2885 1702 dicit,
2931 1621 3235 1708 imposita
3283 1620 3509 1687 divino
3550 1620 3813 1686 Domini
3876 1641 3959 1687 ca·

2448 1740 2564 1827 piti
2624 1761 2744 1808 sua
2799 1761 2995 1806 manu
3045 1761 3167 1806 suo
3223 1739 3418 1806 etiam
3476 1758 3720 1804 cruore
3795 1736 3961 1804 fuisse

2448 1856 2866 1942 baptizatum.
2931 1855 3373 1922 Nazianzenus
3441 1867 3620 1923 orat.
3689 1857 3798 1921 39.
3838 1854 3961 1919 dicit

2448 1994 2568 2040 suo
2607 1992 2840 2039 cruore
2887 1972 3305 2058 baptizatum,
3359 1984 3555 2060 atque
3615 1970 3815 2037 etiam
3875 1974 3964 2035 Ba·

2450 2090 2689 2177 ptismo
2748 2088 3073 2164 flaminis:
3137 2090 3313 2155 hunc
3345 2089 3553 2155 fuisse
3584 2088 3963 2174 Baptismum

2447 2209 2590 2295 ejus
2656 2207 2844 2274 docet
2881 2206 3140 2273 Nicetas
3175 2208 3466 2293 proefato
3507 2207 3654 2272 loco
3706 2204 3965 2292 repetitis

2446 2323 2666 2389 verbis
2699 2323 3103 2389 Damasceni.
3161 2325 3237 2388 Et
3279 2322 3543 2388 videtur
3586 2320 3806 2408 magis
3844 2320 3965 2385 fun-

2446 2441 2583 2505 dari
2651 2438 2717 2504 in
2777 2440 3110 2525 Scriptura
3169 2440 3315 2505 haec
3371 2441 3782 2526 conjectura,
3843 2438 3964 2524 quia

2445 2555 2777 2623 Christum
2813 2555 3249 2642 praesentibus
3280 2552 3427 2622 aliis
3479 2554 3848 2622 verisimile
3889 2566 3965 2619 est

2446 2673 2650 2739 fuisse
2706 2672 3098 2758 baptizatum
3159 2692 3194 2737 a
3249 2675 3518 2752 Ioanne,
3571 2683 3779 2759 atque
3833 2671 3966 2735 adeo

2442 2786 2812 2873 discipulis.
2868 2786 2934 2852 Si
2975 2798 3190 2853 autem
3250 2786 3545 2854 Christus
3611 2797 3776 2853 tunc
3829 2772 4087 2882 reci-seg*

2443 2924 2708 2989 procum
2740 2902 3139 2988 Baptismum
3188 2904 3416 2970 Ioanni
3475 2903 3823 2980 tribueret,
3860 2920 3962 2966 non
3995 2898 4088 2959 5⁶1ss

2443 3031 2619 3086 esset
2655 3018 3154 3087 fundamentum
3188 3020 3473 3107 querelae
3513 3019 3962 3107 discipulorum

2446 3137 2711 3204 Ioannis
2741 3135 2821 3204 de
2860 3137 3189 3223 Baptismo
3230 3136 3604 3204 ministrato
3637 3157 3675 3204 a
3706 3135 3962 3216 Christo,

2444 3274 2593 3319 cum
2619 3253 2756 3339 jam
2800 3252 3086 3320 viderint
3126 3253 3341 3339 ipsum
3398 3257 3719 3320 Ioannem
3784 3251 3966 3338 bapti-

2439 3367 2634 3434 zaria
2668 3369 2959 3450 Christo,
3022 3369 3124 3436 vel
3179 3383 3356 3437 certe
3418 3369 3861 3438 intellexerint
3905 3369 3969 3434 ab

2444 3485 2588 3572 ipso
2626 3489 2873 3551 Ioanne
2903 3498 2966 3552 et
3005 3485 3174 3555 aliis.

3016 3672 3423 3733 SCHOLIUM.

2517 3846 2900 3917 Baptismum
2932 3858 3055 3901 non
3095 3843 3405 3914 obligasse
3451 3852 3597 3902 ante
3659 3847 3968 3903 solemnem

2444 3944 2584 4014 eJus
2614 3942 3184 4015 promulgationem
3224 3945 3290 3999 in
3340 3941 3445 3999 die
3496 3945 3896 4010 pentecostes,
3922 3947 3969 3998 et

2442 4042 2614 4113 prius
2644 4041 2842 4099 fuisse
2873 4040 2988 4099 sub
3017 4042 3296 4108 consilio,
3329 4047 3539 4112 postea
3587 4042 3709 4101 sub
3764 4056 3968 4113 praece·

2442 4144 2564 4213 pto,
2584 4144 2645 4197 et
2708 4141 2983 4214 explicat
3064 4145 3423 4212 utrumque.
3502 4145 3585 4199 lta
3643 4158 3789 4199 cum
3837 4143 3966 4197 Doct.

2442 4242 2682 4297 Aureol.
2708 4239 2832 4307 hic,
2867 4255 2926 4311 q.
2960 4241 3012 4296 4.
3042 4242 3288 4298 Rubion
3319 4254 3378 4311 q.
3426 4239 3483 4297 3.
3533 4245 3655 4298 art.
3688 4243 3743 4299 2.
3802 4243 3963 4298 Gabr.

2443 4339 2500 4397 d.
2534 4340 2586 4395 1.
2618 4354 2679 4411 q.
2711 4340 2763 4398 4.
2799 4342 2985 4395 Suar.
3015 4339 3068 4394 3.
3103 4354 3163 4410 p.
3196 4343 3342 4396 tom.
3392 4337 3444 4395 3.
3491 4339 3549 4396 d.
3608 4343 3699 4395 27.
3764 4344 3895 4397 sect.
3917 4340 3961 4392 4.

2443 4441 2505 4494 et
2541 4451 2757 4494 omnes
2784 4438 3059 4495 Scotistae
3091 4437 3212 4507 hic,
3241 4442 3453 4496 contra
3483 4439 3552 4494 D.
3604 4437 3808 4496 Thom.
3855 4451 3965 4508 sup.

2446 4539 2507 4592 et
2528 4535 2576 4590 1.
2604 4537 2659 4591 2.
2693 4549 2750 4606 q.
2784 4535 2905 4591 103.
2938 4540 3050 4593 art.
3078 4538 3130 4592 3.
3160 4542 3219 4595 et
3275 4553 3596 4609 sequaces,
3648 4542 3963 4596 asserentes

2446 4634 2822 4704 Baptismum
2854 4638 2917 4689 et
2943 4638 3130 4691 totam
3163 4636 3368 4706 legem
3399 4650 3631 4694 novam
3662 4637 3846 4694 fuisse
3871 4632 3962 4689 sub

2444 4735 2772 4802 praecept0‚
2798 4734 3005 4790 statim
3036 4749 3070 4790 a
3101 4739 3293 4791 morte
3323 4734 3581 4806 Christi,
3633 4736 3744 4793 sed
3770 4749 3835 4792 eo
3877 4745 3960 4785 us-

2445 4843 2567 4900 que
2598 4830 2714 4888 sub
2744 4831 3026 4888 consili0.

2536 5009 2708 5086 Hoc
2744 5033 2942 5105 ergo
2978 5014 3401 5107 supposito
3442 5018 3542 5104 (c)
3606 5022 3949 5108 tanquam
4058 5005 4083 5051 ⁴·

2443 5149 2641 5201 vero
2693 5136 2773 5202 et
2824 5129 3322 5211 rationabili,
3392 5133 3810 5205 videndum
3852 5134 3948 5202 est

2451 5245 2744 5338 primo,
2791 5247 2991 5319 unde
3040 5252 3223 5321 erat
3271 5251 3687 5341 susceptio
3719 5244 3947 5341 Bapti-

2449 5361 2603 5434 smi
2691 5362 3183 5455 simpliciter
3271 5367 3761 5440 necessaria.
3840 5366 3944 5437 Se-

2449 5477 2727 5561 cundo,
2762 5497 2865 5549 an
2905 5499 3004 5550 ex
3036 5481 3313 5553 eodem
3346 5480 3601 5557 fuerit
3634 5483 3940 5558 Circum·

2460 5596 2664 5670 cisio
2705 5602 3160 5673 evacuata?
