4255 6375
1025 674 1243 749 Quare
1272 675 1346 740 in
1383 696 1558 761 aqua
1599 686 1858 743 tantum
1894 677 2070 759 siat?

547 973 594 1023 Η
863 905 1345 981 Celebratur
1430 912 1703 983 autem
1801 909 1953 985 hoc
2033 916 2324 985 Sacra-

432 1008 745 1148 Αιῖῃοὲἓέἓζ.
780 1025 1139 1093 mentum
1205 1024 1524 1096 tantum
1586 1023 1667 1096 in
1734 1046 1964 1117 aqua,
2028 1046 2188 1098 non
2243 1027 2323 1097 in

2170 1146 2320 1211 Nisi

493 1157 696 1210 iniuud
781 1137 942 1210 alio
985 1137 1328 1231 liquore,
1380 1143 1465 1213 ut
1508 1141 1624 1214 ait
1666 1142 2043 1216 Christus
2099 1169 2114 1212 :

433 1220 736 1357 Ῑῗζωριέἓέ
780 1259 925 1344 quis
979 1254 1261 1324 renatus
1314 1281 1397 1323 ex
1470 1282 1666 1345 aqua,
1753 1264 1908 1331 etc.
1985 1260 2325 1352 Ideoque

474 1362 703 1459 „ovffm
782 1369 1306 1445 uniformiter
1337 1372 1410 1444 id
1443 1373 1622 1445 fieri
1667 1375 1744 1445 in
1784 1394 1993 1466 aqua
2041 1373 2321 1468 praeci-

519 1472 652 1522 'iffl
782 1488 1025 1580 pitur,
1073 1492 1162 1562 ut
1194 1488 1732 1581 intelligatur,
1789 1492 1995 1583 quod
2039 1522 2066 1555 α
2114 1492 2326 1565 sicut

779 1624 989 1696 aqua
1077 1606 1354 1679 sordes
1435 1608 1812 1701 corporis
1884 1629 1977 1682 ac
2055 1614 2325 1683 vestes

779 1719 1055 1803 abluit,
1095 1721 1209 1795 ita
1248 1723 1718 1815 Baptismus
1763 1725 2125 1813 maculas
2169 1725 2329 1797 ani-

781 1859 933 1910 mae
991 1839 1428 1931 sordesque
1465 1840 1860 1914 vitiorum
1903 1843 2328 1914 emundan-

782 1957 877 2027 do
956 1957 1357 2049 abstergit
1419 1988 1475 2027 ».
1547 1959 1690 2032 Vel
1755 1959 1952 2041 ideo,
2019 1966 2107 2033 ut
2158 1959 2328 2031 nul-

777 2072 948 2144 lum
984 2073 1256 2166 inopia
1297 2079 1765 2157 excusaret;
1804 2078 2009 2168 quod
2052 2082 2327 2170 posset

778 2189 981 2271 fieri,
1024 2191 1089 2261 si
1134 2190 1212 2260 in
1245 2191 1431 2263 vino
1475 2194 1551 2263 et
1606 2191 1782 2264 oleo
1825 2194 2083 2274 fieret,
2119 2198 2199 2267 et
2243 2196 2327 2265 ut

781 2306 1237 2378 communis
1300 2307 1647 2382 materia
1706 2310 2166 2402 baptizandi
2221 2309 2332 2381 in-

779 2424 1204 2497 veniretur
1244 2426 1449 2518 apud
1502 2447 1801 2499 omnes.
1859 2429 2074 2510 Quod
2120 2447 2331 2519 aqua

784 2540 1163 2630 signavit,
1262 2564 1436 2633 quae
1512 2544 1602 2616 de
1683 2543 1941 2617 latere
2020 2541 2330 2619 Christi

786 2659 1171 2740 manavit,
1268 2660 1477 2733 sicut
1562 2660 1895 2751 sanguis
1981 2661 2329 2734 alterius

787 2775 1297 2850 sacramenti
1341 2775 1658 2867 signum
1711 2777 1887 2850 fuit.
1950 2780 2134 2851 Non
2192 2777 2332 2870 igi-

436 2876 660 2929 Dubium
690 2876 744 2929 ²·
785 2887 924 2957 tur
989 2882 1070 2953 in
1134 2883 1294 2955 alio
1347 2884 1660 2975 liquore
1721 2890 1989 2978 potest
2057 2906 2333 2959 conse-

786 2999 1008 3071 crari
1041 2999 1510 3091 Baptismus
1541 3000 1698 3072 nisi
1735 3003 1814 3074 in
1845 3021 2080 3094 aqua.

897 3230 992 3293 De
1030 3231 1472 3310 immersione,
1510 3233 1759 3320 quocies
1795 3233 1950 3316 sieri
1988 3232 2239 3299 debeat.

540 3539 550 3549 ,
580 3475 628 3527 1.
875 3454 988 3526 De
1021 3454 1544 3527 immersione
1576 3476 1796 3537 vero,
1835 3456 1903 3528 si
1938 3456 2340 3548 quaeritur

460 3538 730 3654 Eiiif'ff'
792 3569 1190 3660 quomodo
1231 3568 1410 3640 fieri
1449 3569 1725 3642 debeat
1771 3569 2153 3662 praecis‘e3
2213 3592 2338 3644 re-

440 3665 656 3778 ffiffiffl}
694 3667 760 3775 ἕξ
793 3685 1276 3778 spondemus
1314 3711 1330 3755 ε
1366 3684 1507 3759 Vel
1562 3686 1835 3768 semel,
1886 3687 2013 3761 vel
2055 3687 2333 3770 tertio,

445 3805 588 3841 0⁰⁰⁸·
633 3788 757 3839 dm·
795 3820 943 3892 pro
1011 3800 1245 3872 vario
1325 3821 1552 3873 more
1631 3802 2038 3875 Ecclesiae.
2116 3805 2337 3876 Unde

445 3855 759 3966 “ssggssff
789 3915 1236 4006 Gregorius
1281 3943 1295 3986 ε
1348 3946 1375 3980 ι
1415 3918 1530 3990 De
1561 3918 1782 3989 trina
1815 3919 2339 3993 immersione

540 3993 657 4030 Μ’
791 4033 1192 4124 Baptisnii
1286 4032 1399 4104 nil
1495 4034 1768 4106 verius
1862 4037 2338 4128 responderi

789 4152 1086 4242 potest,
1133 4169 1372 4242 quam
1422 4151 1624 4242 quod
1666 4172 1811 4223 vos
1872 4153 2026 4245 ipsi
2086 4153 2339 4226 sensi-

789 4266 984 4348 stis;
1031 4266 1218 4359 quia
1273 4267 1354 4338 in
1411 4287 1570 4338 una
1616 4268 1765 4340 fide
1824 4268 2023 4341 nihil
2087 4267 2339 4344 officit

785 4383 1172 4455 Ecclesiae
1207 4388 1505 4457 sanctae
1546 4386 2041 4459 consuetudo
2082 4386 2337 4458 diver-

790 4521 904 4571 sa.
954 4499 1156 4582 Quia
1197 4500 1411 4571 enim
1455 4500 1537 4571 in
1587 4501 1849 4573 tribus
1900 4503 2337 4576 subsisten-

787 4613 928 4687 tiis
989 4633 1146 4685 una
1206 4614 1662 4686 substantia
1712 4619 1860 4698 est,
1910 4617 2337 4709 reprehen-

792 4729 1024 4803 sibile
1092 4750 1269 4802 esse
1327 4730 1792 4803 nullatenus
1859 4736 2154 4825 potest,
2232 4735 2339 4805 in-

786 4843 1093 4919 fantem
1173 4846 1251 4918 in
1319 4846 1741 4938 Baptismo
1807 4849 1934 4920 vel
1991 4852 2146 4931 ter,
2207 4850 2337 4922 vel

790 4960 1040 5034 semel
1080 4960 1595 5051 immergere,
1633 4962 1818 5055 quia
1849 4967 1929 5036 et
1962 4963 2043 5035 in
2073 4963 2336 5037 tribus

791 5075 1332 5150 mersionibus
1365 5096 1905 5168 personarum
1946 5079 2332 5162 Trinitas,

789 5200 870 5268 et
912 5195 993 5265 in
1035 5213 1193 5266 una
1244 5197 1512 5286 potest
1571 5195 2025 5270 divinitatis
2069 5195 2339 5288 singu-

674 5363 677 5366 *
790 5310 1086 5384 laritas
1144 5310 1582 5402 designari.
1661 5314 1829 5385 Nos
1907 5334 2131 5397 ver0‚
2204 5311 2339 5405 qui

790 5426 1042 5500 tertio
1106 5426 1576 5519 mergimus,
1638 5427 1887 5503 etiam
1946 5429 2341 5503 triduanae

791 5542 1235 5637 sepulturae
1337 5546 1961 5621 Sacramentum
2073 5544 2340 5640 signa·

1941 381 2088 444 LIB.
2134 380 2237 444 1v.
2281 380 2879 450 SENTENTIARUM

2441 566 2619 618 mus
2691 573 2749 614 ».
2822 546 3268 619 Secundum
3328 544 3479 620 hoc
3564 544 3762 618 licet
3817 562 3946 616 non

2437 662 2668 733 modo
2700 664 2855 744 ter,
2892 662 3027 734 sed
3066 662 3316 736 etiam
3359 660 3620 735 semel
3666 663 3948 733 tantum

2438 795 2837 869 mergere.
2948 779 3064 851 Ibi
3174 782 3449 853 tamen
3562 777 3954 852 dumtaxat

2437 892 2686 965 semel
2723 914 3094 987 mergere
3122 894 3344 976 licet,
3388 892 3523 967 ubi
3570 896 3958 966 consuetu·

2434 1007 2532 1081 do
2598 1009 2978 1084 Ecclesiae
3041 1010 3232 1085 talis
3291 1009 3613 1083 existit.
3681 1008 3762 1082 Si
3814 1009 3956 1100 quis

2435 1145 2632 1199 vero
2713 1126 2784 1199 id
2852 1126 3121 1199 facere
3179 1126 3551 1220 incipiat,
3621 1123 3756 1196 ubi
3808 1144 3956 1197 con·

2441 1244 2778 1318 suetudo
2851 1245 3040 1317 talis
3110 1265 3273 1316 non
3344 1249 3492 1326 est,
3573 1242 3710 1314 vel
3751 1242 3957 1314 semel

2437 1362 2756 1433 tantum
2838 1362 3359 1452 mergendum
3442 1364 3802 1443 asserat,
3868 1380 3958 1431 re·

2438 1476 3067 1569 prehensibilem
3127 1498 3212 1549 se
3261 1475 3737 1551 constituit.
3780 1475 3960 1546 Unde

2442 1594 2823 1684 Haymo:
2889 1624 2915 1657 «
2984 1596 3073 1665 In
3135 1613 3280 1666 suo
3334 1614 3581 1665 sensu
3654 1592 3957 1664 abundat
3989 1608 4032 1718 Ῐξι

2442 1710 2927 1803 Cyprianus,
2966 1731 3143 1783 cum
3182 1709 3429 1783 semel
3464 1708 4011 1802 mergebatinc

2439 1828 2863 1920 Baptismo
2938 1829 3360 1921 parvulos;
3417 1827 3557 1920 qui
3630 1828 3833 1920 quod
3884 1826 3961 1897 in·
4000 1873 4023 1904 ᾗ

2444 1945 2857 2035 telligebat
2893 1946 3249 2019 studiose
3302 1944 3730 2037 implebat,
3776 1944 3957 2015 bonis

2443 2062 2824 2154 operibus
2892 2062 3383 2144 abundandO,
3455 2062 3663 2135 licet
3719 2061 3797 2132 in
3850 2060 3961 2131 hoc

2441 2178 2762 2248 nescius
2795 2176 3323 2268 delinqueret.
3361 2178 3505 2251 Sed
3542 2176 3743 2268 quia
3780 2174 3961 2246 bonis

2446 2292 2822 2385 ope-ribus
2902 2293 3378 2375 abundabat,
3454 2296 3753 2385 postea
3824 2310 3960 2364 cor-

2445 2414 2726 2501 reptus
2798 2430 2843 2479 a
2911 2410 3102 2491 Dec,
3188 2408 3633 2481 abundavit
3726 2406 3959 2481 altiori

2444 2546 2707 2607 sensu,
2756 2529 2885 2598 ter
2945 2525 3131 2598 illos
3190 2526 3636 2617 mergendo
3694 2554 3751 2593 n.
3804 2526 3957 2594 Ecce

2447 2641 2713 2723 habes,
2753 2642 2938 2732 quia
2969 2641 3305 2733 deliquit
3341 2641 3472 2734 qui
3510 2639 3771 2712 semel
3806 2657 3957 2709 mer·

2447 2757 2594 2838 sit;
2662 2756 2792 2828 sed
2868 2755 3016 2830 hoc
3092 2758 3286 2838 ideo,
3343 2757 3530 2848 quia
3605 2755 3848 2828 aliter
3899 2773 3952 2822 se

2444 2871 2789 2946 habebat
2847 2872 3065 2944 illius
3119 2872 3502 2945 Ecclesiae
3565 2871 3952 2945 consuetu-

2444 2987 2566 3070 do,
2628 2987 2755 3059 vel
2817 2988 3002 3081 quia
3046 3008 3285 3059 unam
3342 2989 3670 3060 tantum
3707 2983 3953 3056 facien·

2445 3102 2627 3174 dam
2661 3103 3153 3176 mersionem
3195 3103 3646 3175 asserebat.
3701 3102 3813 3173 De
3848 3094 3950 3168 tri-

2446 3237 2550 3289 na
2649 3219 3057 3293 mersione
3159 3220 3667 3313 Augustinus
3762 3212 3868 3285 ait
3938 3237 3948 3278 z

2455 3371 2479 3405 ι
2528 3344 2969 3435 Postquam
3019 3360 3168 3412 nos
3228 3338 3558 3410 credere
3623 3331 3952 3429 promisi·

2452 3479 2573 3530 mu
2593 3482 2653 3544 S,
2702 3459 2951 3533 tertio
2986 3455 3260 3551 capita
3298 3459 3593 3528 nostra
3637 3452 3719 3525 in
3759 3466 3948 3522 sacro

2449 3574 2672 3649 fonte
2703 3574 3263 3654 demersimus,
3321 3572 3452 3665 qui
3507 3571 3704 3643 ordo
3748 3563 3953 3657 bapti·

2449 3688 2676 3761 zandi
2753 3686 3052 3781 duplici
3136 3686 3510 3778 mysterii
3602 3681 3951 3777 significa·

2451 3805 2673 3877 tione
2732 3803 3219 3876 celebratur.
3277 3803 3524 3876 Recte
3575 3801 3785 3873 enim
3832 3799 3952 3867 ter·

2452 3920 2570 3994 tio
2672 3920 2921 3993 mersi
3019 3919 3246 4002 estis,
3339 3918 3471 4011 qui
3569 3908 3949 4005 accepistis

2450 4035 2963 4128 Baptismum
3020 4036 3097 4107 in
3160 4035 3484 4107 nomine
3543 4023 3943 4104 Trinitatis.

2450 4153 2699 4226 Recte
2731 4153 2983 4226 tertio
3028 4151 3302 4231 mersi,
3343 4151 3529 4243 quia
3568 4136 3945 4236 accepistis

2448 4269 2959 4361 Baptismum
3005 4269 3083 4340 in
3126 4268 3447 4341 nomine
3483 4261 3799 4342 Christi,
3840 4251 3942 4347 qui

2447 4385 2570 4457 die
2645 4384 2891 4459 tertia
2965 4384 3424 4457 resurrexit
3501 4403 3547 4454 a
3615 4370 3936 4453 mortuis.

2452 4500 2603 4573 Illa
2642 4500 2855 4572 enim
2890 4500 3138 4572 tertio
3183 4500 3530 4591 repetita
3574 4487 3936 4571 immersio

2445 4618 2732 4707 typum
2800 4613 3221 4687 dominicae
3288 4611 3669 4707 exprimit
3725 4597 3929 4695 sepul·
3966 4620 4051 4678 noa

2446 4734 2656 4802 turae
2712 4759 2768 4797 ».
2816 4733 3158 4803 Constat
3211 4747 3436 4820 ergo,
3473 4716 3928 4820 baptizandos

2450 4844 2708 4918 tertio.
2756 4845 3040 4918 debere
3103 4845 3519 4936 immergi;
3579 4845 3655 4914 et
3707 4842 3926 4910 tamen

2452 4961 2521 5034 si
2606 4961 2852 5034 semel
2944 4965 3260 5035 tantum
3366 4952 3918 5068 immergantur,

2447 5098 2734 5151 verum
2778 5078 3201 5170 Baptisma
3241 5078 3666 5171 accipiunt.
3712 5071 3795 5143 Et
3822 5077 3919 5153 <l1¹¹

2452 5194 2701 5268 semel
2762 5194 3175 5286 immergit
3238 5199 3554 5268 tantum
3600 5206 3741 5263 non
3789 5195 3914 5273 pec·

2451 5317 2608 5392 cat,
2672 5310 2831 5384 nisi
2892 5312 3388 5383 consuetudo
3446 5302 3792 5383 Ecclesiae
3825 5290 3915 5364 ob·

2454 5429 2721 5508 sistat,
2764 5427 2892 5500 vel
2933 5426 3081 5500 hoc
3118 5426 3349 5500 modo
3392 5431 3712 5501 tantum,
3741 5410 3905 5487 debe·

2453 5567 2544 5619 re
2583 5543 2763 5618 fieri
2794 5546 3144 5617 asserat.
