4255 6375
737 384 857 458 210

740 556 1353 631 deordinatione
1394 555 1569 647 ejus
1610 575 1770 628 non
1812 554 2110 628 ablata.
2152 552 2299 626 Sed

741 673 897 748 hoc
930 695 1343 755 concesso,
1384 671 1761 765 opposita
1791 668 2301 742 deordinatio

747 794 911 866 ista
966 793 1231 882 potest
1283 789 1596 861 auferri
1640 788 1938 880 absque
1988 783 2302 859 collati·

752 928 901 979 one
943 907 1263 996 gratiae.

838 1023 951 1095 Ad
1002 1025 1385 1114 quartum
1436 1019 1813 1100 concedo,
1862 1017 2065 1112 quod
2111 1016 2303 1089 divi-

746 1157 850 1210 na
921 1138 1224 1211 offensa
1279 1136 1682 1229 placatur,
1756 1137 1834 1207 et
1917 1134 2094 1214 iste,
2170 1131 2301 1205 cui

742 1254 1133 1330 dimittitu
1151 1276 1188 1325 r
1210 1257 1657 1346 peccatum,
1680 1250 2299 1330 reconciliatum

746 1374 880 1446 sed
948 1391 1108 1444 non
1161 1369 1556 1462 sequitur,
1630 1388 1831 1459 ergo
1897 1373 2021 1441 est
2084 1385 2302 1438 acce-

747 1495 933 1583 ptus
965 1490 1134 1561 Deo
1179 1486 1339 1560 ista
1400 1484 1872 1577 acceptione
1932 1481 2299 1576 speciali,

747 1624 899 1697 qua
931 1608 1056 1675 est
1098 1605 1478 1694 acceptus
1516 1620 1659 1692 per
1701 1598 2092 1690 gratiam.
2145 1599 2304 1668 Ho-

749 1741 878 1792 mo
932 1719 1146 1790 enim
1202 1719 1280 1790 in
1333 1717 1562 1810 puris
1610 1714 2122 1790 naturalibus
2176 1716 2303 1787 est

749 1834 1097 1930 placitus
1150 1835 1343 1912 Deo,
1389 1851 1551 1902 non
1593 1835 1867 1904 tamen
1916 1833 2303 1921 acceptus

753 1951 1248 2046 specialiter,
1334 1949 1482 2021 boc
1550 1952 1701 2029 est,
1777 1947 2064 2040 dignus
2132 1946 2304 2021 vita

750 2073 1102 2146 aeterna:
1144 2086 1298 2158 pax
1347 2065 1560 2136 enim
1613 2068 1693 2137 et
1737 2061 2301 2135 reconciliatio

750 2206 911 2258 non
950 2185 1247 2264 dicunt,
1292 2182 1447 2255 nisi
1492 2184 1746 2255 Deum
1788 2181 2003 2253 nolle
2054 2179 2303 2252 vindi-

751 2323 941 2376 care
981 2301 1302 2393 culpam
1355 2299 1649 2378 istam;
1699 2299 1829 2370 sed
1872 2300 2303 2389 acceptare

753 2422 931 2513 plus
976 2418 1198 2498 dicit,
1256 2416 1567 2490 scilicet
1610 2416 1856 2487 istum
1923 2414 2303 2487 ordinare

751 2539 1139 2624 tanquam
1185 2531 1514 2621 dignum
1566 2529 1738 2603 vita
1779 2532 2113 2601 aeterna.
2164 2527 2303 2596 Pa-

754 2654 872 2723 tct
928 2648 1179 2720 etiam
1242 2646 1321 2716 in
1380 2645 1635 2727 nobis,
1706 2662 2035 2737 possum
2087 2641 2303 2714 enim

752 2763 1026 2845 alicui,
1082 2763 1215 2855 qui
1262 2760 1589 2836 offendit
1624 2782 1773 2841 me,
1825 2758 2166 2852 placari,
2217 2761 2304 2830 ut

755 2901 915 2955 non
958 2880 1112 2953 sim
1142 2879 1291 2951 sibi
1326 2877 1730 2958 inimicus,
1767 2897 2023 2968 neque
2054 2873 2304 2946 velim

753 2997 1165 3070 vindicare
1198 2994 1757 3075 commissum,
1813 2992 2112 3084 absque
2155 2991 2305 3063 boc

756 3113 961 3206 quod
1025 3110 1417 3203 recipiam
1480 3129 1662 3181 eum
1716 3107 1811 3180 ad
1852 3106 2305 3179 amicitiam

755 3229 1214 3323 specialem,
1292 3226 1724 3298 secundum
1786 3243 2025 3315 quam
2096 3223 2307 3295 ordi-

755 3351 999 3420 netur
1058 3348 1150 3416 ad
1203 3342 1525 3434 aliquod
1584 3342 1880 3413 bonum
1925 3339 2301 3432 speciale.

436 3471 519 3521 An
562 3472 699 3582 noea
848 3463 992 3537 Sed
1065 3459 1317 3532 adbuc
1400 3461 1660 3531 restat
1751 3455 2078 3528 dubium
2174 3455 2305 3546 (h),

433 3547 693 3653 mmm
763 3586 1038 3653 utrum
1088 3580 1302 3652 Deus
1359 3577 1451 3648 de
1515 3573 1880 3668 potentia
1931 3573 2308 3648 absoluta

437 3663 701 3721 peccatum
1158 3694 1169 3706 .
1276 3692 1289 3706 .
2169 3687 2183 3701 .
2257 3686 2269 3699 .

450 3719 701 3784 originale
763 3699 1036 3789 posset
1101 3693 1515 3765 d1m1tt0re
1580 3691 1998 3782 peccatum
2063 3707 2306 3779 origi-

485 1008 568 1062 Ad
594 1008 648 1059 4.

435 3782 704 3916 οέιῗζξὲῧο
759 3811 963 3891 nale,
1019 3809 1316 3901 absque
1364 3805 1802 3879 collatione
1853 3805 2306 3897 quuscum-

388 3907 706 4031 '0333222
764 3949 914 4022 que
950 3926 1276 4020 positivi
1340 3920 1869 4016 repugnantis
1940 3919 2055 3992 illi
2134 3940 2307 4013 pec-

408 4031 731 4159 gssigsszfiffi?
763 4049 970 4124 cato,
1041 4046 1231 4135 puta
1269 4039 1629 4133 Justitiae
1694 4034 2304 4127 originalis,vel

762 4159 1107 4251 alicujus
1194 4154 1687 4247 hujusmodi.
1802 4154 1895 4223 Et
1982 4151 2305 4224 videtur

759 4276 964 4368 quod
1007 4292 1191 4353 non,
1249 4291 1392 4362 per
1451 4273 1620 4342 tres
1665 4266 2028 4338 rationes
2074 4264 2303 4356 prius

754 4391 1014 4464 factas
1056 4389 1145 4461 de
1202 4382 1683 4479 privatione,
1730 4382 1808 4453 et
1849 4379 2304 4453 mutatione

754 4513 835 4582 et
866 4501 1504 4584 deordinatione,
1541 4503 1621 4572 et
1655 4495 2124 4590 specialiter
2159 4514 2303 4588 per

751 4623 928 4704 hoc,
976 4620 1181 4713 quod
1221 4617 1463 4690 homo
1515 4634 1676 4687 non
1722 4613 2019 4685 babens
2063 4610 2303 4705 justi-

750 4740 952 4814 tiam
996 4734 1505 4829 originalem,
1551 4729 2019 4803 necessario
2062 4726 2300 4802 habet

748 4854 1203 4933 carentiam
1239 4849 1482 4924 istius
1517 4845 1890 4941 justitiae,
1937 4848 2017 4918 et
2048 4844 2300 4916 etiam

747 4972 1103 5048 debitum
1171 4963 1533 5047 habendi,
1597 4961 1662 5034 si
1717 4965 2051 5053 estprop
2108 4978 2297 5051 aga-

749 5097 879 5167 tus
929 5087 1027 5159 ab
1076 5083 1351 5156 Adam.
1408 5080 1580 5151 Hoc
1619 5077 1901 5171 probo,
1957 5075 2131 5147 ideo
2172 5080 2295 5147 est

746 5205 962 5280 enim
1021 5198 1337 5273 debitor
1395 5191 2039 5286 hujusJ‘ustitiae,
2105 5190 2295 5283 quia

747 5318 1056 5409 accepit
1131 5314 1212 5386 in
1246 5312 1496 5385 Adam
1544 5305 1924 5388 debitum,
1983 5305 2290 5398 abipso

747 5431 1247 5509 naturaliter
1337 5427 1889 5519 propagatus3
1966 5421 2096 5494 sed
2165 5441 2290 5493 ca·

1914 383 2057 455 tis.
2106 391 2207 454 w.
2252 379 2846 458 SENTENTIARUM

2410 552 2745 626 habendi
2828 575 3035 639 eam,
3110 557 3466 649 complet
3556 553 3916 628 rationem

2411 671 2724 762 peccati
2769 673 2991 745 illius
3034 672 3463 765 originalis
3498 698 3513 754 ;
3548 689 3739 762 ergo
3769 671 3923 742 sim-

2415 785 2743 877 pliciter
2789 788 3346 861 necessarium
3387 793 3517 863 est
3565 807 3923 881 propaga·

2413 906 2582 975 tum
2670 904 2768 976 ab
2835 906 3087 978 Adam
3157 905 3457 978 habere
3535 908 3917 998 peccatum

2415 1018 2842 1111 originale,
2909 1022 2976 1093 si
3026 1042 3187 1094 non
3241 1022 3478 1096 detur
3534 1019 3926 1111 originalis

2405 1134 2734 1225 justitia
2768 1136 2846 1209 in
2881 1159 2988 1221 se,
3022 1138 3149 1211 vel
3185 1137 3265 1210 in
3301 1138 3576 1231 aliquo
3616 1137 3926 1229 aequiva-

2417 1250 2638 1323 lenti.

2503 1362 2732 1445 Item,
2767 1366 3063 1436 distinct.
3102 1369 3210 1439 17.
3262 1371 3475 1455 primi
3506 1369 3624 1435 lib.
3669 1365 4056 1459 proba-1³3¹
4083 1373 4117 1426 i

2413 1472 2585 1541 tum
2627 1475 2752 1545 est
2801 1473 3293 1567 charitatem
3344 1496 3523 1548 esse
3569 1474 3647 1546 in
3689 1473 3932 1547 anima
3973 1437 4117 1565 ‘³¹2‘ss

2414 1605 2560 1677 per
2611 1589 3142 1663 mutationem
3196 1591 3447 1674 illam,
3513 1612 3687 1683 quae
3738 1591 3819 1663 fit
3864 1591 3934 1663 in

2407 1702 2999 1793 justificatione
3043 1707 3541 1798 peccatoris;
3584 1707 3650 1779 si
3686 1710 3933 1780 autem

2418 1819 2677 1910 possit
2725 1820 3167 1911 justificari
3229 1844 3366 1894 seu
3441 1824 3940 1896 reconciliari

2417 1937 2607 2017 Deo,
2674 1937 2846 2009 sine
2898 1939 3350 2014 mutatione
3384 1940 3587 2032 ejuS,
3634 1941 3770 2013 illa
3803 1962 3940 2013 me-

2413 2052 2542 2124 dia
2575 2073 2731 2125 non
2768 2057 3372 2138 concluderent,
3405 2077 3607 2149 ergo
3638 2058 3942 2131 dicendo

2415 2177 3007 2263 consequenter
3055 2171 3209 2256 his,
3272 2196 3444 2267 quae
3495 2173 3710 2247 dicta
3767 2179 3939 2248 sunt

2416 2285 2546 2369 ibi,
2570 2308 2897 2361 necesse
2927 2294 3051 2364 est
3088 2310 3412 2384 ponere,
3448 2293 3656 2385 quod
3690 2312 3942 2385 pecca·

2417 2408 2551 2476 tor
2590 2424 2748 2476 non
2787 2405 3043 2497 possit
3088 2408 3611 2483 reconciliari
3642 2411 3834 2490 Deo,
3869 2407 3960 2481 si.

2414 2540 2513 2591 ne
2558 2521 3006 2595 mutatione
3066 2526 3158 2597 ad
3220 2525 3574 2600 formam
3655 2527 3952 2599 absolu-

2416 2640 2614 2717 tam,
2675 2641 2755 2711 et
2807 2638 2948 2712 illa
2994 2642 3479 2735 repugnabit
3520 2644 3872 2716 termino
3915 2670 3951 2710 a

2415 2775 2564 2840 quo,
2601 2758 2681 2827 et
2731 2776 2869 2848 per
2911 2777 3409 2850 consequens
3449 2760 3611 2835 erit
3654 2760 3951 2853 gratia,

2419 2868 2630 2943 sicut
2663 2870 2893 2962 prius
2937 2879 3062 2948 est
3105 2878 3521 2965 argutum.

2512 2987 2877 3060 Primum
2956 2997 3532 3082 argumentum
3618 2992 3954 3085 requirit
4064 3059 4084 3108 3

2417 3099 2984 3177 difficultatem
3062 3109 3549 3201 tangendam
3619 3108 3951 3182 inferius
3991 3091 4115 3193 Pezn'!

2419 3219 2715 3290 distinct.
2783 3223 2889 3294 14.
2984 3242 3085 3294 an
3165 3224 3478 3298 scilicet
3543 3185 4115 3497 peccatum}

2421 3342 2676 3434 possit
2755 3343 3004 3415 deleri
3066 3345 3365 3437 absque
3438 3347 3956 3439 productione
3993 3388 4104 3445 m„

2419 3458 2706 3529 formae
2776 3478 3004 3532 novae
3082 3461 3541 3533 inanima?
3605 3463 3828 3545 Quod
3899 3461 3962 3533 si
4006 3436 4058 3484 ᾖ

2420 3579 2866 3666 poneretur
2915 3579 3121 3668 quod
3192 3578 3306 3651 sic
3383 3581 3475 3651 de
3549 3579 3956 3670 originali,

2420 3691 2629 3766 sicut
2687 3691 2901 3765 fortc
2959 3692 3066 3765 ibi
3114 3695 3433 3767 dicetur
3480 3696 3574 3768 de
3628 3697 3954 3778 actuali,

2420 3813 2695 3903 posset
2752 3809 2907 3882 dici
2956 3810 3053 3881 ad
3100 3817 3705 3902 argumentum,
3771 3814 3965 3907 quod

2414 3946 2574 3997 non
2637 3926 2899 3998 omnis
2964 3931 3468 4019 propagatus
3530 3929 3629 4000 ab
3679 3930 3963 4011 Adam,

2415 4043 2439 4128 (
2480 4039 2668 4132 quia
2766 4047 3268 4135 propagatus
3314 4045 3338 4133 )
3426 4048 3557 4119 est
3647 4044 3960 4117 debitor

2405 4157 2753 4248 justitiae
2815 4158 3267 4249 originalis,
3341 4160 3476 4232 sed
3517 4180 3701 4232 cum
3802 4160 3986 4240 hoc..

2418 4277 2846 4368 quiaDeus
2896 4280 3070 4354 vult
3122 4281 3373 4354 talem
3426 4280 3686 4354 teneri
3751 4282 3852 4354 ad
3893 4279 3966 4353 il·

2415 4392 2576 4465 lam
2643 4394 3081 4487 justitiam.
3155 4397 3435 4471 Potest
3487 4401 3764 4471 autem
3813 4417 3961 4469 non

2411 4501 2616 4574 velle
2689 4502 2936 4576 istum
2990 4504 3252 4576 teneri
3311 4504 3406 4576 ad
3443 4504 3669 4576 illam
3723 4504 3959 4598 justi·

2411 4610 2633 4691 tiam,
2680 4609 2979 4702 absque
3034 4611 3486 4685 mutatione
3519 4612 3803 4704 aliqua
3836 4633 3956 4705 po·

2415 4724 2660 4799 sitiva
2751 4728 2832 4799 et
2925 4726 3300 4800 absoluta
3395 4727 3478 4800 in
3568 4726 3758 4811 isto,
3873 4731 3950 4801 ut

2410 4843 2802 4932 tangetur
2835 4840 2971 4913 ibi.

2499 4958 2611 5030 Ad
2681 4960 3137 5040 secundum,
3180 4958 3419 5050 juxta
3478 4958 3633 5032 hoc
3684 4952 4113 5073 conse-125:

2409 5078 2749 5166 quenter
2806 5078 3071 5168 potest
3137 5075 3316 5162 dici,
3378 5079 3589 5170 quod
3649 5079 3732 5150 in
3787 5082 3942 5173 jus·
3990 5076 4113 5199 (1ξέ

2406 5191 2851 5265 tificatione
2905 5194 3363 5285 peccatoris
3401 5198 3527 5268 est
3581 5216 3742 5268 una
3799 5216 3947 5269 mu-
4030 5216 4113 5259 un-

2403 5308 2611 5381 tatio
2692 5308 3126 5400 privativa,
3208 5329 3363 5401 qua
3436 5311 3528 5384 de
3619 5312 3940 5386 inimico

2402 5422 2491 5496 fit
2554 5442 2716 5494 non
2777 5421 3180 5495 inimicus.
3253 5427 3398 5498 Est
3463 5426 3715 5499 etiam
3782 5428 3934 5501 alia

753 5548 1015 5628 rentia
1080 5546 1321 5639 hujus
1377 5540 1728 5635 justitiae
1787 5557 1969 5613 cum
2018 5537 2285 5614 debito
2399 5538 2778 5633 positiva,
2826 5558 2984 5631 qua
3021 5541 3112 5611 de
3155 5540 3479 5635 indigno
3508 5542 3684 5617 vita
3713 5547 3935 5619 aeter·
