4255 6375
1359 479 1554 541 DlST.
1607 478 1705 540 ΙΙΙ.
1753 474 2125 551 QUAEs'rlo
2174 473 2274 534 lv.

235 662 359 709 non
427 643 554 709 fuit
622 644 1136 725 promulgatum,
1207 648 1282 705 ut
1360 644 1617 704 constat
1687 654 1768 700 ex

233 768 431 824 Actor.
472 765 528 825 1.
564 768 630 822 et
661 762 842 823 Lucae
868 762 971 823 24.
1007 761 1157 839 quia
1187 760 1439 838 reliquo
1472 760 1772 832 tempore

233 893 356 940 non
401 877 838 956 praedicarunt
883 876 1206 955 Apostoli,
1252 874 1374 937 sed
1404 873 1665 954 jejunio
1708 882 1772 939 et

232 996 505 1057 orationi
536 995 982 1058 incubuerunt
1023 1008 1236 1072 usque
1287 989 1371 1052 ad
1416 989 1774 1052 adventum

230 1109 498 1187 Spiritus
528 1111 761 1183 sancti,
797 1126 927 1188 quo
959 1113 1252 1186 recepto,
1309 1111 1443 1167 tum
1488 1106 1770 1182 primum

230 1229 562 1302 coeperunt
591 1222 1181 1301 praedicare,Accor.
1216 1224 1276 1282 2.
1310 1225 1383 1281 ut
1410 1223 1592 1282 recte
1614 1218 1772 1282 dicit

123 1404 160 1454 ri
229 1342 484 1403 Doctor.
522 1341 826 1416 Quamvis
855 1345 1079 1402 autem
1108 1339 1372 1400 Joannis
1401 1340 1458 1399 3.
1494 1338 1562 1397 in
1593 1334 1716 1399 illis
1750 1355 1763 1396 :

118 1484 186 1532 ga·
228 1456 358 1517 Nm·
408 1450 560 1533 qais
613 1463 872 1519 renatus
927 1456 1150 1531 suerit,
1199 1459 1324 1516 etc.
1401 1450 1771 1514 declaratur

118 1546 153 1579 ⁰'
225 1574 585 1634 necessitas
627 1572 955 1650 Baptismi,
1008 1578 1226 1633 tamen
1285 1586 1415 1630 non
1475 1575 1576 1631 est
1615 1567 1768 1628 sun—

226 1690 604 1752 damentum
638 1689 992 1769 colligendi
1038 1690 1220 1751 illum
1251 1686 1609 1768 obligasse,
1654 1702 1765 1747 an·

222 1813 486 1886 tequam
546 1813 945 1885 praeceptum
1016 1806 1160 1885 ejus
1220 1811 1323 1866 est
1393 1804 1617 1878 latum,
1694 1807 1766 1863 ut

218 1938 445 1985 omnes
496 1927 903 2001 supponunt,
937 1929 1004 1984 et
1033 1920 1316 1984 refertur
1346 1920 1428 1982 ad
1475 1925 1761 1997 tempuS,

218 2059 338 2120 quo
372 2042 840 2106 necessitatem
889 2040 1230 2101 habiturus
1282 2048 1422 2101 erat
1469 2055 1550 2099 ex
1594 2053 1759 2117 pree-

219 2161 429 2234 cepto,
497 2155 666 2218 sicut
730 2161 796 2217 et
854 2171 956 2228 ea,
1017 2172 1157 2234 que
1218 2155 1300 2216 de
1361 2153 1764 2216 Eucharistia

219 2271 547 2333 habentur
584 2274 848 2334 ,loannis
909 2272 970 2333 6.
1033 2276 1097 2332 et
1149 2270 1294 2351 ejus
1341 2271 1758 2340 necessitate,

216 2384 592 2448 referuntur
647 2387 731 2448 ad
787 2393 1047 2465 tempus
1101 2385 1421 2457 futurum,
1497 2385 1562 2445 in
1632 2401 1760 2462 quo

163 2580 166 2585 .
221 2501 355 2579 ipsa
383 2501 684 2564 instituta
729 2505 796 2562 et
840 2507 1171 2579 praecepta
1215 2499 1355 2564 fuit.

146 2700 155 2708 ·
295 2616 725 2695 Respondent
771 2618 994 2695 aliqui,
1041 2621 1113 2677 ut
1164 2618 1485 2697 vasquez,
1541 2616 1761 2695 legem

118 2716 186 2810 ,⁵¹⁰
225 2732 505 2795 divinam
535 2751 667 2796 non
712 2736 980 2814 exigere
1011 2734 1605 2815 promulgationem
1633 2735 1756 2809 sui,

118 2841 195 2936 ξω
225 2854 467 2924 contra,
520 2853 670 2929 quia
730 2851 837 2913 lex
898 2849 1113 2914 divina
1174 2851 1408 2929 nequit
1463 2849 1757 2928 obligare

118 2966 188 3065 ξῇ·
222 2964 300 3026 ad
344 2967 796 3045 impossibile;
832 2984 990 3047 ergo
1035 2968 1140 3028 lex
1201 2966 1441 3039 divina,
1501 2981 1653 3046 quae
1696 2968 1758 3026 in

120 3092 169 3189 faz-
225 3080 447 3144 ordine
481 3083 569 3145 ad
614 3083 913 3146 homines
946 3081 1170 3152 fertur,
1229 3083 1433 3145 debet
1475 3083 1757 3145 intimari

222 3206 280 3260 et
305 3200 645 3276 publicari,
699 3205 1057 3279 antequam
1102 3203 1190 3262 sit
1234 3201 1466 3281 regula
1510 3199 1762 3262 facien-

220 3312 468 3388 dorum,
560 3313 859 3394 obligans
945 3316 1482 3377 communitatem
1559 3317 1762 3377 homi-

217 3446 390 3493 num.
422 3431 548 3494 Alii
592 3449 742 3494 cum
771 3433 951 3509 Sot0,
1002 3432 1230 3495 dicunt
1271 3435 1493 3514 legem
1534 3434 1615 3496 de
1649 3435 1762 3495 Ba-

220 3548 448 3622 ptismo
499 3564 629 3609 non
686 3548 1017 3628 obligasse
1078 3566 1195 3626 per
1254 3548 1521 3612 modum
1594 3552 1759 3631 legis

223 3667 368 3723 ante
424 3663 1048 3744 promulgationem,
1120 3663 1241 3725 sed
1312 3681 1431 3742 per
1494 3664 1759 3727 modum

226 3779 547 3855 praecepti,
599 3779 780 3858 quod
838 3777 1197 3844 revelatum
1250 3787 1350 3842 est
1407 3783 1759 3860 Apostolis.

120 3901 177 3950 tia
231 3888 487 3965 Contra,
520 3893 675 3955 licet
715 3896 779 3956 in
813 3893 1118 3957 eamdem
1151 3895 1487 3957 materiam
1519 3897 1765 3960 cadunt

118 3969 179 4074 ff..
223 4012 293 4069 et
321 4017 713 4087 praeceptum
749 4017 810 4071 et
855 4013 985 4082 lex,
1035 4012 1135 4074 vel
1177 4011 1416 4073 cadere
1461 4018 1759 4089 possunt,

232 4131 568 4204 nequeunt
612 4144 757 4189 esse
789 4127 990 4199 idem,
1024 4128 1175 4207 quia
1225 4134 1633 4206 praeceptum
1666 4134 1766 4191 est
1814 4149 1817 4152 ’

229 4247 528 4318 respectu
571 4259 876 4321 personae
921 4245 1348 4320 particularis,
1381 4245 1487 4306 lex
1530 4262 1764 4324 respe-

225 4361 326 4418 ctu
378 4361 903 4436 communitatis;
959 4379 1118 4441 ergo
1168 4369 1570 4441 praeceptum
1603 4363 1762 4427 illud

229 4472 496 4537 nonfuit
546 4476 847 4556 obligans
897 4480 1456 4552 communitatem,
1509 4480 1631 4542 sed
1678 4478 1760 4541 de

229 4588 338 4650 hac
381 4589 780 4668 obligatione
813 4592 1144 4670 quaeritur,
1192 4608 1323 4653 non
1364 4593 1446 4655 de
1492 4595 1756 4672 privata.

120 4723 176 4774 tie>
303 4709 553 4771 Deinde
604 4710 768 4773 sicut
812 4718 1211 4790 praeceptum
1264 4729 1393 4774 non
1441 4714 1763 4793 obligaret

125 4850 154 4899 η
230 4821 560 4896 privatum,
624 4830 727 4888 cui
788 4824 1002 4901 datur,
1063 4827 1183 4888 nisi
1239 4830 1577 4906 supposita
1613 4828 1757 4907 ejus

118 4942 191 5021 3·
231 4943 614 5017 cognitione,
662 4957 882 5021 neque
939 4943 1215 5006 haberet
1270 4943 1391 5004 vim
1448 4945 1754 5022 praecepti

229 5062 521 5132 respectu
551 5058 719 5136 ejuS‚
769 5061 1070 5136 sequitur
1125 5058 1304 5137 quod
1358 5065 1754 5136 praeceptum

232 5170 521 5247 Baptismi
569 5190 687 5251 per
738 5174 1008 5236 modum
1051 5176 1220 5254 legis
1262 5176 1565 5254 obligans
1612 5191 1755 5238 om-

231 5299 358 5359 nes,
402 5297 689 5366 nequeat
726 5291 978 5353 habere
1029 5294 1155 5354 vim
1196 5293 1387 5371 legia,
1435 5293 1554 5356 nisi
1596 5314 1749 5374 sup·

232 5407 420 5474 posita
467 5407 991 5487 promulgatione
1045 5414 1111 5470 et
1159 5412 1381 5473 notitia
1448 5414 1748 5490 publica;

234 5515 307 5577 de
359 5519 480 5585 hoc
536 5530 754 5586 autem
814 5528 1153 5604 quaeritur,
1214 5545 1452 5607 nempe
1485 5531 1751 5608 quando

231 5633 320 5696 sic
343 5638 647 5721 obligatio
679 5643 984 5722 Baptismi
1033 5643 1186 5706 data
1231 5650 1353 5710 est.

3313 456 3429 520 359

1963 636 2180 697 Tertio
2231 633 2313 695 ad
2357 632 2611 693 nullum
2656 629 2967 691 effectum
3015 622 3290 687 serviret
3331 621 3437 684 illa

1883 751 2194 813 revelatio
2255 747 2564 829 praecepti
2634 744 2809 807 facta
2869 740 3217 821 Apostolis‚
3285 737 3436 817 quia

1881 868 2136 929 nullum
2201 865 2550 945 obligaret,
2622 862 2744 924 nisi
2818 861 2996 937 ipsos
3055 854 3435 934 Apostolos,

1883 982 2016 1061 qui,
2043 982 2231 1062 juxta
2281 979 2801 1043 communiorem
2857 973 3248 1038 sententiam
3304 971 3439 1031 Au-

1880 1099 2127 1179 gustini
2177 1103 2243 1158 et
2275 1095 2786 1175 Theologorum,
2825 1092 2965 1170 jam
3007 1086 3279 1150 fuerunt
3325 1086 3437 1148 ba-

1882 1216 2125 1294 ptizati,
2172 1213 2257 1275 ad
2290 1214 2450 1275 alios
2483 1215 2707 1273 autem
2737 1223 2874 1271 non
2921 1204 3321 1269 extenditur.

1962 1332 2023 1393 Si
2058 1330 2238 1391 dicas
2279 1344 2414 1391 non
2444 1325 2643 1389 fuisse
2689 1327 3097 1403 praeceptum
3132 1335 3429 1396 compre·
3578 1318 3660 1370 51-

1877 1445 2179 1510 hendens
2228 1444 2370 1508 illos
2420 1443 2505 1505 ad
2555 1440 3049 1518 susceptionem
3093 1434 3427 1514 Baptismi,

1875 1560 1996 1625 sed
2027 1567 2100 1623 ut
2126 1561 2573 1623 ministrarent
2614 1556 3043 1633 Baptismum,
3074 1552 3181 1614 vel
3210 1550 3423 1630 publi-

1877 1681 2124 1747 carent,
2212 1679 2463 1745 contra,
2552 1688 2685 1733 non
2777 1668 3195 1748 publicarunt
3277 1674 3428 1729 ante

1876 1795 2355 1860 pentecostem
2407 1807 2566 1870 ergo
2599 1787 2863 1865 signum
2909 1792 3029 1858 est,
3063 1798 3197 1846 non
3223 1782 3429 1846 fuisse

1871 1914 2285 1989 praeceptum
2316 1924 2432 1985 pro
2464 1905 2571 1968 illo
2610 1909 2905 1982 tempore
2940 1901 3267 1981 obliganS,
3318 1904 3432 1960 aut

1874 2026 1958 2088 ad
2002 2023 2538 2103 publicationem,
2602 2024 2717 2082 aut
2786 2017 2869 2079 ad
2940 2016 3429 2079 observantiam

1873 2143 1997 2205 sui.
2031 2142 2262 2219 Neque
2294 2138 2574 2217 primum
2609 2136 2733 2199 dici
2765 2139 3008 2213 potest,
3057 2132 3208 2213 quia
3249 2146 3426 2211 prae-

1875 2263 2139 2336 ceptum
2193 2254 2276 2316 de
2335 2252 2689 2333 Baptism0,
2739 2250 2824 2313 de
2883 2265 3017 2329 quo
3090 2246 3419 2327 quaeritur,

1870 2378 1991 2441 fuit
2031 2377 2401 2441 universale
2434 2378 2751 2452 respectu
2796 2372 3091 2435 omnium
3137 2378 3267 2433 tam
3310 2372 3421 2432 Ju-

1876 2497 2159 2557 daeorum
2243 2508 2443 2572 quam
2515 2489 2893 2561 Gentilium,
2964 2491 3167 2567 atque
3253 2485 3423 2548 adeo

1875 2608 2459 2688 comprehendens
2515 2605 2897 2668 universum
2972 2603 3226 2677 orbern,
3303 2601 3425 2663 sed

1872 2725 2049 2788 aliud
2100 2730 2503 2802 praeceptum
2551 2721 2773 2783 datum
2804 2736 2841 2780 a
2891 2718 3171 2792 Christe,
3205 2734 3417 2798 quan-

1873 2844 1954 2906 do
2003 2844 2184 2904 missi
2230 2848 2382 2904 sunt
2428 2839 2512 2901 ad
2555 2836 3070 2916 praedicandum,
3121 2851 3417 2913 nempe:

1874 2966 1941 3022 ln
2007 2962 2185 3021 viam
2229 2960 2513 3020 Gentium
2584 2971 2708 3016 non
2777 2953 3090 3027 abieritis,
3155 2959 3279 3014 etc.
3330 2957 3416 3023 et,
3450 2986 3770 3051 Praeceptum

1870 3098 2001 3159 quo
2060 3078 2333 3140 vetitum
2377 3081 2497 3148 est,
2558 3088 2642 3135 ne
2701 3069 3129 3150 praedicarent
3192 3068 3419 3130 Genti·
3451 3048 3757 3163 ffifflssssfflss.

1870 3199 2013 3270 bus,
2090 3213 2218 3259 non
2258 3192 2383 3257 fuit
2451 3192 2815 3254 relaxatum
2875 3191 2941 3251 in
3014 3193 3250 3258 morte,
3318 3186 3423 3249 vel

1873 3321 2022 3393 post
2078 3311 2625 3373 resurrectionem
2684 3304 2937 3377 Christi,
2997 3318 3211 3381 usque
3265 3300 3423 3374 dum

1875 3430 2121 3492 dictum
2154 3433 2254 3494 est
2282 3422 2556 3486 Matthaei
2593 3422 2865 3483 ultimo:
2919 3423 3171 3494 EumeS,
3212 3419 3427 3480 docete

1874 3562 2091 3608 omnes
2120 3547 2357 3616 Gentes,
2393 3540 2790 3617 baptizantes
2818 3554 2942 3611 eos,
2977 3541 3103 3598 etc.
3146 3534 3261 3597 ubi
3294 3539 3425 3596 tam

1878 3667 2275 3739 praeceptum
2309 3658 2392 3720 de
2424 3659 2755 3735 Baptismo
2798 3652 3230 3715 ministrando
3273 3652 3424 3713 uni-

1872 3777 2111 3841 versim
2145 3774 2471 3849 omnibus,
2523 3772 2804 3851 ejusque
2851 3766 3275 3845 susceptione.
3307 3765 3418 3828 da-

1876 3902 2014 3959 tum
2048 3903 2170 3968 est,
2206 3907 2404 3972 quam
2436 3891 2634 3952 etiam
2679 3888 2956 3966 primum
2984 3884 3146 3948 illud
3174 3884 3424 3946 relaxa-

1875 4020 2035 4085 tum,
2063 4017 2247 4095 juxta
2281 4025 2704 4088 communem⁹
2732 4008 3210 4085 interpretum;
3263 4021 3421 4084 ergo
3498 3977 3724 4076 (ῗὲἓξῖξῖῗ

1872 4148 2006 4195 non
2034 4130 2155 4193 fuit
2182 4135 2375 4192 antea
2409 4128 2629 4190 datum
2663 4127 3064 4204 praeceptum
3093 4122 3423 4199 Apostolis

1875 4250 1957 4312 de
1995 4247 2352 4325 BaptismO,
2385 4243 2601 4305 minus
2626 4246 2849 4302 autem
2886 4238 3026 4300 aliis
3056 4237 3138 4300 de
3183 4235 3423 4298 eodem
3524 4293 3533 4302 .

1872 4357 2319 4438 suscipiendo.

1865 4542 1874 4550 ,
1951 4474 2340 4552 Exemplum
2386 4474 2631 4542 autem,
2684 4468 2865 4549 quod
2920 4465 3164 4547 praefati
3215 4467 3422 4530 addu-
3566 4507 3648 4558 52.

1875 4601 2049 4666 cunt,
2106 4587 2262 4653 nibil
2331 4586 2486 4650 facit
2554 4586 2636 4648 ad
2700 4585 3134 4663 propositum,
3198 4583 3422 4646 dicunt
3449 4569 3755 4697 ggffigffiffi

1872 4713 2048 4775 enim
2078 4709 2247 4771 sicut
2275 4705 2583 4782 Princeps
2618 4703 2993 4765 domesticis
3017 4702 3152 4763 suis
3173 4701 3419 4780 aliquid

1868 4826 2176 4908 injungit,
2211 4823 2462 4894 dicens,
2494 4823 2565 4881 ut
2593 4821 2716 4896 ipsi
2745 4818 2814 4880 id
2844 4820 3121 4897 primum
3153 4816 3418 4898 faciant,

1870 4943 2112 5008 deinde
2160 4941 2299 5003 aliis
2341 4936 2717 5000 faciendum
2766 4933 3127 5014 publicent,
3181 4935 3272 4997 sic
3321 4933 3419 4996 fa-

1869 5065 2043 5121 ctum
2076 5057 2160 5119 de
2194 5058 2520 5134 praecepto
2555 5053 2888 5130 Baptismi.
2923 5050 3054 5114 Sed
3101 5052 3225 5113 hoc
3261 5050 3422 5114 nihil

1870 5184 1991 5252 est,
2029 5177 2181 5256 quia
2211 5174 2395 5248 illud,
2428 5179 2499 5236 ut
2531 5172 2684 5245 dixi,
2719 5186 2850 5233 non
2882 5167 3421 5232 accommodatur

1865 5293 2215 5373 Apostolis‚
2266 5291 2374 5369 qui
2406 5291 2543 5370 jam
2582 5286 2889 5365 baptizati
2935 5291 3145 5358 erant,
3194 5299 3416 5363 neque

1864 5414 2042 5478 idem
2116 5420 2269 5477 sunt
2336 5410 2653 5474 mandare
2704 5417 2775 5472 ut
2843 5409 2966 5486 ipsi
3035 5405 3280 5469 faciant
3351 5412 3420 5469 et

1865 5532 2204 5609 publicent
2233 5527 2606 5592 faciendum
2649 5526 2809 5599 aliiS,
2844 5525 2909 5589 id
2951 5530 3073 5595 est,
3118 5540 3417 5585 commu-

1864 5648 2069 5720 nitati,
2103 5646 2254 5726 quia
2287 5644 2565 5724 primum
2596 5643 2870 5705 haberet
2896 5642 3214 5704 rationem
3260 5655 3416 5717 prae·

3467 3712 3745 3777 Derogavit

3536 3775 3683 3824 alteri

3454 3836 3767 3902 particulari,

3540 3898 3675 3963 quod
