<?xml version="1.0" encoding="UTF-8"?>
<!DOCTYPE html PUBLIC "-//W3C//DTD XHTML 1.0 Transitional//EN"
    "http://www.w3.org/TR/xhtml1/DTD/xhtml1-transitional.dtd">
<html xmlns="http://www.w3.org/1999/xhtml" xml:lang="en" lang="en">
 <head>
  <title>
</title>
<meta http-equiv="Content-Type" content="text/html;charset=utf-8" />
  <meta name='ocr-system' content='tesseract 3.04.00' />
  <meta name='ocr-capabilities' content='ocr_page ocr_carea ocr_par ocr_line ocrx_word'/>
</head>
<body>
  <div class='ocr_page' id='page_1' title='image "./joannisdunsscot02waddgoog_0517.png"; bbox 0 0 4255 6375; ppageno 0'>
   <div class='ocr_carea' id='block_1_1' title="bbox 1421 407 2263 486">
    <p class='ocr_par' dir='ltr' id='par_1_1' title="bbox 1421 407 2263 486">
     <span class='ocr_line' id='line_1_1' title="bbox 1421 407 2263 486; baseline -0.002 -14"><span class='ocrx_word' id='word_1_1' title='bbox 1421 410 1620 473; x_wconf 85' lang='lat' dir='ltr'><strong>ms&#39;r.</strong></span> <span class='ocrx_word' id='word_1_2' title='bbox 1665 411 1737 470; x_wconf 90' lang='lat' dir='ltr'><strong>V.</strong></span> <span class='ocrx_word' id='word_1_3' title='bbox 1783 407 2145 486; x_wconf 80' lang='lat' dir='ltr'><strong>QUAESTlo</strong></span> <span class='ocrx_word' id='word_1_4' title='bbox 2192 411 2263 470; x_wconf 90' lang='lat'><strong>11.</strong></span> 
     </span>
    </p>
   </div>
   <div class='ocr_carea' id='block_1_2' title="bbox 215 572 1838 5543">
    <p class='ocr_par' dir='ltr' id='par_1_2' title="bbox 215 572 1838 5543">
     <span class='ocr_line' id='line_1_2' title="bbox 215 572 1780 640; baseline 0 -3"><span class='ocrx_word' id='word_1_5' title='bbox 215 583 492 640; x_wconf 89' lang='lat' dir='ltr'><strong>tenetur</strong></span> <span class='ocrx_word' id='word_1_6' title='bbox 544 594 623 638; x_wconf 85' lang='lat' dir='ltr'><strong>ex</strong></span> <span class='ocrx_word' id='word_1_7' title='bbox 669 573 985 640; x_wconf 84' lang='lat' dir='ltr'><strong>charitate</strong></span> <span class='ocrx_word' id='word_1_8' title='bbox 1024 586 1082 640; x_wconf 89' lang='lat' dir='ltr'><strong>et</strong></span> <span class='ocrx_word' id='word_1_9' title='bbox 1160 572 1519 639; x_wconf 90' lang='lat' dir='ltr'><strong>reverentia</strong></span> <span class='ocrx_word' id='word_1_10' title='bbox 1567 574 1780 638; x_wconf 82' lang='lat' dir='ltr'><strong>Sacra·</strong></span> 
     </span>
     <span class='ocr_line' id='line_1_3' title="bbox 222 689 1789 776; baseline 0 -23"><span class='ocrx_word' id='word_1_11' title='bbox 222 690 437 755; x_wconf 89' lang='lat' dir='ltr'><strong>menti</strong></span> <span class='ocrx_word' id='word_1_12' title='bbox 477 690 634 756; x_wconf 88' lang='lat' dir='ltr'><strong>citra</strong></span> <span class='ocrx_word' id='word_1_13' title='bbox 669 690 876 757; x_wconf 93' lang='lat' dir='ltr'><strong>ullum</strong></span> <span class='ocrx_word' id='word_1_14' title='bbox 906 689 1322 776; x_wconf 84' lang='lat' dir='ltr'>dispendium</span> <span class='ocrx_word' id='word_1_15' title='bbox 1372 708 1590 767; x_wconf 92' lang='lat' dir='ltr'><strong>suum,</strong></span> <span class='ocrx_word' id='word_1_16' title='bbox 1640 707 1789 754; x_wconf 88' lang='lat' dir='ltr'><strong>cum</strong></span> 
     </span>
     <span class='ocr_line' id='line_1_4' title="bbox 219 804 1790 890; baseline -0.002 -22"><span class='ocrx_word' id='word_1_17' title='bbox 219 804 408 872; x_wconf 87' lang='lat' dir='ltr'><strong>idem</strong></span> <span class='ocrx_word' id='word_1_18' title='bbox 465 808 959 873; x_wconf 78' lang='lat' dir='ltr'><strong>Sacramentum</strong></span> <span class='ocrx_word' id='word_1_19' title='bbox 1026 805 1107 870; x_wconf 89' lang='lat' dir='ltr'><strong>ab</strong></span> <span class='ocrx_word' id='word_1_20' title='bbox 1162 804 1288 870; x_wconf 90' lang='lat' dir='ltr'><strong>alio</strong></span> <span class='ocrx_word' id='word_1_21' title='bbox 1342 822 1532 890; x_wconf 81' lang='lat' dir='ltr'><strong>aeque</strong></span> <span class='ocrx_word' id='word_1_22' title='bbox 1607 821 1790 868; x_wconf 90' lang='lat' dir='ltr'><strong>com-</strong></span> 
     </span>
     <span class='ocr_line' id='line_1_5' title="bbox 224 916 1790 997; baseline -0.004 -10"><span class='ocrx_word' id='word_1_23' title='bbox 224 920 428 988; x_wconf 88' lang='lat' dir='ltr'><strong>mode</strong></span> <span class='ocrx_word' id='word_1_24' title='bbox 468 920 611 986; x_wconf 90' lang='lat' dir='ltr'><strong>sine</strong></span> <span class='ocrx_word' id='word_1_25' title='bbox 661 920 899 986; x_wconf 89' lang='lat' dir='ltr'><strong>damno</strong></span> <span class='ocrx_word' id='word_1_26' title='bbox 939 919 1232 997; x_wconf 83' lang='lat' dir='ltr'><strong>alteriuS,</strong></span> <span class='ocrx_word' id='word_1_27' title='bbox 1276 929 1341 985; x_wconf 90' lang='lat' dir='ltr'><strong>et</strong></span> <span class='ocrx_word' id='word_1_28' title='bbox 1373 939 1521 985; x_wconf 92' lang='lat' dir='ltr'><strong>cum</strong></span> <span class='ocrx_word' id='word_1_29' title='bbox 1567 916 1790 983; x_wconf 91' lang='lat' dir='ltr'><strong>eodem</strong></span> 
     </span>
     <span class='ocr_line' id='line_1_6' title="bbox 220 1035 1788 1123; baseline -0.003 -20"><span class='ocrx_word' id='word_1_30' title='bbox 220 1037 453 1105; x_wconf 83' lang='lat' dir='ltr'><strong>fructu</strong></span> <span class='ocrx_word' id='word_1_31' title='bbox 538 1058 610 1104; x_wconf 87' lang='lat' dir='ltr'><strong>ac</strong></span> <span class='ocrx_word' id='word_1_32' title='bbox 681 1037 906 1123; x_wconf 90' lang='lat' dir='ltr'><strong>majori</strong></span> <span class='ocrx_word' id='word_1_33' title='bbox 971 1035 1338 1102; x_wconf 90' lang='lat' dir='ltr'><strong>reverentia</strong></span> <span class='ocrx_word' id='word_1_34' title='bbox 1387 1035 1788 1101; x_wconf 87' lang='lat' dir='ltr'><strong>Sacramenti</strong></span> 
     </span>
     <span class='ocr_line' id='line_1_7' title="bbox 218 1153 1793 1241; baseline -0.002 -22"><span class='ocrx_word' id='word_1_35' title='bbox 218 1156 527 1240; x_wconf 87' lang='lat' dir='ltr'><strong>recipere</strong></span> <span class='ocrx_word' id='word_1_36' title='bbox 558 1153 788 1241; x_wconf 80' lang='lat' dir='ltr'><strong>possit,</strong></span> <span class='ocrx_word' id='word_1_37' title='bbox 831 1153 1064 1219; x_wconf 79' lang='lat' dir='ltr'><strong>cedere</strong></span> <span class='ocrx_word' id='word_1_38' title='bbox 1095 1153 1228 1239; x_wconf 88' lang='lat' dir='ltr'><strong>juri</strong></span> <span class='ocrx_word' id='word_1_39' title='bbox 1290 1172 1436 1232; x_wconf 88' lang='lat' dir='ltr'><strong>suo,</strong></span> <span class='ocrx_word' id='word_1_40' title='bbox 1499 1162 1570 1217; x_wconf 88' lang='lat' dir='ltr'><strong>ut</strong></span> <span class='ocrx_word' id='word_1_41' title='bbox 1617 1163 1793 1237; x_wconf 90' lang='lat' dir='ltr'><strong>patet</strong></span> 
     </span>
     <span class='ocr_line' id='line_1_8' title="bbox 220 1267 1797 1355; baseline -0.003 -19"><span class='ocrx_word' id='word_1_42' title='bbox 220 1291 314 1336; x_wconf 82' lang='lat' dir='ltr'><strong>ex</strong></span> <span class='ocrx_word' id='word_1_43' title='bbox 360 1271 630 1337; x_wconf 76' lang='lat' dir='ltr'><strong>materia</strong></span> <span class='ocrx_word' id='word_1_44' title='bbox 680 1269 762 1336; x_wconf 90' lang='lat' dir='ltr'><strong>de</strong></span> <span class='ocrx_word' id='word_1_45' title='bbox 805 1267 1133 1347; x_wconf 77' lang='lat' dir='ltr'><strong>scandale,</strong></span> <span class='ocrx_word' id='word_1_46' title='bbox 1180 1267 1332 1355; x_wconf 90' lang='lat' dir='ltr'><strong>quia</strong></span> <span class='ocrx_word' id='word_1_47' title='bbox 1369 1267 1561 1333; x_wconf 91' lang='lat' dir='ltr'><strong>etiam</strong></span> <span class='ocrx_word' id='word_1_48' title='bbox 1626 1267 1797 1333; x_wconf 84' lang='lat' dir='ltr'><strong>Pha-</strong></span> 
     </span>
     <span class='ocr_line' id='line_1_9' title="bbox 227 1383 1798 1471; baseline -0.002 -21"><span class='ocrx_word' id='word_1_49' title='bbox 227 1386 551 1454; x_wconf 79' lang='lat' dir='ltr'><strong>risaicum</strong></span> <span class='ocrx_word' id='word_1_50' title='bbox 581 1386 930 1453; x_wconf 84' lang='lat' dir='ltr'><strong>excludere</strong></span> <span class='ocrx_word' id='word_1_51' title='bbox 982 1396 1240 1449; x_wconf 90' lang='lat' dir='ltr'><strong>tenetur</strong></span> <span class='ocrx_word' id='word_1_52' title='bbox 1285 1383 1463 1471; x_wconf 84' lang='lat' dir='ltr'><strong>quis,</strong></span> <span class='ocrx_word' id='word_1_53' title='bbox 1522 1403 1605 1448; x_wconf 83' lang='lat' dir='ltr'><strong>ex</strong></span> <span class='ocrx_word' id='word_1_54' title='bbox 1651 1383 1798 1448; x_wconf 86' lang='lat' dir='ltr'><strong>cha·</strong></span> 
     </span>
     <span class='ocr_line' id='line_1_10' title="bbox 224 1498 1798 1589; baseline -0.001 -23"><span class='ocrx_word' id='word_1_55' title='bbox 224 1502 456 1584; x_wconf 85' lang='lat' dir='ltr'><strong>ritate,</strong></span> <span class='ocrx_word' id='word_1_56' title='bbox 548 1523 676 1589; x_wconf 90' lang='lat' dir='ltr'><strong>qua</strong></span> <span class='ocrx_word' id='word_1_57' title='bbox 759 1502 1092 1589; x_wconf 85' lang='lat' dir='ltr'><strong>obligatur</strong></span> <span class='ocrx_word' id='word_1_58' title='bbox 1158 1499 1435 1567; x_wconf 88' lang='lat' dir='ltr'><strong>salutem</strong></span> <span class='ocrx_word' id='word_1_59' title='bbox 1514 1498 1798 1584; x_wconf 81' lang='lat' dir='ltr'>proximi</span> 
     </span>
     <span class='ocr_line' id='line_1_11' title="bbox 225 1615 1802 1703; baseline -0.002 -21"><span class='ocrx_word' id='word_1_60' title='bbox 225 1639 615 1703; x_wconf 89' lang='lat' dir='ltr'><strong>procurare,</strong></span> <span class='ocrx_word' id='word_1_61' title='bbox 699 1619 843 1684; x_wconf 90' lang='lat' dir='ltr'><strong>sine</strong></span> <span class='ocrx_word' id='word_1_62' title='bbox 904 1617 1297 1685; x_wconf 89' lang='lat' dir='ltr'><strong>detrimento</strong></span> <span class='ocrx_word' id='word_1_63' title='bbox 1359 1615 1622 1703; x_wconf 91' lang='lat' dir='ltr'><strong>proprio</strong></span> <span class='ocrx_word' id='word_1_64' title='bbox 1690 1626 1802 1680; x_wconf 90' lang='lat' dir='ltr'><strong>aut</strong></span> 
     </span>
     <span class='ocr_line' id='line_1_12' title="bbox 228 1735 680 1802; baseline 0.007 -3"><span class='ocrx_word' id='word_1_65' title='bbox 228 1735 680 1802; x_wconf 59' lang='lat' dir='ltr'><strong>incommoda</strong></span> 
     </span>
     <span class='ocr_line' id='line_1_13' title="bbox 327 1850 1797 1937; baseline -0.002 -21"><span class='ocrx_word' id='word_1_66' title='bbox 327 1850 538 1937; x_wconf 65' lang='grc' dir='ltr'>(1))Ξί</span> <span class='ocrx_word' id='word_1_67' title='bbox 581 1863 800 1916; x_wconf 78' lang='lat' dir='ltr'><strong>autem</strong></span> <span class='ocrx_word' id='word_1_68' title='bbox 867 1861 959 1916; x_wconf 76' lang='lat' dir='ltr'><strong>est</strong></span> <span class='ocrx_word' id='word_1_69' title='bbox 1016 1850 1301 1937; x_wconf 79' lang='lat' dir='ltr'><strong>publice,</strong></span> <span class='ocrx_word' id='word_1_70' title='bbox 1363 1850 1466 1915; x_wconf 83' lang='lat' dir='ltr'><strong>vel</strong></span> <span class='ocrx_word' id='word_1_71' title='bbox 1528 1851 1797 1914; x_wconf 76' lang='lat' dir='ltr'><strong>notorie</strong></span> 
     </span>
     <span class='ocr_line' id='line_1_14' title="bbox 227 1963 1806 2054; baseline -0.001 -23"><span class='ocrx_word' id='word_1_72' title='bbox 227 1967 487 2043; x_wconf 71' lang='lat' dir='ltr'><strong>malus,</strong></span> <span class='ocrx_word' id='word_1_73' title='bbox 531 1981 660 2034; x_wconf 89' lang='lat' dir='ltr'><strong>etc.</strong></span> <span class='ocrx_word' id='word_1_74' title='bbox 726 1966 1083 2054; x_wconf 86' lang='lat' dir='ltr'><strong>Distinguit</strong></span> <span class='ocrx_word' id='word_1_75' title='bbox 1116 1986 1340 2033; x_wconf 88' lang='lat' dir='ltr'><strong>casum</strong></span> <span class='ocrx_word' id='word_1_76' title='bbox 1386 1964 1451 2031; x_wconf 90' lang='lat' dir='ltr'><strong>in</strong></span> <span class='ocrx_word' id='word_1_77' title='bbox 1501 1986 1600 2044; x_wconf 85' lang='lat' dir='ltr'><strong>ec,</strong></span> <span class='ocrx_word' id='word_1_78' title='bbox 1688 1963 1806 2050; x_wconf 88' lang='lat' dir='ltr'><strong>qui</strong></span> 
     </span>
     <span class='ocr_line' id='line_1_15' title="bbox 221 2082 1805 2160; baseline -0.003 -11"><span class='ocrx_word' id='word_1_79' title='bbox 221 2095 499 2150; x_wconf 88' lang='lat' dir='ltr'><strong>tenetur</strong></span> <span class='ocrx_word' id='word_1_80' title='bbox 554 2104 635 2149; x_wconf 86' lang='lat' dir='ltr'><strong>ex</strong></span> <span class='ocrx_word' id='word_1_81' title='bbox 672 2083 911 2160; x_wconf 60' lang='lat' dir='ltr'><strong>officim</strong></span> <span class='ocrx_word' id='word_1_82' title='bbox 958 2095 1020 2148; x_wconf 75' lang='lat' dir='ltr'><strong>et</strong></span> <span class='ocrx_word' id='word_1_83' title='bbox 1064 2102 1216 2149; x_wconf 88' lang='lat' dir='ltr'><strong>cura</strong></span> <span class='ocrx_word' id='word_1_84' title='bbox 1273 2082 1648 2150; x_wconf 86' lang='lat' dir='ltr'><strong>ministrare</strong></span> <span class='ocrx_word' id='word_1_85' title='bbox 1689 2082 1805 2145; x_wconf 90' lang='lat' dir='ltr'><strong>Sa-</strong></span> 
     </span>
     <span class='ocr_line' id='line_1_16' title="bbox 227 2193 1808 2280; baseline -0.005 -13"><span class='ocrx_word' id='word_1_86' title='bbox 227 2213 675 2279; x_wconf 87' lang='lat' dir='ltr'><strong>cramentum,</strong></span> <span class='ocrx_word' id='word_1_87' title='bbox 724 2211 794 2266; x_wconf 88' lang='lat' dir='ltr'><strong>ut</strong></span> <span class='ocrx_word' id='word_1_88' title='bbox 833 2212 932 2266; x_wconf 89' lang='lat' dir='ltr'><strong>est</strong></span> <span class='ocrx_word' id='word_1_89' title='bbox 962 2201 1313 2280; x_wconf 77' lang='lat' dir='ltr'><strong>ParochuS,</strong></span> <span class='ocrx_word' id='word_1_90' title='bbox 1352 2211 1413 2264; x_wconf 92' lang='lat' dir='ltr'><strong>et</strong></span> <span class='ocrx_word' id='word_1_91' title='bbox 1447 2198 1510 2264; x_wconf 94' lang='lat' dir='ltr'><strong>in</strong></span> <span class='ocrx_word' id='word_1_92' title='bbox 1557 2218 1633 2263; x_wconf 93' lang='lat' dir='ltr'><strong>eo</strong></span> <span class='ocrx_word' id='word_1_93' title='bbox 1701 2193 1808 2262; x_wconf 87' lang='lat' dir='ltr'><strong>cui</strong></span> 
     </span>
     <span class='ocr_line' id='line_1_17' title="bbox 226 2316 1809 2402; baseline -0.001 -19"><span class='ocrx_word' id='word_1_94' title='bbox 226 2340 314 2384; x_wconf 81' lang='lat' dir='ltr'><strong>ex</strong></span> <span class='ocrx_word' id='word_1_95' title='bbox 355 2317 572 2383; x_wconf 72' lang='lat' dir='ltr'><strong>officio</strong></span> <span class='ocrx_word' id='word_1_96' title='bbox 611 2317 940 2402; x_wconf 85' lang='lat' dir='ltr'><strong>congruit,</strong></span> <span class='ocrx_word' id='word_1_97' title='bbox 989 2329 1058 2383; x_wconf 93' lang='lat' dir='ltr'><strong>ut</strong></span> <span class='ocrx_word' id='word_1_98' title='bbox 1087 2330 1189 2384; x_wconf 82' lang='lat' dir='ltr'><strong>est</strong></span> <span class='ocrx_word' id='word_1_99' title='bbox 1238 2320 1558 2383; x_wconf 77' lang='lat' dir='ltr'><strong>Sacerdos</strong></span> <span class='ocrx_word' id='word_1_100' title='bbox 1620 2316 1809 2383; x_wconf 84' lang='lat' dir='ltr'><strong>datus</strong></span> 
     </span>
     <span class='ocr_line' id='line_1_18' title="bbox 233 2431 1804 2519; baseline -0.003 -18"><span class='ocrx_word' id='word_1_101' title='bbox 233 2439 308 2502; x_wconf 91' lang='lat' dir='ltr'><strong>in</strong></span> <span class='ocrx_word' id='word_1_102' title='bbox 346 2433 746 2519; x_wconf 87' lang='lat' dir='ltr'><strong>adjutorium</strong></span> <span class='ocrx_word' id='word_1_103' title='bbox 792 2433 1084 2512; x_wconf 82' lang='lat' dir='ltr'><strong>Parochi,</strong></span> <span class='ocrx_word' id='word_1_104' title='bbox 1123 2431 1226 2499; x_wconf 91' lang='lat' dir='ltr'><strong>vel</strong></span> <span class='ocrx_word' id='word_1_105' title='bbox 1257 2433 1337 2499; x_wconf 89' lang='lat' dir='ltr'><strong>ab</strong></span> <span class='ocrx_word' id='word_1_106' title='bbox 1368 2455 1444 2499; x_wconf 90' lang='lat' dir='ltr'><strong>eo</strong></span> <span class='ocrx_word' id='word_1_107' title='bbox 1514 2444 1804 2498; x_wconf 86' lang='lat' dir='ltr'><strong>vocatus.</strong></span> 
     </span>
     <span class='ocr_line' id='line_1_19' title="bbox 237 2549 1806 2635; baseline -0.001 -21"><span class='ocrx_word' id='word_1_108' title='bbox 237 2549 479 2626; x_wconf 85' lang='lat' dir='ltr'><strong>Quoad</strong></span> <span class='ocrx_word' id='word_1_109' title='bbox 549 2550 833 2634; x_wconf 92' lang='lat' dir='ltr'><strong>primum</strong></span> <span class='ocrx_word' id='word_1_110' title='bbox 895 2549 1051 2615; x_wconf 86' lang='lat' dir='ltr'><strong>dicit</strong></span> <span class='ocrx_word' id='word_1_111' title='bbox 1119 2571 1247 2615; x_wconf 89' lang='lat' dir='ltr'><strong>non</strong></span> <span class='ocrx_word' id='word_1_112' title='bbox 1307 2569 1574 2635; x_wconf 85' lang='lat' dir='ltr'><strong>peccare</strong></span> <span class='ocrx_word' id='word_1_113' title='bbox 1630 2568 1806 2626; x_wconf 86' lang='lat' dir='ltr'><strong>eum,</strong></span> 
     </span>
     <span class='ocr_line' id='line_1_20' title="bbox 244 2666 1810 2753; baseline -0.001 -21"><span class='ocrx_word' id='word_1_114' title='bbox 244 2668 371 2753; x_wconf 89' lang='lat' dir='ltr'><strong>qui</strong></span> <span class='ocrx_word' id='word_1_115' title='bbox 453 2666 607 2752; x_wconf 91' lang='lat' dir='ltr'><strong>petit</strong></span> <span class='ocrx_word' id='word_1_116' title='bbox 698 2686 734 2732; x_wconf 89' lang='lat' dir='ltr'><strong>a</strong></span> <span class='ocrx_word' id='word_1_117' title='bbox 783 2668 1072 2734; x_wconf 86' lang='lat' dir='ltr'><strong>Parocho</strong></span> <span class='ocrx_word' id='word_1_118' title='bbox 1156 2668 1644 2746; x_wconf 80' lang='lat' dir='ltr'><strong>Sacramentum</strong></span> <span class='ocrx_word' id='word_1_119' title='bbox 1723 2666 1810 2732; x_wconf 89' lang='lat' dir='ltr'><strong>si-</strong></span> 
     </span>
     <span class='ocr_line' id='line_1_21' title="bbox 244 2782 1811 2869; baseline -0.002 -18"><span class='ocrx_word' id='word_1_120' title='bbox 244 2785 345 2862; x_wconf 86' lang='lat' dir='ltr'><strong>bi,</strong></span> <span class='ocrx_word' id='word_1_121' title='bbox 421 2796 532 2848; x_wconf 90' lang='lat' dir='ltr'><strong>aut</strong></span> <span class='ocrx_word' id='word_1_122' title='bbox 609 2782 881 2868; x_wconf 86' lang='lat' dir='ltr'><strong>parvulo</strong></span> <span class='ocrx_word' id='word_1_123' title='bbox 939 2803 1082 2861; x_wconf 83' lang='lat' dir='ltr'><strong>suc,</strong></span> <span class='ocrx_word' id='word_1_124' title='bbox 1155 2783 1303 2869; x_wconf 90' lang='lat' dir='ltr'><strong>quia</strong></span> <span class='ocrx_word' id='word_1_125' title='bbox 1381 2796 1480 2849; x_wconf 88' lang='lat' dir='ltr'><strong>est</strong></span> <span class='ocrx_word' id='word_1_126' title='bbox 1555 2783 1811 2849; x_wconf 92' lang='lat' dir='ltr'><strong>debitor</strong></span> 
     </span>
     <span class='ocr_line' id='line_1_22' title="bbox 242 2898 1811 2985; baseline 0 -20"><span class='ocrx_word' id='word_1_127' title='bbox 242 2912 557 2985; x_wconf 85' lang='lat' dir='ltr'><strong>respectu</strong></span> <span class='ocrx_word' id='word_1_128' title='bbox 593 2920 731 2965; x_wconf 86' lang='lat' dir='ltr'><strong>suae</strong></span> <span class='ocrx_word' id='word_1_129' title='bbox 777 2899 1132 2966; x_wconf 76' lang='lat' dir='ltr'><strong>Parochiae.</strong></span> <span class='ocrx_word' id='word_1_130' title='bbox 1170 2898 1562 2985; x_wconf 83' lang='lat' dir='ltr'><strong>intelligitur</strong></span> <span class='ocrx_word' id='word_1_131' title='bbox 1589 2911 1811 2965; x_wconf 93' lang='lat' dir='ltr'><strong>autem</strong></span> 
     </span>
     <span class='ocr_line' id='line_1_23' title="bbox 243 3014 1810 3103; baseline -0.001 -21"><span class='ocrx_word' id='word_1_132' title='bbox 243 3037 478 3095; x_wconf 81' lang='lat' dir='ltr'><strong>casuS‚</strong></span> <span class='ocrx_word' id='word_1_133' title='bbox 515 3015 771 3103; x_wconf 88' lang='lat' dir='ltr'><strong>quando</strong></span> <span class='ocrx_word' id='word_1_134' title='bbox 803 3015 970 3082; x_wconf 89' lang='lat' dir='ltr'><strong>alius</strong></span> <span class='ocrx_word' id='word_1_135' title='bbox 1021 3036 1148 3082; x_wconf 89' lang='lat' dir='ltr'><strong>non</strong></span> <span class='ocrx_word' id='word_1_136' title='bbox 1192 3015 1299 3096; x_wconf 91' lang='lat' dir='ltr'><strong>sit,</strong></span> <span class='ocrx_word' id='word_1_137' title='bbox 1334 3015 1440 3081; x_wconf 87' lang='lat' dir='ltr'><strong>cui</strong></span> <span class='ocrx_word' id='word_1_138' title='bbox 1472 3035 1552 3081; x_wconf 80' lang='lat' dir='ltr'><strong>ex</strong></span> <span class='ocrx_word' id='word_1_139' title='bbox 1592 3014 1810 3081; x_wconf 83' lang='lat' dir='ltr'><strong>officio</strong></span> 
     </span>
     <span class='ocr_line' id='line_1_24' title="bbox 247 3129 1811 3216; baseline -0.001 -19"><span class='ocrx_word' id='word_1_140' title='bbox 247 3130 580 3198; x_wconf 81' lang='lat' dir='ltr'><strong>incumbit</strong></span> <span class='ocrx_word' id='word_1_141' title='bbox 611 3130 1009 3211; x_wconf 83' lang='lat' dir='ltr'><strong>ministrare,</strong></span> <span class='ocrx_word' id='word_1_142' title='bbox 1051 3150 1169 3197; x_wconf 89' lang='lat' dir='ltr'><strong>nec</strong></span> <span class='ocrx_word' id='word_1_143' title='bbox 1199 3129 1571 3197; x_wconf 88' lang='lat' dir='ltr'><strong>ministrare</strong></span> <span class='ocrx_word' id='word_1_144' title='bbox 1596 3142 1811 3216; x_wconf 87' lang='lat' dir='ltr'><strong>potest</strong></span> 
     </span>
     <span class='ocr_line' id='line_1_25' title="bbox 251 3246 1811 3332; baseline -0.003 -16"><span class='ocrx_word' id='word_1_145' title='bbox 251 3248 410 3316; x_wconf 90' lang='lat' dir='ltr'><strong>sine</strong></span> <span class='ocrx_word' id='word_1_146' title='bbox 440 3247 720 3326; x_wconf 87' lang='lat' dir='ltr'><strong>licentia,</strong></span> <span class='ocrx_word' id='word_1_147' title='bbox 757 3256 868 3313; x_wconf 90' lang='lat' dir='ltr'><strong>aut</strong></span> <span class='ocrx_word' id='word_1_148' title='bbox 893 3246 1193 3326; x_wconf 86' lang='lat' dir='ltr'><strong>Parochi,</strong></span> <span class='ocrx_word' id='word_1_149' title='bbox 1228 3258 1339 3312; x_wconf 90' lang='lat' dir='ltr'><strong>aut</strong></span> <span class='ocrx_word' id='word_1_150' title='bbox 1371 3248 1473 3312; x_wconf 90' lang='lat' dir='ltr'><strong>sui</strong></span> <span class='ocrx_word' id='word_1_151' title='bbox 1506 3246 1811 3332; x_wconf 90' lang='lat' dir='ltr'><strong>Superio-</strong></span> 
     </span>
     <span class='ocr_line' id='line_1_26' title="bbox 252 3361 1814 3450; baseline -0.001 -21"><span class='ocrx_word' id='word_1_152' title='bbox 252 3365 354 3430; x_wconf 86' lang='lat' dir='ltr'><strong>ris</strong></span> <span class='ocrx_word' id='word_1_153' title='bbox 387 3368 418 3450; x_wconf 67' lang='grc' dir='ltr'>ξ</span> <span class='ocrx_word' id='word_1_154' title='bbox 448 3374 510 3429; x_wconf 91' lang='lat' dir='ltr'><strong>et</strong></span> <span class='ocrx_word' id='word_1_155' title='bbox 540 3364 699 3430; x_wconf 86' lang='lat' dir='ltr'><strong>ratio</strong></span> <span class='ocrx_word' id='word_1_156' title='bbox 756 3372 857 3429; x_wconf 89' lang='lat' dir='ltr'><strong>est</strong></span> <span class='ocrx_word' id='word_1_157' title='bbox 886 3362 1080 3442; x_wconf 90' lang='lat' dir='ltr'><strong>clara,</strong></span> <span class='ocrx_word' id='word_1_158' title='bbox 1121 3362 1273 3449; x_wconf 91' lang='lat' dir='ltr'><strong>quia</strong></span> <span class='ocrx_word' id='word_1_159' title='bbox 1310 3361 1472 3428; x_wconf 90' lang='lat' dir='ltr'><strong>alter</strong></span> <span class='ocrx_word' id='word_1_160' title='bbox 1502 3361 1814 3428; x_wconf 90' lang='lat' dir='ltr'><strong>toleratur</strong></span> 
     </span>
     <span class='ocr_line' id='line_1_27' title="bbox 245 3478 1815 3575; baseline -0.002 -29"><span class='ocrx_word' id='word_1_161' title='bbox 245 3482 337 3547; x_wconf 86' lang='lat' dir='ltr'><strong>ab</strong></span> <span class='ocrx_word' id='word_1_162' title='bbox 379 3480 693 3559; x_wconf 81' lang='lat' dir='ltr'><strong>Ecclesia,</strong></span> <span class='ocrx_word' id='word_1_163' title='bbox 733 3492 796 3545; x_wconf 88' lang='lat' dir='ltr'><strong>et</strong></span> <span class='ocrx_word' id='word_1_164' title='bbox 826 3499 1015 3564; x_wconf 69' lang='lat' dir='ltr'><strong>«teque</strong></span> <span class='ocrx_word' id='word_1_165' title='bbox 1048 3478 1283 3545; x_wconf 90' lang='lat' dir='ltr'><strong>retinet</strong></span> <span class='ocrx_word' id='word_1_166' title='bbox 1325 3499 1514 3575; x_wconf 81' lang='lat' dir='ltr'><strong>suum</strong></span> <span class='ocrx_word' id='word_1_167' title='bbox 1563 3478 1698 3564; x_wconf 87' lang='lat' dir='ltr'><strong>jus,</strong></span> <span class='ocrx_word' id='word_1_168' title='bbox 1739 3498 1815 3544; x_wconf 88' lang='lat' dir='ltr'><strong>ac</strong></span> 
     </span>
     <span class='ocr_line' id='line_1_28' title="bbox 255 3594 1812 3685; baseline -0.003 -20"><span class='ocrx_word' id='word_1_169' title='bbox 255 3597 663 3685; x_wconf 87' lang='lat' dir='ltr'><strong>quicumque</strong></span> <span class='ocrx_word' id='word_1_170' title='bbox 713 3596 881 3663; x_wconf 88' lang='lat' dir='ltr'><strong>alius</strong></span> <span class='ocrx_word' id='word_1_171' title='bbox 937 3617 1064 3663; x_wconf 93' lang='lat' dir='ltr'><strong>non</strong></span> <span class='ocrx_word' id='word_1_172' title='bbox 1118 3594 1362 3675; x_wconf 85' lang='lat' dir='ltr'><strong>malus;</strong></span> <span class='ocrx_word' id='word_1_173' title='bbox 1426 3595 1596 3661; x_wconf 89' lang='lat' dir='ltr'><strong>sicut</strong></span> <span class='ocrx_word' id='word_1_174' title='bbox 1654 3615 1812 3682; x_wconf 84' lang='lat' dir='ltr'><strong>ergo</strong></span> 
     </span>
     <span class='ocr_line' id='line_1_29' title="bbox 258 3713 1813 3800; baseline -0.001 -20"><span class='ocrx_word' id='word_1_175' title='bbox 258 3736 400 3780; x_wconf 90' lang='lat' dir='ltr'><strong>non</strong></span> <span class='ocrx_word' id='word_1_176' title='bbox 423 3723 526 3780; x_wconf 89' lang='lat' dir='ltr'><strong>est</strong></span> <span class='ocrx_word' id='word_1_177' title='bbox 556 3715 620 3780; x_wconf 91' lang='lat' dir='ltr'><strong>in</strong></span> <span class='ocrx_word' id='word_1_178' title='bbox 653 3725 972 3800; x_wconf 82' lang='lat' dir='ltr'><strong>potestate</strong></span> <span class='ocrx_word' id='word_1_179' title='bbox 1001 3713 1298 3793; x_wconf 87' lang='lat' dir='ltr'><strong>alterius,</strong></span> <span class='ocrx_word' id='word_1_180' title='bbox 1333 3724 1447 3779; x_wconf 90' lang='lat' dir='ltr'><strong>aut</strong></span> <span class='ocrx_word' id='word_1_181' title='bbox 1471 3713 1676 3798; x_wconf 89' lang='lat' dir='ltr'><strong>ipsius</strong></span> <span class='ocrx_word' id='word_1_182' title='bbox 1699 3714 1813 3778; x_wconf 88' lang='lat' dir='ltr'><strong>Pa-</strong></span> 
     </span>
     <span class='ocr_line' id='line_1_30' title="bbox 255 3829 1814 3918; baseline -0.002 -20"><span class='ocrx_word' id='word_1_183' title='bbox 255 3832 561 3899; x_wconf 86' lang='lat' dir='ltr'><strong>rochiani</strong></span> <span class='ocrx_word' id='word_1_184' title='bbox 605 3843 979 3918; x_wconf 75' lang='lat' dir='ltr'><strong>pervertere</strong></span> <span class='ocrx_word' id='word_1_185' title='bbox 1031 3831 1549 3916; x_wconf 80' lang='lat' dir='ltr'><strong>iurisdictionem</strong></span> <span class='ocrx_word' id='word_1_186' title='bbox 1598 3829 1814 3896; x_wconf 88' lang='lat' dir='ltr'><strong>Eccle-</strong></span> 
     </span>
     <span class='ocr_line' id='line_1_31' title="bbox 253 3946 1816 4035; baseline -0.003 -20"><span class='ocrx_word' id='word_1_187' title='bbox 253 3946 622 4026; x_wconf 82' lang='lat' dir='ltr'><strong>siasticam‚</strong></span> <span class='ocrx_word' id='word_1_188' title='bbox 662 3947 748 4014; x_wconf 90' lang='lat' dir='ltr'><strong>ita</strong></span> <span class='ocrx_word' id='word_1_189' title='bbox 789 3947 980 4013; x_wconf 90' lang='lat' dir='ltr'><strong>etiam</strong></span> <span class='ocrx_word' id='word_1_190' title='bbox 1015 3968 1227 4035; x_wconf 90' lang='lat' dir='ltr'><strong>neque</strong></span> <span class='ocrx_word' id='word_1_191' title='bbox 1268 3946 1705 4013; x_wconf 87' lang='lat' dir='ltr'><strong>Parochianus</strong></span> <span class='ocrx_word' id='word_1_192' title='bbox 1737 3946 1816 4011; x_wconf 90' lang='lat' dir='ltr'><strong>ab</strong></span> 
     </span>
     <span class='ocr_line' id='line_1_32' title="bbox 254 4062 1817 4150; baseline -0.002 -20"><span class='ocrx_word' id='word_1_193' title='bbox 254 4064 396 4131; x_wconf 90' lang='lat' dir='ltr'><strong>alio</strong></span> <span class='ocrx_word' id='word_1_194' title='bbox 441 4075 654 4150; x_wconf 89' lang='lat' dir='ltr'><strong>petere</strong></span> <span class='ocrx_word' id='word_1_195' title='bbox 703 4074 938 4149; x_wconf 88' lang='lat' dir='ltr'><strong>potest,</strong></span> <span class='ocrx_word' id='word_1_196' title='bbox 988 4062 1113 4130; x_wconf 90' lang='lat' dir='ltr'><strong>nisi</strong></span> <span class='ocrx_word' id='word_1_197' title='bbox 1173 4063 1254 4129; x_wconf 91' lang='lat' dir='ltr'><strong>de</strong></span> <span class='ocrx_word' id='word_1_198' title='bbox 1311 4062 1570 4129; x_wconf 89' lang='lat' dir='ltr'><strong>licentia</strong></span> <span class='ocrx_word' id='word_1_199' title='bbox 1625 4064 1817 4128; x_wconf 88' lang='lat' dir='ltr'><strong>Paro-</strong></span> 
     </span>
     <span class='ocr_line' id='line_1_33' title="bbox 254 4187 1820 4275; baseline -0.003 -18"><span class='ocrx_word' id='word_1_200' title='bbox 254 4191 376 4259; x_wconf 89' lang='lat' dir='ltr'><strong>chi</strong></span> <span class='ocrx_word' id='word_1_201' title='bbox 465 4201 575 4256; x_wconf 88' lang='lat' dir='ltr'><strong>aut</strong></span> <span class='ocrx_word' id='word_1_202' title='bbox 633 4187 1008 4275; x_wconf 88' lang='lat' dir='ltr'><strong>Superioris</strong></span> <span class='ocrx_word' id='word_1_203' title='bbox 1074 4187 1412 4265; x_wconf 88' lang='lat' dir='ltr'><strong>ordinarii,</strong></span> <span class='ocrx_word' id='word_1_204' title='bbox 1461 4208 1671 4275; x_wconf 89' lang='lat' dir='ltr'><strong>neque</strong></span> <span class='ocrx_word' id='word_1_205' title='bbox 1711 4187 1820 4253; x_wconf 91' lang='lat' dir='ltr'><strong>ille</strong></span> 
     </span>
     <span class='ocr_line' id='line_1_34' title="bbox 262 4301 1814 4391; baseline -0.004 -18"><span class='ocrx_word' id='word_1_206' title='bbox 262 4324 593 4389; x_wconf 88' lang='lat' dir='ltr'><strong>usurpare</strong></span> <span class='ocrx_word' id='word_1_207' title='bbox 623 4304 735 4391; x_wconf 91' lang='lat' dir='ltr'><strong>jus</strong></span> <span class='ocrx_word' id='word_1_208' title='bbox 784 4303 1097 4382; x_wconf 83' lang='lat' dir='ltr'><strong>alienum,</strong></span> <span class='ocrx_word' id='word_1_209' title='bbox 1155 4323 1283 4390; x_wconf 90' lang='lat' dir='ltr'><strong>quo</strong></span> <span class='ocrx_word' id='word_1_210' title='bbox 1328 4322 1453 4367; x_wconf 92' lang='lat' dir='ltr'><strong>non</strong></span> <span class='ocrx_word' id='word_1_211' title='bbox 1497 4301 1814 4387; x_wconf 83' lang='lat' dir='ltr'><strong>privatur.</strong></span> 
     </span>
     <span class='ocr_line' id='line_1_35' title="bbox 355 4416 1820 4503; baseline -0.001 -19"><span class='ocrx_word' id='word_1_212' title='bbox 355 4421 455 4484; x_wconf 81' lang='lat' dir='ltr'><strong>Ex</strong></span> <span class='ocrx_word' id='word_1_213' title='bbox 513 4419 714 4485; x_wconf 89' lang='lat' dir='ltr'><strong>altera</strong></span> <span class='ocrx_word' id='word_1_214' title='bbox 755 4429 934 4503; x_wconf 88' lang='lat' dir='ltr'><strong>parte</strong></span> <span class='ocrx_word' id='word_1_215' title='bbox 998 4429 1186 4503; x_wconf 87' lang='lat' dir='ltr'><strong>urget</strong></span> <span class='ocrx_word' id='word_1_216' title='bbox 1244 4416 1652 4489; x_wconf 85' lang='lat' dir='ltr'><strong>consuetudo</strong></span> <span class='ocrx_word' id='word_1_217' title='bbox 1705 4420 1820 4483; x_wconf 90' lang='lat' dir='ltr'><strong>Ec-</strong></span> 
     </span>
     <span class='ocr_line' id='line_1_36' title="bbox 256 4533 1826 4622; baseline -0.004 -15"><span class='ocrx_word' id='word_1_218' title='bbox 256 4535 659 4615; x_wconf 87' lang='lat' dir='ltr'><strong>clesiastica,</strong></span> <span class='ocrx_word' id='word_1_219' title='bbox 702 4536 952 4602; x_wconf 92' lang='lat' dir='ltr'><strong>habens</strong></span> <span class='ocrx_word' id='word_1_220' title='bbox 1002 4535 1136 4601; x_wconf 91' lang='lat' dir='ltr'><strong>vim</strong></span> <span class='ocrx_word' id='word_1_221' title='bbox 1173 4534 1480 4622; x_wconf 83' lang='lat' dir='ltr'><strong>praecepti</strong></span> <span class='ocrx_word' id='word_1_222' title='bbox 1513 4533 1590 4600; x_wconf 92' lang='lat' dir='ltr'><strong>de</strong></span> <span class='ocrx_word' id='word_1_223' title='bbox 1622 4535 1826 4620; x_wconf 88' lang='lat' dir='ltr'><strong>bapti-</strong></span> 
     </span>
     <span class='ocr_line' id='line_1_37' title="bbox 258 4652 1825 4740; baseline -0.002 -19"><span class='ocrx_word' id='word_1_224' title='bbox 258 4652 496 4721; x_wconf 86' lang='lat' dir='ltr'><strong>zandis</strong></span> <span class='ocrx_word' id='word_1_225' title='bbox 542 4653 858 4740; x_wconf 84' lang='lat' dir='ltr'><strong>parvulis,</strong></span> <span class='ocrx_word' id='word_1_226' title='bbox 920 4653 999 4719; x_wconf 89' lang='lat' dir='ltr'><strong>ad</strong></span> <span class='ocrx_word' id='word_1_227' title='bbox 1041 4673 1236 4740; x_wconf 86' lang='lat' dir='ltr'><strong>quam</strong></span> <span class='ocrx_word' id='word_1_228' title='bbox 1286 4664 1545 4718; x_wconf 88' lang='lat' dir='ltr'><strong>tenetur</strong></span> <span class='ocrx_word' id='word_1_229' title='bbox 1576 4652 1825 4719; x_wconf 86' lang='lat' dir='ltr'><strong>habens</strong></span> 
     </span>
     <span class='ocr_line' id='line_1_38' title="bbox 268 4767 1832 4853; baseline -0.005 -14"><span class='ocrx_word' id='word_1_230' title='bbox 268 4791 505 4839; x_wconf 87' lang='lat' dir='ltr'><strong>curam</strong></span> <span class='ocrx_word' id='word_1_231' title='bbox 549 4769 857 4849; x_wconf 82' lang='lat' dir='ltr'><strong>infantis3</strong></span> <span class='ocrx_word' id='word_1_232' title='bbox 924 4782 988 4836; x_wconf 89' lang='lat' dir='ltr'><strong>et</strong></span> <span class='ocrx_word' id='word_1_233' title='bbox 1029 4771 1082 4836; x_wconf 87' lang='lat' dir='ltr'><strong>si</strong></span> <span class='ocrx_word' id='word_1_234' title='bbox 1125 4782 1224 4835; x_wconf 89' lang='lat' dir='ltr'><strong>est</strong></span> <span class='ocrx_word' id='word_1_235' title='bbox 1280 4767 1540 4834; x_wconf 89' lang='lat' dir='ltr'><strong>adultus</strong></span> <span class='ocrx_word' id='word_1_236' title='bbox 1583 4777 1832 4853; x_wconf 89' lang='lat' dir='ltr'><strong>spectat</strong></span> 
     </span>
     <span class='ocr_line' id='line_1_39' title="bbox 271 4883 1829 4954; baseline -0.004 0"><span class='ocrx_word' id='word_1_237' title='bbox 271 4886 537 4954; x_wconf 87' lang='lat' dir='ltr'><strong>ratione</strong></span> <span class='ocrx_word' id='word_1_238' title='bbox 579 4886 948 4953; x_wconf 75' lang='lat' dir='ltr'><strong>residentiae</strong></span> <span class='ocrx_word' id='word_1_239' title='bbox 978 4898 1043 4952; x_wconf 91' lang='lat' dir='ltr'><strong>et</strong></span> <span class='ocrx_word' id='word_1_240' title='bbox 1073 4885 1495 4952; x_wconf 86' lang='lat' dir='ltr'><strong>habitationis</strong></span> <span class='ocrx_word' id='word_1_241' title='bbox 1536 4883 1611 4950; x_wconf 90' lang='lat' dir='ltr'><strong>ad</strong></span> <span class='ocrx_word' id='word_1_242' title='bbox 1654 4883 1829 4948; x_wconf 82' lang='lat' dir='ltr'><strong>ordi-</strong></span> 
     </span>
     <span class='ocr_line' id='line_1_40' title="bbox 275 5000 1832 5091; baseline -0.001 -21"><span class='ocrx_word' id='word_1_243' title='bbox 275 5002 572 5083; x_wconf 87' lang='lat' dir='ltr'><strong>narium,</strong></span> <span class='ocrx_word' id='word_1_244' title='bbox 617 5024 692 5069; x_wconf 95' lang='lat' dir='ltr'><strong>eo</strong></span> <span class='ocrx_word' id='word_1_245' title='bbox 726 5002 865 5091; x_wconf 88' lang='lat' dir='ltr'><strong>ipso</strong></span> <span class='ocrx_word' id='word_1_246' title='bbox 923 5023 1053 5090; x_wconf 92' lang='lat' dir='ltr'><strong>quo</strong></span> <span class='ocrx_word' id='word_1_247' title='bbox 1093 5003 1237 5069; x_wconf 88' lang='lat' dir='ltr'><strong>vult</strong></span> <span class='ocrx_word' id='word_1_248' title='bbox 1295 5000 1730 5069; x_wconf 89' lang='lat' dir='ltr'><strong>Sacramentis</strong></span> <span class='ocrx_word' id='word_1_249' title='bbox 1762 5022 1832 5068; x_wconf 91' lang='lat' dir='ltr'><strong>se</strong></span> 
     </span>
     <span class='ocr_line' id='line_1_41' title="bbox 278 5115 1832 5206; baseline -0.005 -18"><span class='ocrx_word' id='word_1_250' title='bbox 278 5118 651 5206; x_wconf 81' lang='lat' dir='ltr'><strong>subjicere3</strong></span> <span class='ocrx_word' id='word_1_251' title='bbox 701 5119 899 5186; x_wconf 79' lang='lat' dir='ltr'><strong>babet</strong></span> <span class='ocrx_word' id='word_1_252' title='bbox 941 5117 1138 5184; x_wconf 89' lang='lat' dir='ltr'><strong>etiam</strong></span> <span class='ocrx_word' id='word_1_253' title='bbox 1184 5115 1636 5182; x_wconf 86' lang='lat' dir='ltr'><strong>necessitatem</strong></span> <span class='ocrx_word' id='word_1_254' title='bbox 1668 5135 1832 5202; x_wconf 82' lang='lat' dir='ltr'><strong>prae-</strong></span> 
     </span>
     <span class='ocr_line' id='line_1_42' title="bbox 280 5230 1828 5322; baseline -0.004 -19"><span class='ocrx_word' id='word_1_255' title='bbox 280 5235 484 5322; x_wconf 81' lang='lat' dir='ltr'><strong>cepti,</strong></span> <span class='ocrx_word' id='word_1_256' title='bbox 531 5233 742 5322; x_wconf 90' lang='lat' dir='ltr'><strong>quoad</strong></span> <span class='ocrx_word' id='word_1_257' title='bbox 785 5236 1279 5301; x_wconf 85' lang='lat' dir='ltr'><strong>Sacramentum</strong></span> <span class='ocrx_word' id='word_1_258' title='bbox 1316 5230 1828 5318; x_wconf 88' lang='lat' dir='ltr'><strong>suscipiendum.</strong></span> 
     </span>
     <span class='ocr_line' id='line_1_43' title="bbox 279 5347 1837 5438; baseline -0.005 -19"><span class='ocrx_word' id='word_1_259' title='bbox 279 5355 368 5419; x_wconf 89' lang='lat' dir='ltr'><strong>Et</strong></span> <span class='ocrx_word' id='word_1_260' title='bbox 412 5350 716 5437; x_wconf 85' lang='lat' dir='ltr'><strong>quamvis</strong></span> <span class='ocrx_word' id='word_1_261' title='bbox 757 5372 874 5438; x_wconf 91' lang='lat' dir='ltr'><strong>pro</strong></span> <span class='ocrx_word' id='word_1_262' title='bbox 906 5355 1062 5415; x_wconf 86' lang='lat' dir='ltr'><strong>tunc</strong></span> <span class='ocrx_word' id='word_1_263' title='bbox 1096 5370 1224 5415; x_wconf 94' lang='lat' dir='ltr'><strong>non</strong></span> <span class='ocrx_word' id='word_1_264' title='bbox 1256 5347 1514 5434; x_wconf 81' lang='lat' dir='ltr'><strong>ligaret,</strong></span> <span class='ocrx_word' id='word_1_265' title='bbox 1549 5368 1629 5412; x_wconf 83' lang='lat' dir='ltr'><strong>ex</strong></span> <span class='ocrx_word' id='word_1_266' title='bbox 1660 5367 1837 5412; x_wconf 90' lang='lat' dir='ltr'><strong>emo·</strong></span> 
     </span>
     <span class='ocr_line' id='line_1_44' title="bbox 283 5462 1838 5543; baseline -0.006 -8"><span class='ocrx_word' id='word_1_267' title='bbox 283 5470 587 5535; x_wconf 91' lang='lat' dir='ltr'><strong>lumento</strong></span> <span class='ocrx_word' id='word_1_268' title='bbox 625 5480 842 5533; x_wconf 89' lang='lat' dir='ltr'><strong>tamen</strong></span> <span class='ocrx_word' id='word_1_269' title='bbox 929 5464 1354 5543; x_wconf 87' lang='lat' dir='ltr'><strong>Sacramenti,</strong></span> <span class='ocrx_word' id='word_1_270' title='bbox 1410 5475 1473 5529; x_wconf 90' lang='lat' dir='ltr'><strong>et</strong></span> <span class='ocrx_word' id='word_1_271' title='bbox 1527 5474 1596 5527; x_wconf 91' lang='lat' dir='ltr'><strong>ut</strong></span> <span class='ocrx_word' id='word_1_272' title='bbox 1655 5462 1838 5527; x_wconf 83' lang='lat' dir='ltr'><strong>fieret</strong></span> 
     </span>
    </p>
   </div>
   <div class='ocr_carea' id='block_1_3' title="bbox 284 5584 1837 5672">
    <p class='ocr_par' dir='ltr' id='par_1_3' title="bbox 284 5584 1837 5672">
     <span class='ocr_line' id='line_1_45' title="bbox 284 5584 1837 5672; baseline -0.007 -16"><span class='ocrx_word' id='word_1_273' title='bbox 284 5607 495 5672; x_wconf 81' lang='lat' dir='ltr'><strong>capax</strong></span> <span class='ocrx_word' id='word_1_274' title='bbox 535 5584 809 5652; x_wconf 91' lang='lat' dir='ltr'><strong>aliorum</strong></span> <span class='ocrx_word' id='word_1_275' title='bbox 855 5587 1446 5663; x_wconf 87' lang='lat' dir='ltr'><strong>Sacramentorum,</strong></span> <span class='ocrx_word' id='word_1_276' title='bbox 1493 5602 1621 5647; x_wconf 93' lang='lat' dir='ltr'><strong>non</strong></span> <span class='ocrx_word' id='word_1_277' title='bbox 1663 5591 1837 5647; x_wconf 88' lang='lat' dir='ltr'><strong>tene-</strong></span> 
     </span>
    </p>
   </div>
   <div class='ocr_carea' id='block_1_4' title="bbox 3331 409 3448 470">
    <p class='ocr_par' dir='ltr' id='par_1_4' title="bbox 3331 409 3448 470">
     <span class='ocr_line' id='line_1_46' title="bbox 3331 409 3448 470; baseline -0.009 0"><span class='ocrx_word' id='word_1_278' title='bbox 3331 409 3448 470; x_wconf 83' lang='lat'><strong>515</strong></span> 
     </span>
    </p>
   </div>
   <div class='ocr_carea' id='block_1_5' title="bbox 1896 569 3821 5422">
    <p class='ocr_par' dir='ltr' id='par_1_5' title="bbox 1896 569 3457 754">
     <span class='ocr_line' id='line_1_47' title="bbox 1896 569 3457 658; baseline -0.001 -22"><span class='ocrx_word' id='word_1_279' title='bbox 1896 582 2004 637; x_wconf 90' lang='lat' dir='ltr'><strong>tur</strong></span> <span class='ocrx_word' id='word_1_280' title='bbox 2081 590 2209 636; x_wconf 91' lang='lat' dir='ltr'><strong>non</strong></span> <span class='ocrx_word' id='word_1_281' title='bbox 2270 587 2490 658; x_wconf 71' lang='lat' dir='ltr'><strong>petere</strong></span> <span class='ocrx_word' id='word_1_282' title='bbox 2546 574 3054 638; x_wconf 88' lang='lat' dir='ltr'><strong>Sacramentum</strong></span> <span class='ocrx_word' id='word_1_283' title='bbox 3156 572 3235 637; x_wconf 90' lang='lat' dir='ltr'><strong>ab</strong></span> <span class='ocrx_word' id='word_1_284' title='bbox 3285 569 3457 636; x_wconf 89' lang='lat' dir='ltr'><strong>ordi-</strong></span> 
     </span>
     <span class='ocr_line' id='line_1_48' title="bbox 1908 688 2126 754; baseline 0 -1"><span class='ocrx_word' id='word_1_285' title='bbox 1908 688 2126 754; x_wconf 91' lang='lat' dir='ltr'><strong>nari0.</strong></span> 
     </span>
    </p>

    <p class='ocr_par' dir='ltr' id='par_1_6' title="bbox 1905 804 3784 2874">
     <span class='ocr_line' id='line_1_49' title="bbox 1991 804 3771 925; baseline 0 -54"><span class='ocrx_word' id='word_1_286' title='bbox 1991 804 2285 871; x_wconf 89' lang='lat' dir='ltr'><strong>Secunda</strong></span> <span class='ocrx_word' id='word_1_287' title='bbox 2325 805 2655 871; x_wconf 86' lang='lat' dir='ltr'><strong>conclusio</strong></span> <span class='ocrx_word' id='word_1_288' title='bbox 2707 817 2830 885; x_wconf 88' lang='lat' dir='ltr'><strong>est,</strong></span> <span class='ocrx_word' id='word_1_289' title='bbox 2885 804 3057 893; x_wconf 90' lang='lat' dir='ltr'><strong>quod</strong></span> <span class='ocrx_word' id='word_1_290' title='bbox 3099 806 3178 870; x_wconf 90' lang='lat' dir='ltr'><strong>ab</strong></span> <span class='ocrx_word' id='word_1_291' title='bbox 3220 825 3295 870; x_wconf 95' lang='lat' dir='ltr'><strong>eo</strong></span> <span class='ocrx_word' id='word_1_292' title='bbox 3348 806 3458 891; x_wconf 89' lang='lat' dir='ltr'><strong>qui</strong></span> <span class='ocrx_word' id='word_1_293' title='bbox 3538 813 3771 925; x_wconf 39' lang='lat' dir='ltr'><strong>segg-‘da</strong></span> 
     </span>
     <span class='ocr_line' id='line_1_50' title="bbox 1905 921 3784 1008; baseline 0.002 -22"><span class='ocrx_word' id='word_1_294' title='bbox 1905 941 1985 986; x_wconf 85' lang='lat' dir='ltr'><strong>ex</strong></span> <span class='ocrx_word' id='word_1_295' title='bbox 2015 922 2427 1008; x_wconf 81' lang='lat' dir='ltr'><strong>congruitate</strong></span> <span class='ocrx_word' id='word_1_296' title='bbox 2459 921 2648 989; x_wconf 89' lang='lat' dir='ltr'><strong>debet</strong></span> <span class='ocrx_word' id='word_1_297' title='bbox 2682 921 3051 988; x_wconf 71' lang='lat' dir='ltr'><strong>minist-rare</strong></span> <span class='ocrx_word' id='word_1_298' title='bbox 3083 925 3459 987; x_wconf 87' lang='lat' dir='ltr'><strong>Sacramen·</strong></span> <span class='ocrx_word' id='word_1_299' title='bbox 3503 936 3784 990; x_wconf 78' lang='lat' dir='ltr'><strong>conclusio.</strong></span> 
     </span>
     <span class='ocr_line' id='line_1_51' title="bbox 1907 1035 3460 1126; baseline 0.001 -26"><span class='ocrx_word' id='word_1_300' title='bbox 1907 1044 2071 1117; x_wconf 92' lang='lat' dir='ltr'><strong>tum,</strong></span> <span class='ocrx_word' id='word_1_301' title='bbox 2119 1046 2329 1123; x_wconf 87' lang='lat' dir='ltr'><strong>potest</strong></span> <span class='ocrx_word' id='word_1_302' title='bbox 2367 1053 2612 1126; x_wconf 30' lang='lat' dir='ltr'><strong>‚petere</strong></span> <span class='ocrx_word' id='word_1_303' title='bbox 2671 1040 3191 1114; x_wconf 84' lang='lat' dir='ltr'><strong>Sacramentum,</strong></span> <span class='ocrx_word' id='word_1_304' title='bbox 3238 1036 3291 1100; x_wconf 93' lang='lat' dir='ltr'><strong>si</strong></span> <span class='ocrx_word' id='word_1_305' title='bbox 3347 1035 3460 1101; x_wconf 89' lang='lat' dir='ltr'><strong>ali-</strong></span> 
     </span>
     <span class='ocr_line' id='line_1_52' title="bbox 1913 1152 3456 1230; baseline 0 -12"><span class='ocrx_word' id='word_1_306' title='bbox 1913 1172 1987 1219; x_wconf 88' lang='lat' dir='ltr'><strong>us</strong></span> <span class='ocrx_word' id='word_1_307' title='bbox 2029 1152 2257 1218; x_wconf 91' lang='lat' dir='ltr'><strong>melior</strong></span> <span class='ocrx_word' id='word_1_308' title='bbox 2300 1174 2428 1219; x_wconf 90' lang='lat' dir='ltr'><strong>non</strong></span> <span class='ocrx_word' id='word_1_309' title='bbox 2479 1166 2776 1220; x_wconf 89' lang='lat' dir='ltr'><strong>occurrat</strong></span> <span class='ocrx_word' id='word_1_310' title='bbox 2819 1154 3174 1230; x_wconf 88' lang='lat' dir='ltr'><strong>Sacerdos;</strong></span> <span class='ocrx_word' id='word_1_311' title='bbox 3224 1154 3338 1219; x_wconf 89' lang='lat' dir='ltr'><strong>sed</strong></span> <span class='ocrx_word' id='word_1_312' title='bbox 3401 1154 3456 1219; x_wconf 87' lang='lat' dir='ltr'><strong>si</strong></span> 
     </span>
     <span class='ocr_line' id='line_1_53' title="bbox 1909 1267 3450 1356; baseline -0.001 -21"><span class='ocrx_word' id='word_1_313' title='bbox 1909 1267 2076 1335; x_wconf 88' lang='lat' dir='ltr'><strong>alius</strong></span> <span class='ocrx_word' id='word_1_314' title='bbox 2136 1290 2325 1356; x_wconf 85' lang='lat' dir='ltr'><strong>aeque</strong></span> <span class='ocrx_word' id='word_1_315' title='bbox 2360 1269 2588 1350; x_wconf 87' lang='lat' dir='ltr'><strong>malus,</strong></span> <span class='ocrx_word' id='word_1_316' title='bbox 2647 1280 2861 1354; x_wconf 88' lang='lat' dir='ltr'><strong>potest</strong></span> <span class='ocrx_word' id='word_1_317' title='bbox 2913 1270 3201 1355; x_wconf 87' lang='lat' dir='ltr'><strong>recipere</strong></span> <span class='ocrx_word' id='word_1_318' title='bbox 3239 1292 3276 1336; x_wconf 87' lang='lat' dir='ltr'><strong>a</strong></span> <span class='ocrx_word' id='word_1_319' title='bbox 3308 1291 3450 1349; x_wconf 87' lang='lat' dir='ltr'><strong>su0,</strong></span> 
     </span>
     <span class='ocr_line' id='line_1_54' title="bbox 1913 1386 3431 1473; baseline 0 -21"><span class='ocrx_word' id='word_1_320' title='bbox 1913 1407 2033 1452; x_wconf 91' lang='lat' dir='ltr'><strong>nec</strong></span> <span class='ocrx_word' id='word_1_321' title='bbox 2099 1387 2309 1453; x_wconf 91' lang='lat' dir='ltr'><strong>bonus</strong></span> <span class='ocrx_word' id='word_1_322' title='bbox 2380 1386 2608 1454; x_wconf 85' lang='lat' dir='ltr'><strong>Laicus</strong></span> <span class='ocrx_word' id='word_1_323' title='bbox 2678 1386 2846 1452; x_wconf 90' lang='lat' dir='ltr'><strong>malo</strong></span> <span class='ocrx_word' id='word_1_324' title='bbox 2904 1386 3232 1453; x_wconf 86' lang='lat' dir='ltr'><strong>Sacerdoti</strong></span> <span class='ocrx_word' id='word_1_325' title='bbox 3297 1408 3431 1473; x_wconf 85' lang='lat' dir='ltr'><strong>prae</strong></span> 
     </span>
     <span class='ocr_line' id='line_1_55' title="bbox 1914 1504 3458 1592; baseline 0.001 -22"><span class='ocrx_word' id='word_1_326' title='bbox 1914 1505 2063 1571; x_wconf 78' lang='lat' dir='ltr'><strong>ferri</strong></span> <span class='ocrx_word' id='word_1_327' title='bbox 2106 1505 2319 1584; x_wconf 88' lang='lat' dir='ltr'><strong>debet,</strong></span> <span class='ocrx_word' id='word_1_328' title='bbox 2356 1505 2508 1592; x_wconf 88' lang='lat' dir='ltr'><strong>quia</strong></span> <span class='ocrx_word' id='word_1_329' title='bbox 2542 1505 2654 1591; x_wconf 88' lang='lat' dir='ltr'><strong>jus</strong></span> <span class='ocrx_word' id='word_1_330' title='bbox 2684 1504 3183 1570; x_wconf 87' lang='lat' dir='ltr'><strong>administrandi</strong></span> <span class='ocrx_word' id='word_1_331' title='bbox 3238 1507 3458 1571; x_wconf 88' lang='lat' dir='ltr'><strong>Sacra-</strong></span> 
     </span>
     <span class='ocr_line' id='line_1_56' title="bbox 1917 1621 3459 1708; baseline 0.001 -22"><span class='ocrx_word' id='word_1_332' title='bbox 1917 1633 2134 1686; x_wconf 85' lang='lat' dir='ltr'><strong>menta</strong></span> <span class='ocrx_word' id='word_1_333' title='bbox 2181 1622 2488 1707; x_wconf 88' lang='lat' dir='ltr'><strong>competit</strong></span> <span class='ocrx_word' id='word_1_334' title='bbox 2543 1621 3024 1689; x_wconf 80' lang='lat' dir='ltr'><strong>Sacerdotibus,</strong></span> <span class='ocrx_word' id='word_1_335' title='bbox 3093 1622 3459 1708; x_wconf 86' lang='lat' dir='ltr'><strong>Responsio</strong></span> 
     </span>
     <span class='ocr_line' id='line_1_57' title="bbox 1914 1735 3461 1825; baseline 0.002 -23"><span class='ocrx_word' id='word_1_336' title='bbox 1914 1735 1990 1802; x_wconf 88' lang='lat' dir='ltr'><strong>ad</strong></span> <span class='ocrx_word' id='word_1_337' title='bbox 2030 1736 2313 1823; x_wconf 92' lang='lat' dir='ltr'><strong>primum</strong></span> <span class='ocrx_word' id='word_1_338' title='bbox 2359 1751 2554 1823; x_wconf 88' lang='lat' dir='ltr'><strong>patet.</strong></span> <span class='ocrx_word' id='word_1_339' title='bbox 2605 1739 2967 1825; x_wconf 87' lang='lat' dir='ltr'><strong>Responsio</strong></span> <span class='ocrx_word' id='word_1_340' title='bbox 3020 1739 3212 1805; x_wconf 89' lang='lat' dir='ltr'><strong>etiam</strong></span> <span class='ocrx_word' id='word_1_341' title='bbox 3251 1739 3328 1805; x_wconf 90' lang='lat' dir='ltr'><strong>ad</strong></span> <span class='ocrx_word' id='word_1_342' title='bbox 3363 1760 3461 1805; x_wconf 90' lang='lat' dir='ltr'><strong>se·</strong></span> 
     </span>
     <span class='ocr_line' id='line_1_58' title="bbox 1914 1852 3462 1943; baseline 0.001 -23"><span class='ocrx_word' id='word_1_343' title='bbox 1914 1852 2200 1921; x_wconf 89' lang='lat' dir='ltr'><strong>cundum</strong></span> <span class='ocrx_word' id='word_1_344' title='bbox 2252 1855 2497 1942; x_wconf 86' lang='lat' dir='ltr'><strong>optime</strong></span> <span class='ocrx_word' id='word_1_345' title='bbox 2537 1855 2733 1922; x_wconf 89' lang='lat' dir='ltr'><strong>solvit</strong></span> <span class='ocrx_word' id='word_1_346' title='bbox 2788 1856 3274 1937; x_wconf 78' lang='lat' dir='ltr'><strong>difficultatem,</strong></span> <span class='ocrx_word' id='word_1_347' title='bbox 3312 1856 3462 1943; x_wconf 87' lang='lat' dir='ltr'><strong>quia</strong></span> 
     </span>
     <span class='ocr_line' id='line_1_59' title="bbox 1916 1969 3459 2056; baseline 0.001 -23"><span class='ocrx_word' id='word_1_348' title='bbox 1916 1990 2042 2035; x_wconf 92' lang='lat' dir='ltr'><strong>non</strong></span> <span class='ocrx_word' id='word_1_349' title='bbox 2101 1969 2315 2036; x_wconf 91' lang='lat' dir='ltr'><strong>solum</strong></span> <span class='ocrx_word' id='word_1_350' title='bbox 2359 1983 2584 2056; x_wconf 88' lang='lat' dir='ltr'><strong>petens</strong></span> <span class='ocrx_word' id='word_1_351' title='bbox 2643 1972 3140 2036; x_wconf 86' lang='lat' dir='ltr'><strong>Sacramentum</strong></span> <span class='ocrx_word' id='word_1_352' title='bbox 3199 1991 3235 2035; x_wconf 91' lang='lat' dir='ltr'><strong>a</strong></span> <span class='ocrx_word' id='word_1_353' title='bbox 3297 1970 3459 2036; x_wconf 84' lang='lat' dir='ltr'><strong>tole-</strong></span> 
     </span>
     <span class='ocr_line' id='line_1_60' title="bbox 1918 2084 3465 2167; baseline -0.001 -17"><span class='ocrx_word' id='word_1_354' title='bbox 1918 2096 2080 2167; x_wconf 89' lang='lat' dir='ltr'><strong>rat0,</strong></span> <span class='ocrx_word' id='word_1_355' title='bbox 2144 2084 2245 2150; x_wconf 90' lang='lat' dir='ltr'><strong>vel</strong></span> <span class='ocrx_word' id='word_1_356' title='bbox 2305 2106 2434 2150; x_wconf 92' lang='lat' dir='ltr'><strong>non</strong></span> <span class='ocrx_word' id='word_1_357' title='bbox 2490 2086 2761 2152; x_wconf 88' lang='lat' dir='ltr'><strong>tolerato</strong></span> <span class='ocrx_word' id='word_1_358' title='bbox 2831 2086 3022 2151; x_wconf 89' lang='lat' dir='ltr'><strong>modo</strong></span> <span class='ocrx_word' id='word_1_359' title='bbox 3082 2085 3281 2166; x_wconf 81' lang='lat' dir='ltr'><strong>dicto,</strong></span> <span class='ocrx_word' id='word_1_360' title='bbox 3339 2105 3465 2150; x_wconf 89' lang='lat' dir='ltr'><strong>non</strong></span> 
     </span>
     <span class='ocr_line' id='line_1_61' title="bbox 1920 2200 3473 2290; baseline 0 -23"><span class='ocrx_word' id='word_1_361' title='bbox 1920 2212 2307 2288; x_wconf 90' lang='lat' dir='ltr'><strong>cooperatur</strong></span> <span class='ocrx_word' id='word_1_362' title='bbox 2350 2200 2517 2267; x_wconf 91' lang='lat' dir='ltr'><strong>malo</strong></span> <span class='ocrx_word' id='word_1_363' title='bbox 2574 2205 2743 2290; x_wconf 90' lang='lat' dir='ltr'><strong>ejus,</strong></span> <span class='ocrx_word' id='word_1_364' title='bbox 2793 2202 2907 2269; x_wconf 90' lang='lat' dir='ltr'><strong>sed</strong></span> <span class='ocrx_word' id='word_1_365' title='bbox 2944 2203 3158 2289; x_wconf 80' lang='lat' dir='ltr'><strong>potius</strong></span> <span class='ocrx_word' id='word_1_366' title='bbox 3196 2204 3473 2289; x_wconf 87' lang='lat' dir='ltr'><strong>imponit</strong></span> 
     </span>
     <span class='ocr_line' id='line_1_62' title="bbox 1925 2317 3471 2405; baseline 0.003 -22"><span class='ocrx_word' id='word_1_367' title='bbox 1925 2319 2405 2397; x_wconf 85' lang='lat' dir='ltr'><strong>necessitatem,</strong></span> <span class='ocrx_word' id='word_1_368' title='bbox 2455 2328 2523 2384; x_wconf 91' lang='lat' dir='ltr'><strong>ut</strong></span> <span class='ocrx_word' id='word_1_369' title='bbox 2586 2317 2694 2385; x_wconf 84' lang='lat' dir='ltr'><strong>fiat</strong></span> <span class='ocrx_word' id='word_1_370' title='bbox 2731 2318 2966 2398; x_wconf 89' lang='lat' dir='ltr'><strong>bonus,</strong></span> <span class='ocrx_word' id='word_1_371' title='bbox 3016 2331 3242 2405; x_wconf 90' lang='lat' dir='ltr'><strong>petens</strong></span> <span class='ocrx_word' id='word_1_372' title='bbox 3286 2320 3364 2387; x_wconf 89' lang='lat' dir='ltr'><strong>ab</strong></span> <span class='ocrx_word' id='word_1_373' title='bbox 3399 2342 3471 2387; x_wconf 89' lang='lat' dir='ltr'><strong>eo</strong></span> 
     </span>
     <span class='ocr_line' id='line_1_63' title="bbox 1922 2433 3473 2522; baseline 0.003 -23"><span class='ocrx_word' id='word_1_374' title='bbox 1922 2445 2135 2500; x_wconf 87' lang='lat' dir='ltr'><strong>actum</strong></span> <span class='ocrx_word' id='word_1_375' title='bbox 2191 2433 2503 2515; x_wconf 90' lang='lat' dir='ltr'><strong>debitum,</strong></span> <span class='ocrx_word' id='word_1_376' title='bbox 2551 2455 2745 2521; x_wconf 88' lang='lat' dir='ltr'><strong>quem</strong></span> <span class='ocrx_word' id='word_1_377' title='bbox 2806 2448 3041 2522; x_wconf 87' lang='lat' dir='ltr'><strong>potest,</strong></span> <span class='ocrx_word' id='word_1_378' title='bbox 3096 2449 3160 2504; x_wconf 92' lang='lat' dir='ltr'><strong>et</strong></span> <span class='ocrx_word' id='word_1_379' title='bbox 3212 2448 3473 2504; x_wconf 89' lang='lat' dir='ltr'><strong>tenetur</strong></span> 
     </span>
     <span class='ocr_line' id='line_1_64' title="bbox 1923 2549 3472 2642; baseline 0.004 -27"><span class='ocrx_word' id='word_1_380' title='bbox 1923 2549 2139 2616; x_wconf 89' lang='lat' dir='ltr'><strong>debite</strong></span> <span class='ocrx_word' id='word_1_381' title='bbox 2184 2550 2246 2615; x_wconf 91' lang='lat' dir='ltr'><strong>in</strong></span> <span class='ocrx_word' id='word_1_382' title='bbox 2288 2553 2500 2636; x_wconf 86' lang='lat' dir='ltr'><strong>gratia</strong></span> <span class='ocrx_word' id='word_1_383' title='bbox 2544 2565 2768 2619; x_wconf 89' lang='lat' dir='ltr'><strong>sancte</strong></span> <span class='ocrx_word' id='word_1_384' title='bbox 2826 2555 3221 2634; x_wconf 78' lang='lat' dir='ltr'><strong>ministrare,</strong></span> <span class='ocrx_word' id='word_1_385' title='bbox 3262 2576 3472 2642; x_wconf 90' lang='lat' dir='ltr'><strong>neque</strong></span> 
     </span>
     <span class='ocr_line' id='line_1_65' title="bbox 1926 2668 3472 2758; baseline -0.001 -22"><span class='ocrx_word' id='word_1_386' title='bbox 1926 2672 2086 2758; x_wconf 92' lang='lat' dir='ltr'><strong>petit</strong></span> <span class='ocrx_word' id='word_1_387' title='bbox 2125 2671 2206 2736; x_wconf 92' lang='lat' dir='ltr'><strong>ab</strong></span> <span class='ocrx_word' id='word_1_388' title='bbox 2238 2692 2316 2736; x_wconf 91' lang='lat' dir='ltr'><strong>eo</strong></span> <span class='ocrx_word' id='word_1_389' title='bbox 2371 2680 2615 2752; x_wconf 89' lang='lat' dir='ltr'><strong>actum,</strong></span> <span class='ocrx_word' id='word_1_390' title='bbox 2655 2690 2781 2755; x_wconf 88' lang='lat' dir='ltr'><strong>qua</strong></span> <span class='ocrx_word' id='word_1_391' title='bbox 2824 2680 3158 2756; x_wconf 89' lang='lat' dir='ltr'><strong>peccatum</strong></span> <span class='ocrx_word' id='word_1_392' title='bbox 3200 2681 3319 2748; x_wconf 87' lang='lat' dir='ltr'><strong>est,</strong></span> <span class='ocrx_word' id='word_1_393' title='bbox 3358 2668 3472 2735; x_wconf 89' lang='lat' dir='ltr'><strong>sed</strong></span> 
     </span>
     <span class='ocr_line' id='line_1_66' title="bbox 1923 2797 2419 2874; baseline 0.002 -22"><span class='ocrx_word' id='word_1_394' title='bbox 1923 2807 2047 2874; x_wconf 91' lang='lat' dir='ltr'><strong>qua</strong></span> <span class='ocrx_word' id='word_1_395' title='bbox 2097 2797 2419 2853; x_wconf 90' lang='lat' dir='ltr'><strong>sanctum.</strong></span> 
     </span>
    </p>

    <p class='ocr_par' dir='ltr' id='par_1_7' title="bbox 1922 2900 3821 5422">
     <span class='ocr_line' id='line_1_67' title="bbox 2024 2900 3819 2988; baseline -0.002 -21"><span class='ocrx_word' id='word_1_396' title='bbox 2024 2905 2118 2967; x_wconf 79' lang='lat' dir='ltr'><strong>Ex</strong></span> <span class='ocrx_word' id='word_1_397' title='bbox 2217 2923 2345 2988; x_wconf 90' lang='lat' dir='ltr'><strong>qua</strong></span> <span class='ocrx_word' id='word_1_398' title='bbox 2447 2900 2673 2987; x_wconf 84' lang='lat' dir='ltr'><strong>regula</strong></span> <span class='ocrx_word' id='word_1_399' title='bbox 2723 2901 2943 2987; x_wconf 87' lang='lat' dir='ltr'><strong>plures</strong></span> <span class='ocrx_word' id='word_1_400' title='bbox 3011 2901 3077 2966; x_wconf 91' lang='lat' dir='ltr'><strong>in</strong></span> <span class='ocrx_word' id='word_1_401' title='bbox 3113 2902 3469 2969; x_wconf 86' lang='lat' dir='ltr'><strong>moralibus</strong></span> <span class='ocrx_word' id='word_1_402' title='bbox 3495 2914 3819 2968; x_wconf 77' lang='lat' dir='ltr'><strong>Excusantur</strong></span> 
     </span>
     <span class='ocr_line' id='line_1_68' title="bbox 1925 2987 3821 3103; baseline 0.002 -23"><span class='ocrx_word' id='word_1_403' title='bbox 1925 3015 2355 3082; x_wconf 88' lang='lat' dir='ltr'><strong>resolutiones</strong></span> <span class='ocrx_word' id='word_1_404' title='bbox 2396 3015 2619 3082; x_wconf 86' lang='lat' dir='ltr'><strong>haberi</strong></span> <span class='ocrx_word' id='word_1_405' title='bbox 2662 3028 2961 3102; x_wconf 87' lang='lat' dir='ltr'><strong>possunt,</strong></span> <span class='ocrx_word' id='word_1_406' title='bbox 3017 3029 3087 3082; x_wconf 87' lang='lat' dir='ltr'><strong>ut</strong></span> <span class='ocrx_word' id='word_1_407' title='bbox 3144 3016 3469 3103; x_wconf 90' lang='lat' dir='ltr'><strong>quomodo</strong></span> <span class='ocrx_word' id='word_1_408' title='bbox 3492 2987 3821 3093; x_wconf 57' lang='lat' dir='ltr'><strong>⁰⁰⁰pss¹&lt;i⁸¹¹t⁸⁵</strong></span> 
     </span>
     <span class='ocr_line' id='line_1_69' title="bbox 1924 3108 3820 3223; baseline 0.002 -24"><span class='ocrx_word' id='word_1_409' title='bbox 1924 3144 2150 3219; x_wconf 87' lang='lat' dir='ltr'><strong>petens</strong></span> <span class='ocrx_word' id='word_1_410' title='bbox 2229 3131 2307 3199; x_wconf 88' lang='lat' dir='ltr'><strong>ab</strong></span> <span class='ocrx_word' id='word_1_411' title='bbox 2380 3132 2676 3199; x_wconf 90' lang='lat' dir='ltr'><strong>usurario</strong></span> <span class='ocrx_word' id='word_1_412' title='bbox 2738 3143 3064 3212; x_wconf 85' lang='lat' dir='ltr'><strong>mutuum,</strong></span> <span class='ocrx_word' id='word_1_413' title='bbox 3117 3147 3469 3202; x_wconf 86' lang='lat' dir='ltr'><strong>excusetur</strong></span> <span class='ocrx_word' id='word_1_414' title='bbox 3493 3108 3820 3223; x_wconf 26' lang='lat' dir='ltr'><strong>&amp;fga-suffr</strong></span> 
     </span>
     <span class='ocr_line' id='line_1_70' title="bbox 1922 3246 3475 3335; baseline 0.005 -24"><span class='ocrx_word' id='word_1_415' title='bbox 1922 3247 2002 3312; x_wconf 85' lang='lat' dir='ltr'><strong>ab</strong></span> <span class='ocrx_word' id='word_1_416' title='bbox 2063 3268 2303 3327; x_wconf 90' lang='lat' dir='ltr'><strong>usura;</strong></span> <span class='ocrx_word' id='word_1_417' title='bbox 2341 3246 2668 3335; x_wconf 90' lang='lat' dir='ltr'><strong>quomodo</strong></span> <span class='ocrx_word' id='word_1_418' title='bbox 2718 3249 3012 3314; x_wconf 89' lang='lat' dir='ltr'><strong>vendens</strong></span> <span class='ocrx_word' id='word_1_419' title='bbox 3053 3269 3297 3335; x_wconf 84' lang='lat' dir='ltr'><strong>agnum</strong></span> <span class='ocrx_word' id='word_1_420' title='bbox 3365 3256 3475 3319; x_wconf 90' lang='lat' dir='ltr'><strong>Ju-</strong></span> 
     </span>
     <span class='ocr_line' id='line_1_71' title="bbox 1922 3362 3555 3454; baseline 0.005 -28"><span class='ocrx_word' id='word_1_421' title='bbox 1922 3362 2103 3443; x_wconf 83' lang='lat' dir='ltr'><strong>daeis,</strong></span> <span class='ocrx_word' id='word_1_422' title='bbox 2145 3383 2273 3451; x_wconf 93' lang='lat' dir='ltr'><strong>quo</strong></span> <span class='ocrx_word' id='word_1_423' title='bbox 2307 3364 2429 3449; x_wconf 89' lang='lat' dir='ltr'><strong>ipsi</strong></span> <span class='ocrx_word' id='word_1_424' title='bbox 2474 3375 2735 3430; x_wconf 90' lang='lat' dir='ltr'><strong>utentur</strong></span> <span class='ocrx_word' id='word_1_425' title='bbox 2777 3365 2838 3430; x_wconf 91' lang='lat' dir='ltr'><strong>in</strong></span> <span class='ocrx_word' id='word_1_426' title='bbox 2909 3364 3106 3431; x_wconf 79' lang='lat' dir='ltr'><strong>[inem</strong></span> <span class='ocrx_word' id='word_1_427' title='bbox 3161 3367 3478 3454; x_wconf 89' lang='lat' dir='ltr'><strong>supersti-</strong></span> <span class='ocrx_word' id='word_1_428' title='bbox 3544 3386 3555 3398; x_wconf 90' lang='lat'><strong>·</strong></span> 
     </span>
     <span class='ocr_line' id='line_1_72' title="bbox 1924 3480 3469 3568; baseline 0.003 -23"><span class='ocrx_word' id='word_1_429' title='bbox 1924 3481 2187 3560; x_wconf 90' lang='lat' dir='ltr'><strong>tiosum,</strong></span> <span class='ocrx_word' id='word_1_430' title='bbox 2226 3499 2353 3545; x_wconf 88' lang='lat' dir='ltr'><strong>non</strong></span> <span class='ocrx_word' id='word_1_431' title='bbox 2386 3492 2731 3547; x_wconf 89' lang='lat' dir='ltr'><strong>concurrat</strong></span> <span class='ocrx_word' id='word_1_432' title='bbox 2771 3480 2848 3547; x_wconf 92' lang='lat' dir='ltr'><strong>ad</strong></span> <span class='ocrx_word' id='word_1_433' title='bbox 2884 3483 3423 3568; x_wconf 88' lang='lat' dir='ltr'><strong>superstitionem</strong></span> <span class='ocrx_word' id='word_1_434' title='bbox 3454 3508 3469 3563; x_wconf 88' lang='grc'>;</span> 
     </span>
     <span class='ocr_line' id='line_1_73' title="bbox 1922 3594 3485 3683; baseline 0.003 -23"><span class='ocrx_word' id='word_1_435' title='bbox 1922 3594 2166 3660; x_wconf 79' lang='lat' dir='ltr'><strong>faciens</strong></span> <span class='ocrx_word' id='word_1_436' title='bbox 2241 3605 2352 3660; x_wconf 88' lang='lat' dir='ltr'><strong>aut</strong></span> <span class='ocrx_word' id='word_1_437' title='bbox 2440 3594 2734 3662; x_wconf 91' lang='lat' dir='ltr'><strong>vendens</strong></span> <span class='ocrx_word' id='word_1_438' title='bbox 2798 3597 3115 3683; x_wconf 79' lang='lat' dir='ltr'><strong>gladium,</strong></span> <span class='ocrx_word' id='word_1_439' title='bbox 3200 3619 3328 3664; x_wconf 92' lang='lat' dir='ltr'><strong>non</strong></span> <span class='ocrx_word' id='word_1_440' title='bbox 3402 3601 3485 3665; x_wconf 84' lang='lat' dir='ltr'><strong>sit</strong></span> 
     </span>
     <span class='ocr_line' id='line_1_74' title="bbox 1924 3709 3482 3798; baseline 0.004 -24"><span class='ocrx_word' id='word_1_441' title='bbox 1924 3709 2294 3788; x_wconf 88' lang='lat' dir='ltr'><strong>homicida;</strong></span> <span class='ocrx_word' id='word_1_442' title='bbox 2341 3709 2562 3777; x_wconf 88' lang='lat' dir='ltr'><strong>locans</strong></span> <span class='ocrx_word' id='word_1_443' title='bbox 2620 3711 2884 3778; x_wconf 90' lang='lat' dir='ltr'><strong>domum</strong></span> <span class='ocrx_word' id='word_1_444' title='bbox 2928 3713 3300 3798; x_wconf 86' lang='lat' dir='ltr'><strong>impudicis,</strong></span> <span class='ocrx_word' id='word_1_445' title='bbox 3353 3734 3482 3780; x_wconf 93' lang='lat' dir='ltr'><strong>non</strong></span> 
     </span>
     <span class='ocr_line' id='line_1_75' title="bbox 1924 3825 3482 3912; baseline 0.003 -21"><span class='ocrx_word' id='word_1_446' title='bbox 1924 3825 2010 3891; x_wconf 92' lang='lat' dir='ltr'><strong>sit</strong></span> <span class='ocrx_word' id='word_1_447' title='bbox 2064 3825 2479 3912; x_wconf 88' lang='lat' dir='ltr'><strong>impudicus;</strong></span> <span class='ocrx_word' id='word_1_448' title='bbox 2525 3837 2588 3893; x_wconf 90' lang='lat' dir='ltr'><strong>et</strong></span> <span class='ocrx_word' id='word_1_449' title='bbox 2637 3827 3101 3893; x_wconf 80' lang='lat' dir='ltr'><strong>universaliter</strong></span> <span class='ocrx_word' id='word_1_450' title='bbox 3170 3849 3482 3894; x_wconf 85' lang='lat' dir='ltr'><strong>exercens</strong></span> 
     </span>
     <span class='ocr_line' id='line_1_76' title="bbox 1927 3940 3488 4030; baseline 0.002 -23"><span class='ocrx_word' id='word_1_451' title='bbox 1927 3940 2189 4027; x_wconf 88' lang='lat' dir='ltr'><strong>aliquod</strong></span> <span class='ocrx_word' id='word_1_452' title='bbox 2245 3961 2410 4026; x_wconf 89' lang='lat' dir='ltr'><strong>opus</strong></span> <span class='ocrx_word' id='word_1_453' title='bbox 2463 3940 2733 4020; x_wconf 90' lang='lat' dir='ltr'><strong>bonum,</strong></span> <span class='ocrx_word' id='word_1_454' title='bbox 2779 3953 2889 4007; x_wconf 86' lang='lat' dir='ltr'><strong>aut</strong></span> <span class='ocrx_word' id='word_1_455' title='bbox 2931 3941 3313 4009; x_wconf 80' lang='lat' dir='ltr'><strong>indifferens</strong></span> <span class='ocrx_word' id='word_1_456' title='bbox 3373 3965 3488 4030; x_wconf 91' lang='lat' dir='ltr'><strong>per</strong></span> 
     </span>
     <span class='ocr_line' id='line_1_77' title="bbox 1928 4056 3479 4143; baseline 0.005 -23"><span class='ocrx_word' id='word_1_457' title='bbox 1928 4077 1996 4123; x_wconf 92' lang='lat' dir='ltr'><strong>se</strong></span> <span class='ocrx_word' id='word_1_458' title='bbox 2044 4076 2175 4122; x_wconf 91' lang='lat' dir='ltr'><strong>non</strong></span> <span class='ocrx_word' id='word_1_459' title='bbox 2211 4056 2583 4123; x_wconf 89' lang='lat' dir='ltr'><strong>ordinatum</strong></span> <span class='ocrx_word' id='word_1_460' title='bbox 2650 4058 2728 4124; x_wconf 88' lang='lat' dir='ltr'><strong>ad</strong></span> <span class='ocrx_word' id='word_1_461' title='bbox 2787 4070 3149 4143; x_wconf 88' lang='lat' dir='ltr'><strong>peccatum,</strong></span> <span class='ocrx_word' id='word_1_462' title='bbox 3226 4059 3339 4126; x_wconf 90' lang='lat' dir='ltr'><strong>sed</strong></span> <span class='ocrx_word' id='word_1_463' title='bbox 3401 4082 3479 4127; x_wconf 83' lang='lat' dir='ltr'><strong>ex</strong></span> 
     </span>
     <span class='ocr_line' id='line_1_78' title="bbox 1930 4172 3482 4259; baseline 0.003 -21"><span class='ocrx_word' id='word_1_464' title='bbox 1930 4193 2127 4259; x_wconf 89' lang='lat' dir='ltr'><strong>prava</strong></span> <span class='ocrx_word' id='word_1_465' title='bbox 2169 4172 2439 4241; x_wconf 88' lang='lat' dir='ltr'><strong>alterius</strong></span> <span class='ocrx_word' id='word_1_466' title='bbox 2501 4174 2858 4240; x_wconf 89' lang='lat' dir='ltr'><strong>intentione</strong></span> <span class='ocrx_word' id='word_1_467' title='bbox 2893 4187 2953 4241; x_wconf 86' lang='lat' dir='ltr'><strong>ct</strong></span> <span class='ocrx_word' id='word_1_468' title='bbox 3007 4196 3156 4255; x_wconf 89' lang='lat' dir='ltr'><strong>usu,</strong></span> <span class='ocrx_word' id='word_1_469' title='bbox 3216 4196 3482 4243; x_wconf 86' lang='lat' dir='ltr'><strong>excusa-</strong></span> 
     </span>
     <span class='ocr_line' id='line_1_79' title="bbox 1927 4289 3485 4378; baseline 0.004 -26"><span class='ocrx_word' id='word_1_470' title='bbox 1927 4300 2058 4368; x_wconf 85' lang='lat' dir='ltr'><strong>tur,</strong></span> <span class='ocrx_word' id='word_1_471' title='bbox 2102 4289 2254 4374; x_wconf 88' lang='lat' dir='ltr'><strong>quia</strong></span> <span class='ocrx_word' id='word_1_472' title='bbox 2312 4300 2649 4375; x_wconf 82' lang='lat' dir='ltr'><strong>peccatum</strong></span> <span class='ocrx_word' id='word_1_473' title='bbox 2686 4311 2897 4378; x_wconf 90' lang='lat' dir='ltr'><strong>neque</strong></span> <span class='ocrx_word' id='word_1_474' title='bbox 2928 4313 3007 4359; x_wconf 88' lang='lat' dir='ltr'><strong>ex</strong></span> <span class='ocrx_word' id='word_1_475' title='bbox 3045 4304 3271 4359; x_wconf 85' lang='lat' dir='ltr'><strong>natura</strong></span> <span class='ocrx_word' id='word_1_476' title='bbox 3330 4314 3485 4378; x_wconf 90' lang='lat' dir='ltr'><strong>ope-</strong></span> 
     </span>
     <span class='ocr_line' id='line_1_80' title="bbox 1934 4406 3488 4492; baseline 0.003 -22"><span class='ocrx_word' id='word_1_477' title='bbox 1934 4406 2043 4484; x_wconf 91' lang='lat' dir='ltr'><strong>ris,</strong></span> <span class='ocrx_word' id='word_1_478' title='bbox 2125 4426 2336 4492; x_wconf 90' lang='lat' dir='ltr'><strong>neque</strong></span> <span class='ocrx_word' id='word_1_479' title='bbox 2393 4428 2472 4472; x_wconf 83' lang='lat' dir='ltr'><strong>ex</strong></span> <span class='ocrx_word' id='word_1_480' title='bbox 2546 4406 2907 4474; x_wconf 89' lang='lat' dir='ltr'><strong>intentione</strong></span> <span class='ocrx_word' id='word_1_481' title='bbox 2963 4408 3061 4474; x_wconf 90' lang='lat' dir='ltr'><strong>sic</strong></span> <span class='ocrx_word' id='word_1_482' title='bbox 3116 4410 3488 4475; x_wconf 84' lang='lat' dir='ltr'><strong>exercentis</strong></span> 
     </span>
     <span class='ocr_line' id='line_1_81' title="bbox 1934 4522 3486 4611; baseline 0.003 -24"><span class='ocrx_word' id='word_1_483' title='bbox 1934 4523 2257 4609; x_wconf 89' lang='lat' dir='ltr'><strong>sequitur,</strong></span> <span class='ocrx_word' id='word_1_484' title='bbox 2302 4522 2414 4589; x_wconf 88' lang='lat' dir='ltr'><strong>sed</strong></span> <span class='ocrx_word' id='word_1_485' title='bbox 2460 4544 2530 4593; x_wconf 79' lang='lat' dir='ltr'><strong>ex</strong></span> <span class='ocrx_word' id='word_1_486' title='bbox 2571 4543 2768 4610; x_wconf 87' lang='lat' dir='ltr'><strong>pravo</strong></span> <span class='ocrx_word' id='word_1_487' title='bbox 2817 4526 2961 4611; x_wconf 88' lang='lat' dir='ltr'><strong>ejus</strong></span> <span class='ocrx_word' id='word_1_488' title='bbox 3010 4546 3131 4590; x_wconf 91' lang='lat' dir='ltr'><strong>usu</strong></span> <span class='ocrx_word' id='word_1_489' title='bbox 3185 4546 3298 4610; x_wconf 93' lang='lat' dir='ltr'><strong>per</strong></span> <span class='ocrx_word' id='word_1_490' title='bbox 3329 4525 3486 4591; x_wconf 88' lang='lat' dir='ltr'><strong>alte-</strong></span> 
     </span>
     <span class='ocr_line' id='line_1_82' title="bbox 1937 4639 3487 4728; baseline 0.002 -24"><span class='ocrx_word' id='word_1_491' title='bbox 1937 4658 2107 4719; x_wconf 88' lang='lat' dir='ltr'><strong>rum,</strong></span> <span class='ocrx_word' id='word_1_492' title='bbox 2174 4659 2366 4725; x_wconf 91' lang='lat' dir='ltr'><strong>quem</strong></span> <span class='ocrx_word' id='word_1_493' title='bbox 2411 4639 2550 4726; x_wconf 90' lang='lat' dir='ltr'><strong>ipse</strong></span> <span class='ocrx_word' id='word_1_494' title='bbox 2591 4659 2719 4705; x_wconf 94' lang='lat' dir='ltr'><strong>non</strong></span> <span class='ocrx_word' id='word_1_495' title='bbox 2755 4652 3011 4706; x_wconf 91' lang='lat' dir='ltr'><strong>tenetur</strong></span> <span class='ocrx_word' id='word_1_496' title='bbox 3062 4662 3189 4706; x_wconf 92' lang='lat' dir='ltr'><strong>non</strong></span> <span class='ocrx_word' id='word_1_497' title='bbox 3224 4641 3487 4728; x_wconf 86' lang='lat' dir='ltr'><strong>permit-</strong></span> 
     </span>
     <span class='ocr_line' id='line_1_83' title="bbox 1936 4736 3489 4842; baseline 0.001 -23"><span class='ocrx_word' id='word_1_498' title='bbox 1936 4766 2075 4819; x_wconf 87' lang='lat' dir='ltr'><strong>tere</strong></span> <span class='ocrx_word' id='word_1_499' title='bbox 2131 4774 2277 4819; x_wconf 87' lang='lat' dir='ltr'><strong>cum</strong></span> <span class='ocrx_word' id='word_1_500' title='bbox 2356 4755 2594 4821; x_wconf 89' lang='lat' dir='ltr'><strong>damno</strong></span> <span class='ocrx_word' id='word_1_501' title='bbox 2692 4755 2982 4842; x_wconf 90' lang='lat' dir='ltr'><strong>proprio.</strong></span> <span class='ocrx_word' id='word_1_502' title='bbox 3052 4736 3189 4822; x_wconf 71' lang='lat' dir='ltr'><strong>⁸Sic</strong></span> <span class='ocrx_word' id='word_1_503' title='bbox 3294 4756 3489 4824; x_wconf 86' lang='lat' dir='ltr'><strong>etiam</strong></span> 
     </span>
     <span class='ocr_line' id='line_1_84' title="bbox 1941 4852 3493 4961; baseline 0.003 -27"><span class='ocrx_word' id='word_1_504' title='bbox 1941 4869 2160 4955; x_wconf 86' lang='lat' dir='ltr'><strong>plures</strong></span> <span class='ocrx_word' id='word_1_505' title='bbox 2226 4852 2544 4937; x_wconf 83' lang='lat' dir='ltr'><strong>excusant</strong></span> <span class='ocrx_word' id='word_1_506' title='bbox 2625 4872 3034 4939; x_wconf 88' lang='lat' dir='ltr'><strong>Christianos</strong></span> <span class='ocrx_word' id='word_1_507' title='bbox 3094 4873 3493 4961; x_wconf 84' lang='lat' dir='ltr'><strong>remigantes</strong></span> 
     </span>
     <span class='ocr_line' id='line_1_85' title="bbox 1941 4987 3498 5074; baseline 0.002 -21"><span class='ocrx_word' id='word_1_508' title='bbox 1941 4987 2108 5053; x_wconf 88' lang='lat' dir='ltr'><strong>inter</strong></span> <span class='ocrx_word' id='word_1_509' title='bbox 2156 4990 2397 5052; x_wconf 83' lang='lat' dir='ltr'><strong>Turcas</strong></span> <span class='ocrx_word' id='word_1_510' title='bbox 2437 4999 2891 5074; x_wconf 82' lang='lat' dir='ltr'><strong>oppugnantes</strong></span> <span class='ocrx_word' id='word_1_511' title='bbox 2952 4988 3113 5056; x_wconf 90' lang='lat' dir='ltr'><strong>alios</strong></span> <span class='ocrx_word' id='word_1_512' title='bbox 3184 4990 3498 5056; x_wconf 86' lang='lat' dir='ltr'><strong>Christia-</strong></span> 
     </span>
     <span class='ocr_line' id='line_1_86' title="bbox 1945 5101 3500 5193; baseline 0.003 -26"><span class='ocrx_word' id='word_1_513' title='bbox 1945 5122 2089 5182; x_wconf 90' lang='lat' dir='ltr'><strong>nos,</strong></span> <span class='ocrx_word' id='word_1_514' title='bbox 2147 5101 2337 5167; x_wconf 88' lang='lat' dir='ltr'><strong>modo</strong></span> <span class='ocrx_word' id='word_1_515' title='bbox 2395 5102 2586 5169; x_wconf 88' lang='lat' dir='ltr'><strong>aliter</strong></span> <span class='ocrx_word' id='word_1_516' title='bbox 2660 5124 2787 5170; x_wconf 95' lang='lat' dir='ltr'><strong>non</strong></span> <span class='ocrx_word' id='word_1_517' title='bbox 2847 5117 3238 5171; x_wconf 88' lang='lat' dir='ltr'><strong>concurrant</strong></span> <span class='ocrx_word' id='word_1_518' title='bbox 3304 5126 3500 5193; x_wconf 91' lang='lat' dir='ltr'><strong>quam</strong></span> 
     </span>
     <span class='ocr_line' id='line_1_87' title="bbox 1947 5217 3503 5307; baseline 0.003 -24"><span class='ocrx_word' id='word_1_519' title='bbox 1947 5217 2355 5306; x_wconf 79' lang='lat' dir='ltr'><strong>remigando,</strong></span> <span class='ocrx_word' id='word_1_520' title='bbox 2411 5223 2551 5285; x_wconf 92' lang='lat' dir='ltr'><strong>Non</strong></span> <span class='ocrx_word' id='word_1_521' title='bbox 2598 5231 2772 5286; x_wconf 88' lang='lat' dir='ltr'><strong>recte</strong></span> <span class='ocrx_word' id='word_1_522' title='bbox 2841 5241 2999 5307; x_wconf 85' lang='lat' dir='ltr'><strong>ergo</strong></span> <span class='ocrx_word' id='word_1_523' title='bbox 3042 5242 3333 5307; x_wconf 82' lang='lat' dir='ltr'><strong>praesens</strong></span> <span class='ocrx_word' id='word_1_524' title='bbox 3388 5222 3503 5288; x_wconf 83' lang='lat' dir='ltr'><strong>dif-</strong></span> 
     </span>
     <span class='ocr_line' id='line_1_88' title="bbox 1947 5333 3509 5422; baseline 0.003 -21"><span class='ocrx_word' id='word_1_525' title='bbox 1947 5333 2202 5401; x_wconf 81' lang='lat' dir='ltr'><strong>ficultas</strong></span> <span class='ocrx_word' id='word_1_526' title='bbox 2233 5335 2298 5400; x_wconf 92' lang='lat' dir='ltr'><strong>in</strong></span> <span class='ocrx_word' id='word_1_527' title='bbox 2331 5355 2486 5403; x_wconf 90' lang='lat' dir='ltr'><strong>casu</strong></span> <span class='ocrx_word' id='word_1_528' title='bbox 2524 5355 2653 5422; x_wconf 91' lang='lat' dir='ltr'><strong>quo</strong></span> <span class='ocrx_word' id='word_1_529' title='bbox 2712 5335 2857 5402; x_wconf 87' lang='lat' dir='ltr'><strong>licet</strong></span> <span class='ocrx_word' id='word_1_530' title='bbox 2911 5358 3218 5404; x_wconf 90' lang='lat' dir='ltr'><strong>recursus</strong></span> <span class='ocrx_word' id='word_1_531' title='bbox 3269 5339 3347 5404; x_wconf 92' lang='lat' dir='ltr'><strong>ad</strong></span> <span class='ocrx_word' id='word_1_532' title='bbox 3394 5339 3509 5405; x_wconf 89' lang='lat' dir='ltr'><strong>ali-</strong></span> 
     </span>
    </p>
   </div>
   <div class='ocr_carea' id='block_1_6' title="bbox 1950 5454 3509 5542">
    <p class='ocr_par' dir='ltr' id='par_1_8' title="bbox 1950 5454 3509 5542">
     <span class='ocr_line' id='line_1_89' title="bbox 1950 5454 3509 5542; baseline 0.003 -23"><span class='ocrx_word' id='word_1_533' title='bbox 1950 5475 2084 5533; x_wconf 91' lang='lat' dir='ltr'><strong>um,</strong></span> <span class='ocrx_word' id='word_1_534' title='bbox 2118 5456 2200 5519; x_wconf 94' lang='lat' dir='ltr'><strong>ob</strong></span> <span class='ocrx_word' id='word_1_535' title='bbox 2234 5454 2719 5542; x_wconf 90' lang='lat' dir='ltr'><strong>improbitatem</strong></span> <span class='ocrx_word' id='word_1_536' title='bbox 2744 5458 3042 5538; x_wconf 86' lang='lat' dir='ltr'><strong>Parochi,</strong></span> <span class='ocrx_word' id='word_1_537' title='bbox 3075 5458 3406 5525; x_wconf 87' lang='lat' dir='ltr'><strong>reducitur</strong></span> <span class='ocrx_word' id='word_1_538' title='bbox 3432 5460 3509 5524; x_wconf 89' lang='lat' dir='ltr'><strong>ad</strong></span> 
     </span>
    </p>
   </div>
   <div class='ocr_carea' id='block_1_7' title="bbox 3534 1744 3756 1857">
    <p class='ocr_par' dir='ltr' id='par_1_9' title="bbox 3534 1744 3756 1857">
     <span class='ocr_line' id='line_1_90' title="bbox 3552 1744 3751 1809; baseline -0.01 -15"><span class='ocrx_word' id='word_1_539' title='bbox 3552 1744 3751 1809; x_wconf 84' lang='lat' dir='ltr'><strong>Regula</strong></span> 
     </span>
     <span class='ocr_line' id='line_1_91' title="bbox 3534 1808 3756 1857; baseline 0.005 -2"><span class='ocrx_word' id='word_1_540' title='bbox 3534 1808 3756 1857; x_wconf 75' lang='lat' dir='ltr'><strong>moralia.</strong></span> 
     </span>
    </p>
   </div>
   <div class='ocr_carea' id='block_1_8' title="bbox 1948 5574 3513 5673">
    <p class='ocr_par' dir='ltr' id='par_1_10' title="bbox 1948 5574 3513 5673">
     <span class='ocr_line' id='line_1_92' title="bbox 1948 5574 3513 5673; baseline 0.004 -27"><span class='ocrx_word' id='word_1_541' title='bbox 1948 5601 2339 5649; x_wconf 86' lang='lat' dir='ltr'><strong>concursum</strong></span> <span class='ocrx_word' id='word_1_542' title='bbox 2374 5583 2643 5669; x_wconf 89' lang='lat' dir='ltr'><strong>peccati,</strong></span> <span class='ocrx_word' id='word_1_543' title='bbox 2670 5574 2673 5577; x_wconf 57' lang='grc'>’</span> <span class='ocrx_word' id='word_1_544' title='bbox 2696 5582 2807 5649; x_wconf 85' lang='lat' dir='ltr'><strong>sed</strong></span> <span class='ocrx_word' id='word_1_545' title='bbox 2831 5584 2908 5650; x_wconf 87' lang='lat' dir='ltr'><strong>ad</strong></span> <span class='ocrx_word' id='word_1_546' title='bbox 2936 5600 3336 5673; x_wconf 85' lang='lat' dir='ltr'><strong>praeceptum</strong></span> <span class='ocrx_word' id='word_1_547' title='bbox 3364 5589 3513 5655; x_wconf 89' lang='lat' dir='ltr'><strong>cha-</strong></span> 
     </span>
    </p>
   </div>
  </div>
 </body>
</html>
