4255 6375
413 1012 683 1087 Sententia

385 1097 707 1149 affirmativa.

436 1761 654 1816 Alensis.

390 1831 457 1880 D.
507 1827 679 1877 Bonav
690 1864 705 1879 .

389 1889 680 1944 Richardus
691 1928 703 1940 .

439 2385 679 2458 Secunda

419 2455 690 2504 senuntin.

486 2515 616 2568 Duae

443 2577 649 2643 regnlae.

437 4409 618 4506 lacere
639 4450 670 4484 a

445 4510 662 4567 praeciso

433 4573 660 4623 recipere

395 4621 714 4692 Baptismum

539 4698 594 4732 m

398 4744 718 4799 necessitate.

738 331 857 396 510

735 490 792 557 si
824 491 1088 558 demum
1121 492 1369 559 fuerint
1389 491 1625 577 relapsi
1659 500 1899 576 praeter
1933 487 2280 576 praedictas

735 625 987 693 poenae,
1073 604 1744 685 excommunicentur,
1816 615 1938 669 etc.
2011 600 2280 677 Quando

732 735 949 790 autem
988 723 1092 789 lex
1134 722 1395 789 modum
1436 732 1502 789 et
1551 721 1828 787 formam
1885 716 2278 805 procedendi

733 840 1039 910 instituit.
1078 841 1440 908 servandus
1472 851 1594 908 est.

821 957 914 1046 (b)
963 961 1060 1027 De
1133 961 1357 1046 primo
1420 969 1575 1025 sunt
1631 955 1762 1022 duo
1833 954 2016 1020 modi
2054 954 2278 1020 dicen·

732 1073 830 1154 di,
891 1084 1016 1142 etc.
1061 1077 1234 1141 Duas
1263 1073 1633 1141 sententias
1677 1071 2019 1159 proponit;
2066 1071 2277 1156 prima

735 1203 857 1272 est,
894 1191 1103 1260 teneri
1137 1190 1450 1278 'aliquem
1507 1191 1588 1258 ad
1658 1188 2069 1276 Baptismum
2104 1185 2274 1255 reci-

733 1305 1045 1394 piendum
1076 1328 1110 1374 a
1163 1306 1441 1394 praeciso
1483 1306 1548 1373 in
1589 1326 1780 1386 casu,
1827 1325 1956 1392 quo
2020 1301 2280 1370 deficiat

734 1422 923 1503 aliuS,
990 1424 1144 1512 quia
1191 1423 1562 1511 Baptismus
1629 1434 1730 1489 est
1785 1424 2278 1488 Sacramentum

737 1538 1171 1608 necessitatis
1235 1542 1387 1606 Haec
1448 1535 1771 1604 sententia
1828 1555 1976 1603 cum
2027 1534 2279 1602 ratione

738 1657 1087 1744 subjuncta
1135 1657 1397 1726 videtur
1443 1656 1699 1726 Alensis
1757 1660 1822 1721 4.
1888 1677 1958 1741 p.
2049 1674 2118 1739 q.
2209 1655 2272 1718 8.

740 1796 826 1846 m.
879 1777 944 1843 6.
1016 1795 1081 1842 a.
1134 1777 1199 1842 2.
1265 1777 1299 1860 ὅ
1358 1777 1429 1840 2.
1501 1784 1565 1839 et
1629 1776 1701 1839 D.
1800 1774 2279 1837 Bonaventurae

740 1893 1048 1964 hacdisc.
1102 1904 1234 1961 art.
1295 1897 1360 1960 2.
1408 1896 1574 1978 q.1.·
1623 1890 1713 1956 ad
1760 1893 1829 1954 ὃ.
1919 1883 2280 1954 Richardus

739 2011 897 2082 disc.
944 2015 1006 2078 5.
1051 2021 1183 2078 arc.
1228 2013 1293 2077 3.
1328 2032 1390 2096 q.
1428 2012 1491 2075 4.
1527 2005 1824 2072 concedit
1880 2003 1948 2072 in
2004 1998 2280 2069 articulo

741 2125 1146 2195 necessitatis
1177 2144 1370 2211 posse
1410 2123 1811 2210 Baptismum
1844 2119 1986 2185 sine
2018 2128 2280 2203 peccato

740 2264 777 2310 a
815 2242 1088 2329 praeciso
1110 2241 1380 2329 suscipi.

831 2359 1127 2429 Secunda
1158 2357 1480 2427 sententia
1519 2362 1618 2426 est
1666 2361 1738 2424 D.
1784 2353 2051 2422 Thomae
2082 2358 2147 2421 3.
2206 2376 2276 2441 p.

742 2488 966 2565 quam.
994 2475 1258 2552 64.arae.
1285 2480 1351 2544 6.
1387 2476 1479 2541 ad
1519 2478 1582 2541 2.
1621 2485 1680 2540 et
1719 2496 1778 2561 q.
1826 2475 1934 2541 82.
1970 2496 2037 2539 a.
2077 2474 2143 2540 9.
2173 2472 2281 2538 ubi

743 2591 968 2660 statuit
1005 2592 1168 2659 duas
1228 2592 1487 2678 regulas
1538 2591 1902 2678 generales
1943 2590 2181 2667 Prima,
2247 2609 2282 2653 a

744 2709 1046 2776 ministro
1070 2710 1362 2788 toleratu,
1400 2708 1875 2795 quantumlibet
1909 2706 2098 2785 ma10,
2137 2727 2279 2792 pos-

741 2845 814 2893 se
881 2826 1013 2912 peti
1056 2838 1118 2891 et
1160 2826 1359 2912 recipi
1418 2829 1931 2891 Sacramentum.
1987 2822 2283 2888 Secunda

738 2953 864 3023 cst,
908 2965 944 3009 a
984 2942 1261 3030 praeciso
1301 2964 1429 3009 non
1472 2942 1689 3021 licere,
1728 2941 1880 3028 quia
1930 2960 2057 3006 non
2137 2939 2285 3005 licet

742 3073 961 3148 petere
989 3060 1071 3126 ab
1101 3059 1251 3140 alio,
1288 3057 1461 3146 quod
1494 3041 1634 3145 ipse
1671 3079 1797 3124 non
1841 3069 2051 3143 potest
2110 3055 2284 3121 licite

662 3179 666 3184 ’
742 3175 1139 3258 ministrare,
1182 3190 1294 3242 aut
1323 3174 1520 3254 dare;
1584 3174 1670 3241 ita
1704 3177 1942 3240 Suarez
1971 3177 2036 3240 3.
2093 3183 2278 3259 part.

739 3295 916 3381 disp.
959 3297 1062 3361 18.
1097 3308 1250 3361 sect.
1283 3300 1344 3362 1.
1373 3293 1496 3361 Sed
1535 3294 1599 3359 in
1635 3292 1836 3379 priori
1867 3292 2008 3357 loco
2048 3291 2129 3357 de
2159 3290 2283 3356 hoc

741 3410 900 3478 nihil
934 3415 1006 3478 D.
1034 3410 1360 3489 Thomas3
1409 3413 1474 3477 in
1513 3410 1798 3477 secundo
1839 3409 1979 3475 loco
2027 3408 2163 3495 agit
2201 3408 2282 3475 de

739 3527 1205 3615 recipientibus
1245 3527 1722 3595 Eucharistiam
1765 3548 1800 3594 a
1863 3525 2178 3614 praecisis,
2218 3526 2281 3591 in

739 3643 978 3731 quibus
1010 3644 1271 3711 diversa
1311 3655 1523 3730 potest
1564 3663 1710 3709 esse
1769 3640 1977 3719 ratio;
2030 3640 2284 3728 aliquos

737 3773 954 3828 tamen
1004 3782 1147 3829 eam
1179 3760 1566 3841 doctrinam,
1601 3780 1797 3848 quam
1835 3756 1990 3825 citat
2021 3761 2278 3836 Doctor,
2314 3800 2319 3801 ff

738 3876 1085 3945 tradidisse
1123 3889 1415 3957 constat,
1484 3875 1787 3963 quamvis
1855 3875 1935 3941 iis
2011 3874 2283 3941 investi-

737 3992 976 4079 gaudis
1032 4013 1161 4061 non
1229 3993 1411 4061 lubet
1486 4012 1658 4058 nunc
1717 3992 2095 4071 immorari;
2171 3989 2283 4059 sed

741 4111 881 4196 ipsa
926 4110 1243 4189 doctrina,
1284 4121 1353 4176 ut
1429 4109 1568 4176 suis
1629 4108 1971 4196 principiis
2050 4110 2281 4187 haeret,

740 4229 1073 4297 tractanda
1120 4242 1216 4296 est
1265 4228 1341 4296 ad
1395 4228 1798 4315 propositum
1869 4227 2279 4314 quaestionis,

831 4341 988 4406 Eam
1056 4352 1229 4405 recte
1287 4337 1631 4424 impugnat
1697 4340 1971 4403 Ductor:
2038 4336 2280 4415 PrimO,

747 4456 896 4543 quia
939 4466 1338 4543 praeceptum
1370 4453 1679 4520 Ecclesiae
1721 4473 1849 4519 non
1911 4453 2288 4520 extenditur

746 4572 824 4639 ad
865 4593 1088 4640 casum
1132 4570 1541 4640 necessitatis
1606 4583 1828 4637 contra
1886 4582 2286 4657 praeceptum

748 4688 1071 4769 divinum,
1151 4701 1214 4755 et
1311 4698 1711 4776 praeceptum
1794 4688 1966 4774 juris
2029 4700 2273 4754 natura-

748 4806 851 4873 lis,
931 4806 1253 4885 SecundO,
1351 4804 1504 4893 quia
1594 4803 1804 4871 vitare
1911 4825 2289 4872 excommu-

746 4920 1032 4989 nicatum
1102 4931 1204 4987 est
1272 4919 1338 4985 in
1407 4939 1669 5007 poenam
1747 4918 1945 5001 illius,
2017 4930 2081 4985 et
2148 4940 2289 4985 suae

745 5038 1196 5117 contumaciae,
1285 5037 1628 5125 magisque
1725 5034 1940 5123 ipsum
2044 5036 2287 5122 obligat

744 5156 949 5222 vitare
978 5167 1278 5235 coeteros,
1325 5174 1519 5243 quam
1591 5151 1753 5218 alios
1782 5152 1992 5219 vitare
2027 5150 2283 5238 ipsum;

745 5271 858 5339 sed
920 5273 1059 5359 ipse
1144 5272 1338 5339 etiam
1412 5268 2016 5337 excommunicatus
2080 5268 2147 5335 in
2213 5291 2289 5336 ea

744 5387 1134 5455 necessitate
1214 5398 1549 5454 teneretur
1648 5399 1980 5472 praecepto
2075 5385 2288 5451 chari-

744 5503 899 5572 tatis
958 5526 1073 5593 per
1146 5526 1219 5572 se
1284 5504 1664 5586 subvenire,
1705 5502 1832 5570 nisi
1863 5502 2051 5571 aliter
2081 5503 2287 5592 possit

1987 327 2132 390 1213.
2163 326 2258 390 lv.
2293 321 2895 388 SENTENTMRUM

2396 483 2754 552 ministrari
2797 486 3324 562 Sacramentum,
3382 501 3536 567 ergo
3574 501 3611 546 a
3678 479 3877 545 fortiori

2391 597 2579 679 alter,
2614 598 2720 665 cui
2753 597 3088 664 confertur
3166 600 3656 664 Sacramentum
3716 596 3883 681 magis

2391 724 2763 791 excusatur,
2789 734 2864 781 ac
2904 714 3175 800 proinde
3243 713 3467 782 minus
3512 713 3885 798 comprehen-
3949 741 3955 746 ·

2391 827 2566 894 ditur
2599 841 2925 915 praecepto
2945 829 3256 897 Ecclesiae
3285 842 3513 896 contra
3536 841 3883 915 praeceptum

2389 944 2650 1031 proprie
2704 945 2936 1014 salutis
2990 961 3100 1013 aut
3160 947 3473 1026 infantis3
3543 946 3884 1014 antecedens

2393 1071 2564 1145 patet
2602 1080 2684 1128 ex
2724 1074 2930 1131 textu.
2987 1063 3228 1142 Terti0,
3265 1063 3422 1149 quia
3472 1062 3748 1130 Ecclesia
3790 1083 3887 1127 non

2392 1171 2668 1241 intendit
2696 1195 2816 1242 sua
2872 1176 3315 1262 prohibitione
3382 1176 3887 1264 comprehendere

2389 1311 2612 1358 casum
2658 1292 3090 1374 necessitatis,
3135 1293 3201 1361 in
3241 1314 3372 1380 quo
3402 1293 3725 1362 concurrit
3763 1293 3887 1359 obli-

2390 1406 2567 1491 gatio
2605 1406 2815 1475 divini
2855 1418 2920 1476 et
2974 1408 3287 1476 naturalis
3339 1409 3550 1496 Juris;
3619 1408 3778 1476 unde
3808 1408 3890 1476 ille

2389 1523 2681 1609 vulgaris
2760 1545 2988 1592 versus
3065 1524 3339 1612 exponit
3415 1525 3635 1613 plures
3706 1545 3883 1603 casus

2392 1639 2502 1726 qui
2565 1661 2693 1710 non
2751 1642 3402 1728 comprehenduntur
3451 1656 3762 1729 praecepto
3802 1643 3891 1707 Ec·

2393 1754 2659 1823 clesiae:

2540 1888 2716 1956 Utile,
2749 1889 2852 1958 lox,
2875 1889 3107 1960 humilis,
3137 1907 3220 1950 res
3248 1891 3507 1964 ignorata,
3534 1908 3756 1950 neom.

2481 2015 2685 2087 Quem
2726 2026 3065 2098 exponunt
3121 2015 3503 2084 Summistae
3548 2017 3746 2083 verbo
3788 2016 3894 2080 Ex·

2392 2129 2921 2208 communicatio,
3009 2143 3075 2196 et
3129 2133 3564 2199 communiter
3636 2136 3894 2198 Doctores

2392 2241 2472 2309 de
2537 2244 2883 2323 Censuris;
2937 2266 3054 2331 per
3102 2248 3268 2313 utile
3321 2247 3705 2334 intelligitur
3737 2246 3885 2312 dam·

2395 2381 2552 2427 num
2629 2360 2912 2427 notabile
2968 2383 3340 2450 emergens,
3386 2377 3452 2430 et
3509 2364 3745 2430 utilitas
3784 2365 3891 2429 ani·

2399 2494 2524 2541 mae
2578 2477 3167 2558 excommunicati;
3232 2479 3366 2557 lex,
3411 2479 3657 2546 scilicet
3712 2480 3895 2544 matri·

2398 2592 2597 2658 monii
2650 2595 3037 2683 conjugem;
3103 2597 3382 2664 humilis
3446 2596 3891 2684 comprehendit

2395 2708 2749 2794 subjectos,
2833 2723 2903 2778 ut
2965 2723 3120 2780 sunt
3186 2713 3327 2793 filii,
3408 2714 3603 2795 servi,
3661 2713 3888 2786 familia,

2395 2823 2673 2904 subditi;
2710 2847 2815 2893 res
2855 2827 3189 2913 iqnorata,
3244 2829 3479 2915 supple
3519 2829 3887 2917 ignorantia:

2400 2962 2677 3022 necesse,
2717 2943 2966 3012 scilicet
3002 2945 3401 3014 alterutrius,

2488 3057 2574 3143 (c)
2614 3059 2834 3125 Potest
2895 3082 3051 3149 erqo
3089 3074 3410 3148 quantum
3449 3062 3540 3129 ad
3583 3062 3893 3129 animatum
3992 3068 4013 3111 t

2399 3174 2617 3255 istum,
2655 3186 2779 3243 etc.
2817 3175 3147 3245 Resolutio
3180 3178 3472 3246 Doctoris
3508 3178 3734 3246 mediat
3761 3178 3893 3245 inter
3928 3143 4015 3255 g.

2394 3291 2559 3358 duas
2600 3291 2743 3360 illas
2775 3293 3161 3361 sententias
3190 3297 3409 3365 Prima
3439 3297 3757 3365 conclusio
3783 3297 3893 3381 ejus
3930 3274 3993 3327 ³³²

2395 3418 2493 3473 est
2552 3406 2619 3475 in
2674 3429 2829 3476 casu
2906 3412 3312 3480 necessitatis
3395 3435 3589 3500 posse
3647 3414 3893 3481 adultum

2398 3521 2688 3609 recipere
2761 3524 3164 3610 Baptismum
3230 3546 3267 3593 a
3310 3527 3611 3613 praeciso,
3679 3525 3894 3614 quando

2396 3639 2563 3705 alius
2613 3640 2913 3707 minister
2989 3642 3213 3714 haberi
3284 3665 3411 3710 non
3468 3658 3697 3732 posset.
3758 3648 3896 3710 Hanc

2396 3756 2627 3841 probat
2680 3756 3065 3825 auctoritate
3134 3761 3485 3847 Augustini
3563 3762 3627 3830 in
3689 3762 3883 3836 littera,

2394 3871 2507 3959 qui
2556 3893 2863 3960 expresse
2909 3874 3096 3943 docet
3145 3877 3260 3943 lib.
3314 3881 3382 3948 6.
3429 3877 3514 3945 de
3580 3880 3889 3964 Raptim,

2396 4008 2543 4074 cap.
2589 3992 2651 4054 5.
2722 3999 2780 4054 et
2839 3990 2953 4056 lib.
3014 3995 3074 4056 1.
3134 4012 3281 4077 cap.
3346 3994 3412 4060 2.
3478 3993 3661 4080 cujus
3733 3990 3893 4057 verba

2396 4117 2586 4171 sunt:
2661 4106 2738 4170 Si
2804 4127 2992 4192 quem
3067 4108 3244 4184 force
3292 4110 3582 4194 coeyerit
3643 4120 3889 4174 extrema

2398 4222 2771 4301 necessitas,
2859 4222 2972 4287 ubi
3063 4223 3481 4291 Catholicum
3568 4247 3684 4312 per
3745 4242 3892 4310 quem

2394 4337 2682 4422 accipiat
2721 4358 2856 4403 non
2886 4339 3241 4419 invenerit,
3289 4351 3351 4406 ec
3390 4342 3466 4406 in
3497 4342 3734 4418 anima,
3765 4357 3893 4426 pace

2405 4456 2753 4522 Catholica
2800 4456 3150 4538 custodita,
3218 4480 3343 4545 per
3409 4460 3694 4546 aliquem
3742 4467 3892 4523 extra

2402 4573 2726 4638 unitatem
2764 4573 3175 4640 Catholicam
3239 4576 3531 4661 positum
3593 4571 3886 4660 acceperil.

2403 4688 2577 4776 quod
2639 4700 2786 4756 erat
2851 4694 2925 4759 in
2964 4682 3112 4780 ipsa
3145 4694 3495 4761 Catholica
3547 4693 3775 4760 unitate
3805 4709 3894 4755 ac·

2399 4819 2744 4894 capturum·
2773 4811 2834 4876 si
2869 4811 3094 4877 statim
3135 4812 3339 4876 eliam
3385 4809 3470 4877 de
3510 4811 3632 4877 hac
3668 4811 3782 4877 vita
3798 4805 3895 4871 mi·

2397 4924 2716 5009 qraveric,
2754 4946 2891 4992 non
2937 4947 3084 4992 eum
3116 4927 3253 4992 nisi
3294 4927 3709 4993 Catholicum
3734 4924 3890 5007 depu-

2405 5049 2641 5119 tamuS,
2714 5050 2845 5106 ete.
2928 5062 3065 5108 non
3123 5043 3338 5110 solum
3406 5066 3541 5110 non
3618 5036 3893 5127 improba·

2405 5175 2547 5219 mus
2594 5156 2767 5242 qaod
2816 5158 3000 5242 fecit,
3065 5158 3180 5223 sed
3239 5160 3444 5225 etiam
3517 5156 3886 5227 securissime,

2404 5272 2870 5360 verissimeque
2929 5275 3300 5356 laudamus,
3363 5277 3523 5361 qaia
3564 5283 3889 5364 proeseneem

2406 5391 2614 5456 Deum
2670 5391 2960 5458 credidit
3015 5391 3207 5459 cordi
3260 5414 3399 5473 sue,
3468 5395 3578 5459 ubi
3630 5393 3890 5459 unitatem

2404 5507 2731 5588 servabat,
2771 5519 2829 5574 et
2860 5509 3006 5575 sine
3051 5511 3273 5576 sancti
3338 5512 3671 5597 Baptismi
3702 5510 3890 5575 Sam-a-
