4255 6375
161 1182 210 1230 24

144 1244 283 1295 Gloria

129 1306 288 1356 excedit

116 1369 296 1419 neritum

157 1433 251 1483 viae.

116 2030 294 2080 Excessus

120 2094 275 2156 praemii

141 2170 262 2219 supra

116 2223 301 2269 nerium.

138 3882 280 3933 Status

116 3959 150 3992 ε
173 3945 335 4010 imper..

132 4006 274 4059 rectior

118 4120 121 4146 3
151 4075 259 4142 statu

120 4127 278 4198 :ior-12.

124 4727 246 4781 Proba
254 4742 262 4781 1
271 4735 312 4784 ἰο

116 4806 150 4836 n
173 4796 316 4846 mediis

116 4852 322 4922 [tritisque.

1565 416 1765 482 Dls'r.
1798 415 1874 481 n.
1920 410 2278 493 QUAEs'no
2325 412 2377 477 1.

358 609 548 675 quam
590 589 791 655 finem
818 589 1300 672 justificationis
1345 591 1608 658 nostrai,
1641 587 1715 645 ut
1770 580 1888 643 do-

357 714 455 771 cet
527 709 697 771 Trid-
736 726 880 770 sess.
938 707 1002 770 6.
1079 724 1219 783 cap.
1265 706 1327 767 7.
1401 704 1495 765 sic
1556 699 1892 774 Princeps,

356 825 610 886 solvens
699 828 765 886 et
834 824 1181 901 praemians
1243 820 1543 891 militem,
1614 810 1898 877 intendit

354 941 624 1003 salutem
725 940 1077 1017 publicam,
1167 953 1311 1018 quae
1436 929 1901 1014 praeponderat

358 1058 646 1135 praemio.

432 1172 687 1235 Deinde
717 1178 896 1251 patet
944 1169 1274 1248 exemplo,
1309 1168 1460 1248 quia
1490 1165 1722 1247 gloria,
1757 1178 1901 1242 quae

363 1293 458 1349 est
506 1290 842 1366 praemium
893 1287 1323 1366 propositum,
1399 1280 1662 1345 excedit
1701 1277 1901 1342 meri-

361 1409 491 1466 tum
522 1409 818 1467 nostrum
869 1406 934 1466 in
962 1405 1090 1477 via,
1138 1400 1317 1482 quod
1351 1403 1453 1463 est
1491 1396 1892 1475 condignum

354 1525 663 1597 respectu
702 1518 886 1599 ejus;
936 1535 1096 1598 ergo
1128 1522 1258 1578 stat
1298 1512 1701 1594 inaequalitas
1749 1526 1899 1571 cum

357 1635 797 1716 condignitate
822 1634 1048 1696 meriti.
1074 1633 1257 1695 Patet
1285 1627 1717 1700 antecedens,
1743 1626 1896 1704 quia

354 1752 705 1831 perfectius
750 1751 1009 1831 attingit
1048 1748 1272 1821 finem,
1321 1765 1462 1826 quae
1509 1747 1730 1807 autem
1787 1757 1893 1802 re-

354 1869 630 1931 motiora
675 1874 829 1929 sunt
870 1884 909 1929 a
967 1865 1121 1941 fine,
1174 1868 1330 1926 sunt
1382 1857 1893 1939 imperfectiora.

354 1984 684 2047 Praeterea
714 1989 898 2062 patet
921 1982 1312 2045 auctoritate
1360 1998 1375 2040 ε
1410 1981 1548 2042 Non
1574 1980 1712 2039 sunt
1746 1988 1895 2035 con-

354 2103 563 2178 diynae
587 2104 912 2181 passiones
951 2102 1150 2180 hujus
1213 2096 1522 2172 temporis
1577 2094 1667 2154 ad
1716 2091 1899 2165 sutu-

354 2234 490 2279 ram
528 2218 841 2293 qim-iam,
871 2233 1012 2293 quae
1032 2211 1428 2276 revelabitur
1447 2211 1514 2270 in
1536 2207 1737 2277 nobis,
1764 2209 1891 2265 etc.

353 2340 476 2399 Nec
517 2336 744 2398 oculus
770 2338 947 2406 vidit,
980 2352 1092 2396 nec
1120 2335 1303 2395 auris
1352 2330 1623 2400 audivit,
1664 2342 1778 2386 nec
1831 2326 1899 2384 in

355 2467 466 2512 cor
513 2451 794 2512 hominis
823 2450 1107 2520 intravit,
1141 2463 1283 2523 quae
1303 2446 1703 2521 praeparavit
1733 2444 1901 2501 Deus

350 2570 765 2646 ditiqentibus
792 2586 878 2641 se,
915 2573 1039 2629 etc.
1093 2556 1898 2627 Momentancumtributa-

348 2687 539 2747 tionis
566 2693 796 2749 nostroe
823 2690 1130 2747 aeternum
1177 2681 1408 2758 qtoriae
1443 2679 1692 2756 pondus
1748 2690 1897 2748 οΡθ-

346 2808 561 2876 ratur,
598 2808 725 2864 etc.
763 2806 828 2862 et
871 2802 1055 2879 plura
1103 2798 1354 2866 similia,
1401 2797 1465 2856 in
1519 2793 1759 2870 quibus
1791 2804 1896 2850 su-

349 2917 871 2996 perabundantia
916 2916 1163 2995 praemii
1206 2928 1404 2990 supra
1434 2909 1742 2971 meritum
1776 2904 1893 2966 de-

350 3039 651 3111 claratur,
699 3041 896 3115 atque
954 3030 1380 3114 perfectionis
1439 3042 1755 3090 excessus
1828 3024 1898 3086 in

345 3151 707 3230 Scriptura.
1335 3217 1342 3224 ,

418 3260 494 3321 Et
524 3259 823 3338 quamvis
853 3262 1209 3334 utrumque
1255 3251 1570 3314 consistat
1612 3251 1678 3310 in
1717 3251 1894 3320 actu,

348 3382 567 3438 tamen
600 3375 940 3453 praemium
971 3368 1232 3434 excedit
1261 3370 1326 3429 in
1357 3364 1557 3427 modo
1604 3369 1670 3425 et
1737 3363 1899 3423 sub-

343 3494 604 3554 stantia.
647 3491 876 3569 Neque
906 3487 1219 3551 satisfacit
1265 3481 1579 3561 reponsio
1615 3477 1896 3556 praemis·

346 3623 414 3669 sa
459 3606 544 3670 de
601 3606 996 3686 aequalitate,
1032 3618 1176 3682 quae
1231 3600 1542 3660 statuitur
1585 3610 1664 3656 ex
1712 3595 1899 3670 parte

351 3723 586 3794 meriti,
616 3739 746 3801 qua
778 3715 1075 3799 procedit
1104 3733 1184 3778 ex
1214 3711 1420 3792 gratia
1450 3705 1900 3771 sanctificante

355 3839 486 3920 (de
533 3855 666 3919 qua
687 3838 823 3918 jam
857 3850 987 3896 non
1042 3831 1315 3902 dissero,
1366 3844 1450 3889 ne
1502 3823 1719 3887 omnia
1749 3837 1897 3884 ver-

359 3960 567 4016 tamus
621 3957 688 4017 in
761 3950 1057 4021 dubium,
1105 3963 1189 4008 an
1234 3943 1486 4006 scilicet
1524 3956 1606 4002 ex
1666 3943 1901 3999 natura

355 4071 446 4132 rei
476 4073 562 4133 sit
608 4070 774 4141 talis,
822 4083 904 4129 an
949 4082 1031 4127 ex
1075 4062 1487 4124 ordinatione
1528 4056 1768 4128 divina,
1812 4053 1902 4116 vi-

354 4188 629 4252 deantur
686 4182 967 4247 dicenda
1010 4181 1173 4242 infra
1225 4180 1288 4240 d.
1339 4173 1466 4255 16.)
1509 4175 1659 4252 quia
1690 4175 1900 4232 status

352 4307 896 4391 peregrinationis
952 4302 1184 4380 nequit
1240 4296 1604 4373 comparari
1647 4294 1711 4355 in
1743 4308 1896 4370 per-

351 4425 632 4490 fectione
663 4423 748 4486 ad
777 4425 1019 4483 statum
1075 4416 1296 4494 gloriae
1347 4419 1414 4475 et
1457 4409 1895 4488 comprehen-

352 4545 572 4616 sionis,
604 4537 974 4603 secundum
1005 4533 1402 4610 Scripturam
1435 4534 1500 4590 et
1530 4528 1773 4589 Patres.

430 4657 619 4735 Quod
651 4657 964 4736 probatur
1026 4647 1456 4712 discurrendo
1500 4642 1898 4721 Theologica

358 4778 633 4838 ratione·
686 4789 807 4851 per
867 4767 1146 4848 singula,
1198 4765 1350 4842 quia
1400 4761 1622 4822 lumen
1677 4759 1900 4838 gloriae

361 4891 617 4955 excedit
668 4889 870 4952 fidem
927 4887 1030 4947 cui
1072 4879 1393 4953 succedit,
1430 4878 1632 4939 tentio
1663 4891 1889 4954 spem;

357 5008 481 5071 haec
509 5009 663 5083 duo,
713 5021 956 5090 nempe
1010 5000 1179 5064 fides
1239 5002 1305 5058 et
1346 5010 1526 5073 speS,
1585 4991 1898 5054 excidunt

358 5124 419 5186 in
447 5124 678 5202 patria,
725 5138 801 5183 ex
849 5118 1045 5180 Paulo
1098 5119 1152 5177 l.
1201 5111 1286 5174 ad
1331 5109 1618 5173 Corinth.
1668 5111 1759 5172 13.
1795 5114 1898 5171 Ex

355 5247 537 5316 parte
592 5241 760 5302 enim
801 5234 1260 5313 cognoscimus,
1294 5232 1352 5289 et
1394 5225 1479 5289 e'oe
1500 5232 1693 5303 parte
1735 5240 1893 5301 pro-

352 5357 706 5432 phetamus,
753 5368 899 5415 cum
942 5355 1159 5412 autem
1188 5347 1430 5408 venerit
1473 5346 1643 5421 quod
1670 5344 1891 5420 perfe-

358 5482 522 5537 ctum
574 5483 679 5549 est,
726 5471 1151 5535 evacuabitur
1179 5469 1352 5545 quod
1409 5481 1493 5525 ea:
1535 5469 1721 5540 parte
1779 5468 1890 5533 est,

358 5595 480 5656 etc.
510 5589 939 5654 Evacuabitur
968 5602 1124 5667 ergo
1165 5598 1320 5662 spes
1377 5585 1444 5643 et
1495 5577 1687 5653 fideS,
1740 5591 1892 5657 quae

3435 396 3555 471 255

2006 574 2401 655 imperfecta
2432 577 2618 649 sunt,
2652 572 3049 637 adveniente
3081 587 3159 636 eo
3185 569 3364 652 quod
3399 587 3554 649 per-

2006 692 2258 755 fectum
2307 696 2430 764 est,
2484 690 2552 755 id
2597 696 2718 766 est,
2768 691 2999 769 gloria.
3058 691 3352 753 Videmus
3391 704 3561 750 nunc

2005 828 2127 888 per
2177 812 2510 888 speculum
2584 814 2654 872 tn
2708 811 3066 888 aeniymate,
3124 810 3191 871 id
3260 812 3385 884 est,
3445 825 3568 886 per

2008 928 2231 1002 fldem,
2293 945 2438 1008 quae
2492 931 2772 992 obscura
2816 933 2936 1003 est,
2987 938 3139 993 tunc
3193 934 3407 990 autem
3462 942 3561 989 co-

2008 1061 2313 1122 gnoscam
2354 1047 2515 1108 sicut
2572 1051 2632 1107 et
2685 1047 2974 1122 coquitus
3020 1061 3186 1119 sum,
3220 1049 3346 1107 etc.
3381 1046 3563 1105 Nunc

2009 1168 2272 1221 manent
2352 1160 2534 1235 fides,
2591 1179 2752 1237 spes,
2827 1161 3134 1233 charitas,
3205 1161 3339 1220 tria
3406 1161 3561 1225 haec.

2008 1276 2232 1351 major
2262 1282 2483 1337 autem
2508 1276 2742 1337 horum
2796 1284 2882 1339 est
2904 1275 3212 1347 charitas,
3251 1281 3375 1336 etc.
3414 1290 3566 1353 quae

2010 1396 2234 1451 manet
2261 1392 2326 1452 in
2396 1390 2629 1467 patria,
2712 1388 3085 1452 secundum
3140 1389 3555 1467 Apostolum,

2018 1504 2307 1568 charitas
2337 1523 2673 1582 nunquam
2702 1509 2967 1578 eaecidit,
3014 1514 3134 1569 etc.

2094 1640 2162 1700 ln
2228 1640 2328 1701 his
2410 1641 2615 1703 tribus
2691 1642 2980 1703 consistit
3088 1645 3406 1720 quantum
3477 1639 3561 1702 ad
3641 1636 3846 1753 ,iustitia

2009 1756 2297 1819 habitum
2335 1758 2589 1838 justitia
2645 1760 2934 1832 viatoriS,
2966 1776 3051 1820 ea:
3096 1762 3353 1821 Trident
3409 1775 3555 1820 sess.
3622 1717 3702 1753 vn
3726 1716 3851 1753 om.

2009 1870 2068 1931 6.
2129 1890 2271 1948 cap.
2319 1872 2380 1934 7.
2442 1890 2642 1952 quam
2676 1879 2870 1936 vocat
2922 1891 3167 1947 veram,
3251 1876 3558 1936 Christia-

2009 2002 2164 2047 nam
2182 1987 2534 2063 J‘ustitiam,
2569 2004 2648 2048 ac
2673 1987 2905 2049 stolam
2941 1992 3233 2064 primam
3263 1986 3407 2067 (pro
3436 1987 3560 2050 itta

2008 2116 2207 2175 quam
2262 2104 2542 2178 perdidit
2587 2104 2770 2164 nobis
2824 2106 3030 2165 Adam
3054 2121 3175 2180 per
3191 2109 3549 2181 peccatum,

2006 2208 2608 2289 etjinobedientiam)
2637 2211 3007 2283 candidam,
3037 2212 3556 2285 immaculatam,

2009 2338 2208 2397 quam
2224 2324 2540 2400 jubentur
2567 2327 2783 2386 renati
2806 2341 3205 2387 conservare.

2091 2440 2277 2502 Unde
2327 2441 2421 2502 sic
2469 2447 2920 2521 argumentor,
2973 2443 3126 2503 licet
3197 2447 3417 2504 manet
3490 2445 3556 2503 in
3613 2503 3660 2553 A
3706 2440 3793 2493 25.

2008 2556 2218 2631 patria
2250 2556 2553 2623 charitas,
2580 2562 2680 2618 est
2723 2557 3114 2635 principium
3145 2558 3557 2637 perfectioris
3663 2519 3908 2616 {iligen-

2009 2676 2217 2746 actus,
2262 2687 2461 2752 quam
2492 2673 2576 2733 sit
2617 2674 2681 2734 in
2725 2675 2866 2744 via;
2903 2674 3213 2738 excidunt
3271 2673 3436 2736 fides
3494 2681 3559 2737 et
3604 2644 3906 2756 praeiffinsis.

2010 2798 2168 2863 spes
2211 2791 2526 2864 tanquam
2570 2788 2973 2865 imperfecta,
3038 2789 3556 2853 succedentibus

2009 2900 2151 2963 aliis
2223 2901 2761 2979 perfectioribus3
2852 2920 3010 2985 ergo
3112 2906 3558 2984 comparando

2010 3016 2285 3095 gloriam
2330 3016 2414 3079 ad
2446 3019 2748 3081 meritum
2775 3020 2841 3081 in
2883 3024 3137 3083 ratione
3166 3026 3393 3096 actus,
3429 3038 3563 3083 non

2012 3137 2112 3195 est
2152 3135 2507 3213 aequalitas,
2564 3135 2685 3199 sed
2745 3152 3078 3214 excessuS,
3143 3144 3273 3202 tam
3340 3137 3562 3219 quoad

2011 3250 2330 3326 principia
2398 3249 2741 3328 operandi,
2818 3269 3018 3331 quam
3076 3254 3298 3332 quoad
3344 3256 3563 3333 ipsum

2011 3378 2204 3441 opuS.
2259 3365 2325 3427 Si
2354 3372 2576 3429 autem
2606 3367 2813 3431 addas
2842 3373 3116 3448 gratiam
3146 3371 3567 3433 sanctifican-
3613 3396 3901 3470 occupat-m·

2010 3481 2144 3538 tem
2175 3479 2256 3541 ab
2289 3480 2387 3540 his
2422 3480 2816 3558 distinctam,
2852 3498 3001 3561 quae
3033 3487 3116 3548 sit
3159 3486 3223 3545 in
3276 3487 3564 3547 essentia
3617 3472 3900 3525 ‘⁰⁸9⁰”ffl0‘

2011 3597 2272 3670 animae,
2324 3613 2454 3661 non
2515 3604 2618 3660 est
2684 3602 3071 3680 principium
3156 3603 3390 3676 meriti,
3441 3602 3564 3666 sed

2014 3713 2297 3776 conditio
2348 3722 2411 3777 et
2440 3720 2646 3778 status
2679 3733 2972 3794 personae
3029 3721 3559 3799 praerequisitus;

2013 3834 2081 3890 et
2110 3829 2430 3910 quidquid
2492 3831 2743 3894 dicatur
2800 3832 3189 3897 abstinendo
3237 3836 3319 3898 ab
3390 3837 3560 3898 ulte·

2009 3946 2159 4007 riori
2209 3946 2568 4024 quaestione
2626 3952 2692 4008 et
2750 3953 3228 4021 controversia,
3268 3951 3375 4012 illa
3415 3968 3563 4014 ma·-

2010 4068 2123 4123 net
2151 4062 2346 4124 etiam
2371 4063 2437 4124 in
2468 4064 2673 4141 patria
2705 4080 2856 4125 cum
2887 4081 3168 4127 excessu
3198 4067 3562 4144 praemiss0‚

2009 4194 2231 4257 neque
2275 4180 2396 4257 ipsi
2429 4183 2743 4257 competit
2787 4183 3183 4246 constituere
3226 4186 3560 4263 aequalita-

2011 4300 2143 4356 tem
2175 4297 2386 4358 meriti
2441 4295 2524 4357 ad
2554 4297 2852 4375 gloriam,
2901 4300 2968 4361 in
3015 4315 3208 4377 quam
3266 4316 3399 4362 non
3457 4302 3563 4364 in-

2006 4407 2169 4479 fluit,
2218 4407 2337 4468 sed
2385 4411 2603 4485 potius
2649 4413 3092 4488 aequalitatem
3148 4416 3215 4475 in
3266 4429 3556 4493 persona

2007 4531 2329 4600 merente,
2413 4525 2570 4586 alias
2641 4534 3038 4605 sequeretur
3094 4529 3274 4608 quod
3331 4532 3552 4595 omnia
3586 4586 3764 4641 Gratia
3801 4605 3904 4640 non

2007 4641 2237 4702 merita
2278 4640 2605 4720 justorum
2686 4649 2911 4705 essent
2982 4645 3177 4706 etiam
3247 4647 3551 4727 aequalia,
3655 4653 3834 4725 statuit

2008 4773 2157 4818 cum
2212 4755 2486 4834 perinde
2532 4760 3001 4836 praerequirant
3048 4761 3217 4823 hanc
3247 4764 3549 4841 gratiam.
3626 4718 3885 4850 aefffflm‘

2008 4873 2189 4951 quod
2220 4890 2412 4935 nemo
2459 4874 2779 4950 admittit;
2812 4876 2864 4935 si
2897 4892 3056 4956 ergo
3087 4878 3260 4939 inter
3286 4879 3547 4952 merita,
3645 4847 3847 4956 ῃζὲξῗῖα.

2008 5007 2159 5069 quae
2246 4995 2604 5054 consistunt
2651 4993 2716 5052 in
2787 5009 2990 5071 opere
3059 4998 3126 5058 in
3195 4996 3321 5070 via,
3380 5001 3587 5061 inter-

2006 5122 2078 5166 se
2161 5108 2391 5186 nequit
2456 5112 2746 5169 statuere
2822 5110 3283 5187 aequalitatem,
3342 5113 3554 5175 minus

2005 5222 2229 5282 statuit
2296 5222 2734 5300 aequalitatem
2789 5225 2960 5285 inter
3034 5224 3336 5303 gloriam,
3397 5243 3549 5305 quae

2006 5337 2301 5398 consistit
2344 5339 2543 5399 etiam
2574 5342 2638 5401 in
2699 5355 2928 5418 opere,
2975 5346 3040 5403 et
3108 5343 3320 5421 ipsum
3380 5362 3551 5424 opus

2003 5456 2246 5529 meriti,
2321 5472 2403 5517 ex
2459 5455 2696 5517 iisdem
2769 5460 2943 5519 enim
3008 5463 3342 5541 principiis
3396 5464 3549 5527 hinc

2003 5575 2160 5639 inde
2203 5579 2479 5640 sumitur
2505 5576 3002 5642 fundamentum
3064 5582 3543 5668 inaequalitatiS,
