4255 6375
1349 386 1549 447 DIST.
1600 387 1724 447 Vll.
1762 385 2124 461 QUAESTIO
2159 390 2205 449 1.

236 545 450 625 scopi
504 545 905 626 confirmare
946 557 1244 631 possunt,
1310 548 1406 611 ita
1462 547 1814 633 disponere

230 667 497 739 posset,
586 659 699 724 ubi
764 661 825 725 et
902 662 1173 749 qucmdo
1249 664 1543 750 exiperet
1606 665 1805 742 ratiO,

233 773 437 858 quod
463 776 851 843 Sacerdotes
898 800 1033 845 non
1089 780 1413 867 Episcopi
1441 781 1804 863 confirma-

232 911 317 954 re
354 894 641 978 possint,
699 895 858 980 quia
920 915 1122 981 super
1204 917 1440 983 corpus
1545 896 1810 962 Christi

233 1010 627 1092 mysticum,
673 1011 849 1096 quod
909 1023 1002 1077 est
1061 1013 1381 1091 Ecclesia,
1448 1013 1638 1079 habet
1681 1015 1808 1077 Ρα-

232 1145 335 1209 pa
398 1126 905 1212 plenitudinem
950 1131 1319 1214 potestati&
1373 1140 1498 1196 etc.
1556 1129 1814 1197 Fundat

236 1259 420 1327 ergo
489 1251 879 1327 potestatem
953 1243 1382 1311 confirmandi
1433 1244 1495 1309 in
1549 1243 1814 1331 jurisdi-

235 1357 498 1438 ctione,
549 1361 787 1427 nonin
855 1360 1106 1443 ordine,
1179 1375 1249 1429 ut
1307 1372 1481 1448 patet
1540 1360 1812 1442 ibidem,

240 1477 430 1545 hanc
497 1478 927 1547 differentiam
981 1481 1129 1567 eJus
1189 1493 1483 1548 statuens
1530 1502 1566 1546 a
1634 1492 1814 1569 pote·

239 1605 427 1662 state
513 1597 935 1664 consecrandi
1037 1598 1538 1665 Eucharistiam.
1633 1599 1817 1664 Unde

240 1712 626 1797 quaestione
665 1715 987 1803 sequenti,
1025 1736 1105 1780 ex
1172 1714 1397 1781 eadem
1461 1713 1809 1795 sententia,

244 1848 458 1913 quam
491 1828 767 1896 aliorum
816 1830 1079 1898 nomine
1144 1831 1322 1910 citat,
1398 1844 1593 1919 negat
1660 1829 1815 1916 Epi-

244 1965 535 2032 scopum
585 1946 1009 2035 degradatum
1044 1969 1236 2035 posse
1267 1947 1661 2014 confirmare
1704 1967 1816 2013 va·

244 2061 413 2143 lide,
470 2062 618 2152 quia
677 2064 886 2131 ablata
949 2075 1048 2131 est
1133 2065 1192 2130 ei
1260 2064 1475 2131 omnis
1537 2062 1810 2151 jurisdi-

245 2177 415 2259 cti0,
463 2179 527 2245 in
587 2201 714 2267 qua
756 2180 1061 2248 fundatur
1130 2181 1310 2247 valor
1376 2181 1527 2247 talis
1600 2193 1809 2247 actus.

249 2299 357 2362 Ex
414 2295 535 2361 hac
564 2297 887 2363 sententia
935 2318 1048 2364 seu
1106 2297 1295 2364 modo
1361 2296 1616 2363 dicendi
1694 2297 1816 2365 ali-

256 2433 483 2492 orum,
512 2414 776 2500 sequela
806 2414 1113 2502 opinandi
1146 2419 1380 2481 Doctor
1412 2427 1586 2481 recte
1616 2414 1816 2481 addu-

253 2529 354 2596 cit
397 2529 580 2596 illum
623 2532 884 2596 modum
934 2532 1298 2617 explicandi
1338 2555 1352 2610 ;
1409 2553 1555 2598 nam
1640 2532 1812 2612 datu,

253 2643 439 2732 quod
478 2647 814 2713 character
871 2647 957 2713 sit
991 2646 1160 2714 idem
1220 2647 1283 2712 in
1328 2649 1713 2733 Presbytero
1754 2660 1818 2715 et

253 2762 610 2849 EpiscopO,
654 2773 720 2829 et
774 2762 910 2829 sola
969 2762 1334 2830 differentia
1397 2763 1483 2830 sit
1567 2764 1818 2831 ratione

245 2879 740 2964 jurisdictionis
768 2880 1024 2948 collatae
1064 2902 1100 2948 a
1137 2880 1395 2947 Vicario
1451 2882 1697 2948 Christi
1749 2878 1819 2949 in

248 2995 490 3062 ordine
520 2999 596 3062 ad
639 3009 853 3063 actum
886 2997 1343 3078 confirmandi,
1384 2996 1547 3064 bene
1601 2999 1819 3086 sequi-

250 3123 365 3180 tur
396 3112 570 3202 quad
602 3113 1018 3181 concedendo
1048 3114 1339 3181 eamdem
1365 3114 1813 3181 auctoritatem

250 3231 544 3318 simplici
585 3232 945 3313 Sacerdoti,
994 3231 1199 3313 lieret,
1237 3233 1447 3321 quoad
1492 3233 1674 3300 illum
1714 3254 1816 3299 ac·

254 3360 402 3415 tum
433 3349 819 3436 EpiscopuS,
858 3348 921 3415 id
952 3362 1074 3431 est,
1105 3349 1632 3437 jurisdictionem
1665 3351 1815 3436 Epi-

254 3465 893 3553 scopalemhabens,
961 3465 1110 3532 licet
1187 3486 1315 3532 non
1377 3466 1805 3545 ordinariam,

262 3583 382 3650 sed
414 3582 805 3671 delegatam.

360 3700 545 3766 Hunc
587 3698 850 3765 modum
892 3698 1263 3785 explicandi
1324 3698 1815 3766 concessionem

267 3815 593 3902 Gregorii,
650 3818 869 3897 Sotus,
953 3827 1023 3882 ut
1088 3815 1424 3902 proprium
1525 3816 1820 3883 Doctoris

84 3927 240 4027 {ffir-
267 3932 447 4011 citat,
493 3944 558 3998 et
598 3944 742 4019 post
782 3952 930 3997 eum
964 3933 1246 4010 Suarez;
1300 3944 1365 3996 et
1396 3931 1811 4018 impugnant,

84 4045 212 4090 'mm'
267 4048 424 4135 quia
465 4047 762 4114 Pontifex
806 4068 932 4114 non
968 4058 1175 4135 potest
1205 4046 1507 4113 ordinare
1555 4046 1815 4136 Episco-

84 4113 153 4149 >Pe

83 4118 233 4232 :umm'
271 4184 393 4249 pos
433 4164 757 4230 absentes.
805 4163 1125 4241 Secunde,
1172 4162 1326 4251 quia
1408 4183 1535 4229 non
1603 4176 1816 4251 potest

83 4240 241 4278 Μεθ’
268 4280 574 4346 ordinare
606 4300 717 4345 eos
751 4278 830 4344 ad
873 4299 1075 4345 unum
1108 4278 1436 4358 effectum,
1490 4291 1553 4345 et
1578 4301 1703 4346 non
1736 4281 1815 4348 ad

268 4417 524 4476 omnes,
563 4396 711 4484 quia
753 4394 848 4461 sic
877 4406 1097 4461 essent
1150 4395 1428 4461 ordinati
1461 4396 1815 4483 semi-Epi-

268 4512 477 4600 scopi,
538 4512 651 4579 sed
696 4532 822 4578 non
857 4512 1093 4579 mirum
1138 4513 1191 4579 si
1242 4513 1485 4579 erravit
1520 4516 1715 4581 Sotus
1749 4513 1811 4579 in

268 4642 486 4696 mente
521 4630 837 4710 DoctoriS,
865 4649 1014 4695 cum
1049 4628 1366 4695 erraverit
1390 4629 1453 4695 in
1481 4629 1811 4718 inscripti-

266 4765 394 4811 one
453 4745 627 4812 illius
691 4744 959 4826 decreti,
1033 4744 1203 4833 quod
1289 4744 1442 4811 citat
1507 4758 1811 4834 tanquam

269 4861 585 4949 scriptum
619 4863 696 4930 ad
736 4862 1115 4930 Ianuarium
1156 4862 1812 4950 Constantinopolita-

270 4998 454 5059 num,
500 4990 563 5045 et
593 4978 990 5066 Episcopum
1034 4979 1429 5047 Graecanicae
1476 4979 1807 5062 Ecclesiae,

270 5115 389 5161 nec
421 5106 521 5161 est
568 5096 740 5183 quod
800 5108 1128 5184 vagentur
1204 5094 1678 5163 hallucinantes
1735 5095 1814 5162 ad

270 5222 557 5276 mentem
610 5211 900 5277 Doctoris
943 5234 956 5290 ;
1002 5211 1248 5278 clarum
1318 5209 1492 5277 enim
1570 5222 1669 5277 est
1736 5232 1813 5277 ex

264 5337 452 5392 textu
500 5347 649 5393 eum
713 5326 888 5414 loqui
939 5328 1018 5394 de
1051 5326 1511 5415 jurisdictione
1550 5326 1815 5413 Episco-

269 5441 396 5528 pali
457 5452 520 5508 et
584 5464 664 5508 ex
727 5453 943 5509 mente
995 5442 1297 5523 aliorum,
1362 5441 1570 5530 quoad
1630 5442 1812 5508 illum

267 5567 520 5625 tantum
553 5569 793 5626 actum.
833 5557 1016 5626 Unde
1052 5558 1315 5647 subjicit
1349 5581 1363 5625 :
1420 5579 1555 5624 non
1594 5568 1815 5624 tamen

128 735 133 768 l

89 3864 161 3899 US.

3387 391 3505 453 685

1935 551 2348 633 conferendo
2386 553 2516 618 sibi
2552 556 2956 641 simpliciter
2991 553 3278 641 yradum
3317 554 3486 640 Epi-

1923 667 2272 752 scopalem,
2303 689 2418 733 nec
2442 681 2769 755 quantum
2809 669 2899 735 ad
2930 670 3102 735 alios
3131 678 3475 744 actus,etc.

1924 782 2147 848 Dando
2187 785 2363 850 hunc
2412 798 2629 851 actum
2676 785 3041 852 consistere
3084 784 3147 851 in
3198 783 3476 871 jurisdi-

1925 895 2164 977 ctione,
2201 910 2263 963 et
2307 919 2433 965 non
2486 900 2549 966 in
2601 899 2830 966 ordine
2902 900 3220 987 proxime,
3295 898 3482 965 facile

1926 1026 2025 1081 est
2081 1013 2381 1081 invenire
2441 1015 2880 1084 differentiam
2951 1018 3122 1083 inter
3196 1015 3474 1102 gradum

1924 1131 2373 1219 Episcopalem
2451 1134 2859 1220 simpliciter,
2949 1147 3012 1201 et
3080 1146 3470 1222 potestatem

1924 1243 2287 1332 delegatam
2327 1246 2405 1312 ad
2464 1247 2749 1336 aliquem
2789 1261 3005 1316 aetum
3066 1248 3469 1315 determina-

1930 1370 2101 1427 turn.

2017 1477 2320 1544 Doctrina
2364 1495 2582 1546 tamen
2652 1480 2715 1546 in
2786 1502 2912 1569 qua
2990 1481 3299 1549 fundatur
3364 1481 3472 1547 hic

3547 1493 3792 1605 Doc518rina

1926 1593 2156 1660 modus
2195 1593 2554 1680 explicandi
2616 1597 3107 1665 concessionem
3145 1597 3467 1684 Gregorii,
3525 1617 3808 1689 respopsio-

3636 1695 3714 1729 ms

1923 1707 2069 1774 licet
2099 1711 2532 1797 quorumdam
2586 1711 2669 1777 sit
2728 1714 3254 1792 Canonistarum,
3341 1733 3469 1779 non
3525 1741 3802 1808 praemissae

1922 1837 2020 1890 est
2057 1845 2237 1905 vera,
2278 1848 2488 1915 neque
2527 1829 2803 1896 tenenda
2837 1842 2981 1916 post
3016 1831 3469 1898 Tridentinum

1924 1961 2078 2009 sess.
2124 1946 2239 2008 23.
2292 1965 2440 2030 cap.
2509 1949 2572 2010 4.
2618 1949 3056 2014 Sacrosancta
3151 1948 3465 2034 Synodus

1924 2058 2222 2126 declarat
2274 2072 2521 2147 proeter
2613 2074 2879 2129 caeteros
2979 2065 3477 2132 Ecclesiasticos

1924 2177 2198 2265 yradus,
2260 2180 2640 2265 EpiscopOS,
2698 2183 2814 2266 qui
2879 2181 2953 2246 in
3009 2183 3475 2268 Apostolorum

1929 2296 2140 2360 locum
2204 2306 2650 2362 successerunt
2725 2296 2814 2362 ad
2862 2299 3035 2363 hunc
3100 2300 3479 2366 hierarchi-

1928 2432 2074 2476 cum
2142 2411 2472 2491 ordinem,
2546 2424 2669 2479 ete.
2749 2435 2979 2501 eosque
3067 2415 3483 2502 Presbyteris

1923 2528 2301 2612 superiores
2331 2547 2486 2606 esse,
2534 2549 2613 2593 ac
2662 2529 3173 2594 Sacramentum
3231 2531 3478 2613 confir·

1928 2642 2242 2707 motionis
2274 2645 2600 2726 conferre,
2647 2644 2992 2709 ministros
3031 2644 3341 2710 Ecclesiae
3371 2665 3478 2709 or-

1927 2757 2191 2838 dinare,
2232 2773 2354 2825 eto.
2392 2781 2673 2846 quarum
2703 2761 3128 2844 functionum
3193 2772 3478 2848 potesta-

1940 2887 2065 2941 tem
2137 2877 2385 2963 reliqui
2451 2879 2805 2960 inferioris
2868 2876 3132 2943 ordinis
3221 2879 3478 2943 nullam

1929 2991 2332 3067 habent,etc.
2383 2991 2559 3056 Idem
2596 2990 2789 3058 habet
2819 3014 2967 3057 can.
3016 2996 3078 3058 Ἴ.
3150 2991 3229 3058 de
3261 3004 3478 3060 aucto·

1931 3106 2143 3187 ritate,
2194 3127 2386 3195 quam
2419 3105 2661 3174 habent
2707 3107 3009 3196 Episcopi
3062 3108 3308 3175 ratione
3376 3109 3476 3176 sui

1929 3223 2204 3306 ordiniS,
2255 3235 2326 3291 ut
2390 3225 2763 3312 superiores
2830 3242 2980 3292 sunt
3045 3228 3475 3314 presbyteris,

1931 3340 2220 3429 loquitur
2278 3341 2661 3422 Concilium,
2721 3342 2908 3428 juxta
2975 3342 3475 3410 declarationem

1930 3456 2350 3544 antiquorum
2444 3461 2779 3525 Canonum
2886 3481 2961 3525 ex
3072 3458 3483 3526 institutione

1928 3572 2168 3639 Christi
2202 3596 2217 3651 ;
2253 3585 2316 3639 et
2354 3575 2747 3660 comparatio
2806 3586 2905 3640 est
2966 3574 3133 3640 inter
3192 3575 3371 3661 ipsos
3416 3587 3483 3643 et

1929 3687 2355 3773 Presbyteros
2420 3689 2776 3775 simplices,
2843 3700 3159 3777 quantum
3244 3690 3322 3757 ad
3374 3690 3461 3768 id,

1927 3803 2098 3892 quod
2143 3805 2399 3891 utrique
2457 3826 2537 3872 ex
2598 3807 2857 3893 propria
2922 3807 3333 3874 ordinatione
3382 3820 3484 3875 est

1931 3921 2291 4008 proprium.

2016 4040 2109 4103 Ex
2150 4038 2254 4105 his
2312 4051 2591 4126 quatuor
2640 4038 2852 4105 modis
2913 4039 3282 4127 explicandi
3317 4062 3476 4108 con-

1928 4156 2292 4223 cessionem
2375 4157 2694 4244 Gregorii,
2805 4179 3083 4246 quorum
3193 4159 3470 4246 quilibet

1928 4273 2209 4340 sustinet
2240 4272 2445 4360 ipsam
2484 4275 3000 4355 concessionem,
3048 4285 3119 4339 ut
3158 4275 3471 4356 validam,

1924 4401 1987 4457 et
2018 4412 2098 4456 ex
2141 4388 2281 4476 ipsa
2310 4389 2677 4476 objectione
2718 4390 2879 4457 facta
2914 4411 2949 4458 a
2983 4396 3283 4472 Doctore,
3327 4414 3479 4481 quae

1927 4528 2055 4574 non
2087 4519 2187 4573 est
2229 4520 2453 4574 contra
2490 4508 2978 4577 concessionem
3018 4561 3030 4589 ,
3074 4509 3187 4576 sed
3222 4530 3296 4576 ex
3339 4510 3480 4597 ipsa

1926 4624 2373 4709 concessione,
2416 4624 2748 4711 probando
2821 4624 3185 4711 simplicem
3253 4628 3480 4694 Sacer-

1922 4742 2137 4808 dotem
2171 4762 2363 4829 posse
2404 4741 2818 4822 confirmare,
2874 4744 3232 4810 secundum
3296 4744 3472 4811 illam

1927 4860 2309 4947 particulam
2332 4859 2732 4928 delinitionis
2764 4861 2844 4928 de
2876 4861 3177 4929 ministro
3210 4861 3470 4946 idonee,

1924 4996 2118 5064 quem
2188 4977 2355 5043 infra
2431 4976 2713 5044 declarat
2807 4999 2953 5044 esse
3044 4978 3470 5066 Episcopum,

1926 5114 2160 5179 nempe
2199 5094 2601 5161 ordinarium
2666 5094 3063 5175 ministrum,
3138 5096 3240 5162 vel
3310 5118 3459 5164 eum

1921 5210 2025 5276 cui
2067 5210 2388 5276 committi
2447 5211 2706 5298 poterit,
2744 5231 2979 5298 nempe
3019 5211 3462 5293 Sacerdotem,

1921 5348 2001 5393 ex
2042 5326 2503 5393 commissione
2534 5349 2646 5394 seu
2679 5327 3298 5415 dispensatione.Ex
3332 5329 3461 5411 his,

1924 5444 2211 5531 inquam,
2254 5444 2412 5511 satis
2445 5444 2774 5532 colligitur
2805 5466 2924 5512 nec
2954 5450 3290 5513 Doctorem
3323 5467 3471 5513 esse

1924 5559 2197 5627 dubium
2266 5560 2331 5628 in
2382 5561 2502 5628 hac
2540 5561 2885 5642 sententia,
2942 5581 3154 5649 neque
3224 5562 3470 5631 sentire

3535 1804 3799 1855 refellitur.

3543 1865 3780 1918 Trident.
