4255 6375
740 411 859 478 334

734 576 1170 652 institutus
1241 578 1322 651 in
1411 578 1590 670 lege
1688 579 1834 652 illa
1890 578 2285 670 legitime.

824 694 1154 775 Quando
1206 698 1479 768 tamen
1521 696 1620 786 (b)
1659 696 1925 788 primo
1973 695 2123 768 fuit
2171 695 2291 767 in·

1941 462 1950 473 .
1979 418 2115 484 LIB.
2150 417 2248 481 lv.
2278 415 2871 482 SENTENTIARUM

2371 577 2648 673 tione,
2730 578 2916 669 quia
2992 576 3153 651 ista
3202 581 3328 651 est
3383 576 3516 649 lex
3563 574 3927 648 veritatis

2399 713 2807 766 evacuans
2853 693 3255 765 umbram.
3325 696 3425 767 Et
3465 691 3738 765 debuit
3776 711 3931 763 esse
4052 776 4053 781 Ἰ

734 811 1102 893 31110103,
1146 811 1474 884 dubium
1522 816 1672 895 est,
1736 832 1898 884 non
1967 811 2286 904 quidem
2399 810 2828 902 copiosum
2863 809 2942 881 in
2983 811 3215 885 ratiae
3255 808 3730 892 collatione,
3771 808 3934 899 quia

732 926 1044 1015 quando
1132 926 1506 1001 Christus
1593 928 2161 1021 baptizabatur
2245 947 2292 998 a

729 1040 1065 1123 Joanne,
1112 1044 1299 1135 quia
1348 1045 1482 1118 ille
1534 1065 1693 1118 non
1752 1044 1903 1118 fuit
1977 1045 2293 1138 Baptis-

733 1179 910 1230 mus
945 1159 1281 1243 Christi,
1321 1160 1394 1234 id
1452 1166 1605 1242 est,
1642 1161 1724 1234 in
1757 1160 2023 1234 forma
2055 1162 2282 1236 Chri·

732 1275 864 1354 sti,
913 1276 1045 1350 sed
1105 1277 1186 1349 in
1244 1276 1514 1351 forma
1557 1278 1944 1360 Joannis;
2016 1284 2290 1352 tamen

734 1387 1112 1464 Christus
1207 1392 1606 1467 dedicavit
1699 1399 1888 1469 tunc
1991 1413 2285 1485 aquam

736 1509 1124 1600 tanquam
1205 1510 1640 1585 materiam
1723 1511 2089 1584 idoneam
2143 1530 2290 1582 suo

735 1623 1186 1718 Baptismo,
1233 1647 1330 1699 ex
1373 1631 1761 1703 contactu
1842 1647 2007 1699 suae
2071 1647 2294 1698 mun-

735 1740 1090 1813 dissimae
1123 1743 1426 1824 carnis,
1466 1744 1652 1834 quia
1694 1742 1777 1815 in
1809 1742 2292 1833 legislatore

738 1855 1275 1931 confirmatus
1309 1862 1434 1932 est
1475 1879 1669 1931 usus
1729 1878 1983 1950 aquae,
2022 1859 2097 1930 id
2137 1862 2288 1938 est,

733 1975 823 2044 ut
867 1973 1439 2048 ministerium.
1517 1976 1682 2047 Nec
1724 1975 1972 2049 etiam
2018 1974 2098 2047 in
2150 1974 2289 2047 illo

733 2090 975 2164 verbo
1027 2093 1267 2163 Joan.
1347 2094 1413 2163 3.
1495 2092 1710 2167 dicto
1789 2091 2288 2165 Nicodemo:

731 2208 885 2275 Nisi
932 2211 1105 2295 quis,
1187 2211 1338 2281 etc.
1407 2207 1597 2299 quia
1639 2227 1800 2280 non
1847 2211 1974 2281 631
2015 2206 2293 2279 verisi-

735 2319 924 2394 mile
966 2325 1135 2394 tam
1178 2323 1739 2396 necessarium
1811 2326 2293 2396 Sacramen-

734 2442 911 2512 tum
969 2437 1050 2509 in
1101 2439 1475 2512 conclavi
1557 2459 1839 2512 coram
1941 2458 2331 2532 persona·

739 2555 1064 2648 privata
1140 2555 1483 2638 institui,
1555 2577 1729 2649 quae
1790 2576 1950 2629 non
2022 2555 2294 2629 debuit

737 2693 917 2745 esse
968 2692 1237 2765 praeco
1274 2671 1818 2747 institutionis
1861 2672 2108 2745 illius.
2146 2673 2293 2744 Ne-

743 2809 895 2880 que
978 2789 1228 2863 etiam
1319 2788 1854 2864 differebatur
1940 2788 2289 2871 institui,

744 2926 998 2998 usque
1102 2908 1198 2979 ad
1320 2911 1640 3002 tempus
1760 2906 2289 2987 ascensionis,

740 3027 976 3095 Manli.
1038 3030 1296 3108 ultimo,
1372 3046 1560 3098 nam
1639 3026 2016 3120 discipuli
2068 3024 2297 3100 Chri-

742 3140 848 3213 sti
881 3145 1069 3216 ante
1102 3141 1562 3235 passionem
1596 3142 2116 3236 baptizabant
2151 3143 2295 3214 Ba·

742 3258 1044 3349 ptismo
1139 3258 1473 3334 Christi.
1577 3261 1810 3333 Joan.
1874 3263 1941 3334 3.
2013 3259 2295 3335 dicunt

737 3374 1114 3468 discipuli
1173 3375 1514 3448 Joannis
1552 3376 1646 3448 ad
1712 3376 2035 3470 ipsum:
2092 3379 2299 3444 Rabbi

747 3495 857 3559 cui
940 3496 1390 3561 testimonium
1451 3496 1879 3580 perhibuisti,
1967 3517 2108 3561 ecce
2156 3498 2298 3582 ipse

748 3609 1068 3696 baptizat,
1142 3622 1203 3676 et
1269 3632 1491 3676 omues
1524 3614 1798 3677 veniunt
1847 3612 1937 3678 ad
1977 3634 2120 3678 eum
2151 3636 2176 3692 ,·
2216 3613 2297 3682 et

748 3720 1119 3813 sequitur
1156 3742 1330 3815 cap.
1379 3723 1748 3814 sequenti
1795 3749 1809 3793 ε
1884 3728 2299 3812 Quamquam

742 3839 939 3908 Jesus
996 3861 1127 3906 non
1161 3841 1557 3929 baptizaret,
1592 3841 1709 3908 sed
1767 3843 2087 3929 discipuli
2126 3845 2292 3930 ejus.

746 3951 1281 4042 convincitur
1315 3972 1515 4045 ergo
1595 3959 1913 4047 tempus
1974 3955 2296 4029 institu-

745 4069 999 4143 tionis
1055 4069 1309 4142 fuisse
1394 4076 1583 4145 ante
1662 4071 1857 4144 illud
1946 4075 2294 4164 tempus,

748 4206 904 4279 quo
978 4186 1308 4279 dicipuli
1377 4186 1686 4262 Christi
1743 4187 2294 4279 baptizabant,

745 4302 938 4377 11061
1026 4305 1366 4397 praecise
1445 4304 1652 4378 hora
1740 4304 2297 4379 institutionis

745 4438 910 4491 non
963 4416 1293 4511 legatur
1325 4420 1407 4492 in
1446 4419 1917 4512 Evangelio.

842 4530 1065 4604 Istud
1107 4533 1355 4606 etiam
1408 4534 1925 4627 suppositum
1976 4537 2101 4606 est
2173 4551 2303 4604 ra-

750 4648 1161 4732 tionabile,
1210 4649 1397 4742 quia
1422 4654 2039 4725 Sacramentum
2077 4649 2301 4742 prin-

748 4766 1010 4859 cipale
1070 4765 1272 4858 legis
1325 4766 1858 4859 Evangelicae,
1898 4787 2045 4859 per
2094 4767 2301 4857 quod

751 4881 1065 4956 30111061
1113 4881 1476 4956 intratur
1528 4882 1606 4954 in
1657 4883 1830 4975 ejus
1866 4883 2302 4954 observan-

752 4999 978 5083 tiam,
1039 4999 1310 5074 debuit
1366 5021 1544 5073 esse
1605 5021 1903 5073 novum
1979 5003 2061 5073 et
2120 5018 2302 5092 pro·

754 5115 1024 5209 prium
1068 5115 1188 5188 illi
1228 5117 1412 5209 legi,
1448 5122 1537 5191 ut
1581 5117 1808 5210 prius
1840 5116 2142 5189 dictum
2177 5117 2300 5186 est

751 5233 834 5305 111
902 5232 1348 5325 quaestione
1416 5234 1507 5307 de
1568 5232 2087 5308 institutione
2170 5234 2302 5306 Sa·

750 5350 1151 5425 oramenti
1186 5351 1267 5424 in
1300 5350 1736 5432 communi,
1781 5349 2303 5423 distinctione

750 5467 1044 5560 prima.
1090 5467 1379 5542 Debuit
1438 5465 1688 5541 etiam
1757 5465 1970 5539 istud
2012 5468 2303 5539 Sacra·

747 5587 1116 5667 mentum
1174 5604 1353 5668 esse
1406 5584 1729 5658 evidens
1774 5584 1859 5657 in
1889 5581 2302 5674 significa-

2405 925 2574 999 haec
2617 931 2740 999 est
2775 928 2906 999 lex
2932 925 3250 1017 gratiae,
3277 928 3512 999 Joan.
3539 930 3596 995 1.
3629 927 3861 993 Gratia
3886 939 3932 990 ec

2404 1049 2655 1113 veritas
2670 1068 2802 1133 -per
2857 1049 3075 1113 Iesum
3139 1048 3483 1113 Christum
3562 1048 3759 1131 facta
3836 1054 3930 1108 cst.

2403 1159 2696 1234 Debuit
2718 1159 2970 1234 etiam
2989 1180 3169 1233 esse
3201 1157 3466 1238 facile,
3505 1158 3704 1250 quia
3724 1163 3933 1245 juyum

2410 1279 2665 1345 Christi
2736 1300 2937 1345 suave
3002 1290 3114 1358 est,
3197 1289 3257 1343 et
3340 1299 3509 1344 onus
3582 1280 3735 1363 ejus
3800 1276 3933 1351 leve,

2408 1391 2699 1466 Matth.
2754 1397 2864 1465 11.

2497 1511 2701 1583 Item
2738 1509 3008 1584 debuit
3067 1529 3244 1581 esse
3277 1528 3741 1587 commune,
3778 1506 3940 1598 quia

2405 1625 2621 1697 Deus
2681 1626 2776 1698 ad
2807 1626 3067 1717 legem
3123 1626 3389 1717 Moysi
3427 1624 3687 1715 elegit
3721 1643 3942 1695 unum

2410 1743 2796 1835 populum
2864 1746 3212 1822 tantum,
3289 1743 3417 1815 sed
3497 1742 3595 1814 ad
3669 1759 3943 1812 novam

2407 1859 2670 1950 legem
2721 1863 2988 1935 totum
3032 1860 3414 1933 mundum
3490 1884 3504 1927 ε
3558 1861 3643 1926 In
3712 1881 3943 1925 omnem

2408 1989 2656 2046 terram
2695 1981 2925 2060 eaeivit,
2973 1982 3125 2052 etc.
3204 1978 3389 2049 Haeo
3430 1978 3800 2068 quatuor
3848 1973 3945 2044 in-

2403 2094 2845 2166 veniuntur
2886 2093 2967 2165 in
3002 2112 3185 2177 un0‚
3243 2092 3554 2166 scilicet
3611 2089 3946 2179 inablu-

2409 2210 2632 2283 tione
2699 2229 2881 2283 00111
2961 2209 3261 2291 verbis,
3344 2208 3534 2300 quia
3598 2208 3758 2280 1100
3815 2206 3947 2280 evi·

2405 2326 2687 2401 denter
2712 2326 3116 2418 significat
3150 2326 3767 2399 mundationem
3808 2322 3949 2394 ani-

2410 2462 2585 2524 mae,
2643 2465 2817 2536 quae
2875 2448 2998 2516 est
3058 2442 3401 2517 effectus
3441 2438 3940 2536 principalis,

2407 2565 2487 2634 et
2542 2561 2679 2634 dat
2745 2560 3104 2653 gratiam
3174 2560 3519 2654 copiose.
3589 2557 3820 2630 Unde
3887 2560 3946 2623 in

2408 2680 2665 2747 Psalm.
2752 2675 3054 2749 dicitur
3150 2694 3360 2769 aqua
3438 2672 3940 2748 refectionis:

2408 2806 2625 2890 Super
2689 2825 2931 2891 aquam
2994 2803 3383 2888 resectionis
3447 2802 3771 2868 educavit
3822 2820 3935 2863 me.
3968 2807 4068 2856 Μ

2410 2920 2554 2989 Ε31
2655 2922 2735 2990 61
2794 2916 3089 2998 facilis,
3183 2917 3370 3009 quia
3433 2914 3666 2988 nullo
3735 2910 3947 2985 modo

2413 3033 2899 3127 periculosa,
2946 3033 3158 3107 sicut
3197 3031 3353 3107 fuit
3389 3029 3947 3107 circumcisio.

2411 3153 2507 3222 et·
2556 3149 3014 3224 communis
3053 3147 3272 3223 omni
3323 3149 3551 3223 sexui
3592 3152 3679 3225 et
3711 3145 3946 3222 aetati.

4066 3110 4069 3161 Ι

2858 3400 3516 3467 COMMENTARIUS.

2501 3596 2589 3686 (a)
2643 3597 2773 3665 Ista
2833 3599 3107 3684 quoestio
3171 3598 3489 3685 supponit
3542 3597 3947 3684 Baptismum

2410 3715 2788 3780 institutum
2814 3715 3027 3798 fuisse
3068 3716 3143 3780 in
3191 3715 3329 3801 leqe
3358 3735 3549 3793 nova,
3626 3714 3807 3800 quod
3853 3734 3949 3779 ve·

2409 3851 2560 3896 rum
2600 3842 2719 3909 est,
2765 3844 2888 3901 610.
2962 3831 3278 3898 Definitur
3325 3832 3392 3897 in
3452 3830 3831 3898 Florentino
3892 3830 3948 3894 111

2411 3950 2681 4015 Decreto
2714 3948 2996 4028 01110013,
3042 3962 3106 4015 61
3157 3949 3220 4015 111
3257 3948 3639 4016 Tridentino
3676 3969 3835 4016 sess.
3877 3952 3937 4014 7.

2406 4062 2490 4129 de
2530 4063 2966 4130 Sacramentis
3005 4063 3070 4130 in
3120 4084 3363 4150 genere
3401 4085 3657 4130 canone
3686 4066 3935 4151 primo:

2413 4181 2743 4267 colligitur
2791 4181 3086 4246 Maethaei
3126 4186 3190 4247 3.
3236 4183 3436 4247 Lucae
3466 4187 3530 4248 3.
3565 4183 3858 4247 Ioannis
3890 4184 3941 4243 1.
4052 4237 4061 4246 .

2411 4296 2625 4362 Marci
2656 4301 2717 4363 1.
2753 4318 2835 4363 ex
2874 4297 2956 4362 iis
3004 4318 3153 4384 quae
3190 4301 3467 4365 loannes
3507 4298 3590 4364 de
3631 4298 3944 4385 Baptismo

2411 4413 2648 4480 Christi
2709 4414 2949 4497 docuit,
3015 4413 3363 4480 accedente
3420 4414 3944 4500 interpretatione

2412 4529 2718 4597 Ecclesia}
2749 4541 2813 4596 et
2845 4534 3131 4598 Patrum.
3165 4532 3350 4608 116111,
3386 4531 3670 4597 Ioannis
3701 4535 3766 4596 3.
3801 4542 3858 4595 et
3883 4534 3937 4593 4.

2413 4644 2710 4712 Matthaei
2744 4646 3004 4726 ultimO,
3078 4665 3157 4710 ex
3199 4646 3400 4711 variis
3457 4644 3621 4712 10013
3652 4653 3938 4712 Actorum

2413 4762 2871 4848 Apostolorum
2912 4774 2975 4828 61
3013 4761 3435 4848 epistolarum
3468 4761 3678 4842 Pauli,
3716 4762 3782 4828 in
3818 4760 3940 4847 qui·

2415 4882 2535 4948 bus
2592 4878 2960 4945 ostenditur
3027 4879 3378 4946 necessitas
3438 4889 3505 4944 61
3553 4878 3806 4945 fructus
3842 4879 3937 4942 Ba·

2418 4994 2665 5083 ptismi.
3924 5007 3927 5008 ’

2502 5112 2597 5200 (b)
2635 5111 2916 5188 Quando
2948 5122 3186 5192 tamen,
3223 5123 3346 5177 etc.
3394 5114 3509 5178 Hic
3556 5112 3770 5198 tangit
3803 5127 4027 5237 con·Non

2415 5226 2802 5294 troversiam
2835 5226 3011 5293 illam
3055 5247 3135 5292 an
3178 5226 3369 5293 fuerit
3408 5226 3754 5294 institutus
3804 5237 3929 5292 ante
3966 5248 3974 5255 ·
4033 5241 4039 5248 ’

2414 5345 2517 5411 vel
2552 5357 2697 5432 post
2729 5343 3099 5431 passionem
3138 5343 3428 5410 Christi?
3459 5348 3718 5412 Partem
3758 5363 3925 5430 nega·
3959 5369 4057 5434 pq

2414 5462 2644 5542 uvam,
2679 5461 2924 5528 30111061
2955 5479 3083 5526 11011
3142 5459 3345 5527 fuisse
3370 5460 3745 5528 institutum
3799 5473 3923 5526 ante
3944 5438 4011 5544 ut„

2416 5579 2823 5668 passionem,
2886 5575 3225 5667 expresse
3281 5577 3468 5647 docet
3563 5583 3691 5646 Leo
3761 5580 3920 5671 Papa

4012 3811 4043 3856 111
