4255 6375
444 3678 527 3728 Ad
555 3651 674 3742 arg.
711 3677 759 3733 1,

783 301 902 362 504

777 458 1399 551 dispositionem
1524 483 1754 536 suam
1871 463 2323 556 propriam,

780 575 932 648 hoc
976 597 1135 649 non
1199 578 1493 661 obstat,
1554 580 1741 671 quia
1812 581 2013 654 satis
2060 583 2329 673 potest

778 712 1019 766 nosse
1060 693 1777 777 certitudinaliter,
1815 697 2027 769 sicut
2071 698 2329 789 requi-

783 810 999 883 ritur
1047 812 1477 895 certitudo,
1545 816 1748 905 quod
1823 815 2166 907 ipsemet
2222 815 2330 887 in-

781 928 1045 1010 tendit,
1068 928 1432 1021 recipere
1483 930 2018 1022 Baptismum.
2063 937 2145 1005 et
2177 931 2329 1004 hoc

783 1041 1084 1118 sufficit
1124 1068 1214 1118 ex
1250 1053 1483 1140 parte
1526 1047 1726 1139 ejus

871 1160 953 1233 Si
1021 1162 1238 1234 dIcas
1327 1164 1532 1255 quod
1593 1184 1752 1237 non
1826 1169 2093 1257 potest
2153 1187 2331 1238 esse

782 1284 1058 1352 certus
1090 1280 1180 1352 de
1242 1282 1688 1356 intentione
1747 1283 2133 1367 ministri,
2180 1285 2331 1360 hoc

781 1418 941 1469 non
987 1397 1280 1481 obstat,
1319 1399 2083 1492 quiaprobabiliter
2136 1424 2333 1496 prae-

784 1514 996 1586 sumi
1040 1518 1334 1606 potest,
1409 1516 1615 1608 quod
1666 1518 2024 1591 ministri
2086 1520 2333 1594 talem

781 1632 1053 1700 actum
1130 1635 1628 1713 exercentes,
1705 1631 2122 1709 intendant
2220 1635 2335 1707 fa-

783 1767 968 1819 cere
1028 1747 1248 1831 illud,
1332 1747 1425 1818 ad
1497 1750 1700 1840 quod
1763 1757 1994 1825 actus
2061 1774 2336 1826 socun-

783 1860 969 1932 dum
1043 1885 1126 1935 se
1216 1862 1636 1937 ordinatus
1733 1870 1882 1947 est,
1980 1867 2114 1938 sed
2177 1888 2337 1939 non

787 1983 903 2055 ita
1000 1986 1276 2072 posset
1375 1982 1656 2055 haberi
1764 1984 2170 2058 certitudo
2247 1986 2337 2058 de

785 2097 1150 2171 bonitate
1239 2097 1364 2170 vel
1443 2099 1882 2174 sanctitate
1946 2100 2333 2175 ministri.

880 2216 1296 2289 Praeterea
1362 2237 1461 2287 ex
1528 2221 1763 2308 parte
1816 2218 2338 2310 suscipientis

786 2335 912 2404 est
937 2331 1501 2421 congruentia,
1551 2333 1738 2424 quia
1773 2334 2100 2407 omnino
2138 2335 2337 2428 inju-

789 2453 1006 2521 stum
1073 2454 1222 2531 est,
1278 2449 1630 2523 alterurn
1695 2470 1842 2543 pro
1906 2451 2337 2545 iniquitate

786 2563 1128 2636 alterius
1183 2564 1478 2657 puniri,
1554 2566 1867 2658 quando
1928 2566 2066 2640 ille
2125 2568 2341 2643 alter

788 2680 1008 2752 nullo
1074 2682 1305 2754 modo
1338 2683 1887 2756 communicat
1923 2684 2336 2777 iniquitati

789 2797 1034 2881 illius,
1081 2799 1198 2873 ita
1261 2801 1347 2871 ut
1406 2801 1663 2892 possit
1709 2800 1858 2874 sibi
1897 2801 2333 2895 imputari;

791 2914 925 2985 sed
1005 2914 1140 2986 ille
1221 2915 2178 3012 baptizandus‘disponit
2254 2943 2352 2994 se·

789 3029 886 3101 ad
963 3032 1322 3122 gratiam
1420 3039 1808 3125 quantum
1882 3042 2193 3129 potest;
2270 3040 2337 3112 si

788 3166 988 3240 ergo
1062 3150 1377 3225 malitia
1441 3152 1800 3226 ministri
1881 3154 2332 3247 impediret,

791 3267 924 3339 ille
1033 3268 1466 3359 puniretur
1573 3276 1913 3364 propter
2009 3273 2334 3366 culpam

790 3382 1165 3467 alienam,
1252 3385 1474 3457 nullo
1549 3386 1781 3459 modo
1862 3388 2013 3459 sibi
2076 3388 2334 3479 impu-

788 3499 1140 3571 tandam.

881 3616 993 3689 Ad
1036 3616 1390 3710 primum
1432 3638 1631 3709 ergo
1683 3618 1884 3700 dico,
1930 3621 2135 3713 quod
2197 3628 2335 3698 aut

790 3734 1223 3809 haereticus
1318 3735 1678 3828 baptizat
1754 3739 2187 3829 parvulum
2256 3741 2336 3813 in

790 3855 1060 3927 forma
1121 3855 1200 3925 et
1272 3852 1720 3927 intentione
1781 3854 2184 3940 Ecclesiae,
2254 3862 2336 3932 et

789 3969 991 4042 nihil
1057 3969 1283 4042 obest
1346 3969 1715 4062 parvulo,
1761 3991 1904 4042 ncc
1944 3977 2332 4063 quantum

790 4085 884 4157 ad
939 4088 1584 4166 Sacramentum,
1622 4106 1766 4159 neo
1804 4090 2193 4179 quantum
2239 4091 2334 4161 ad

789 4199 1188 4273 effectum.
1236 4202 1395 4272 Aut
1428 4200 1788 4293 baptizat
1827 4201 2217 4286 adultum,
2254 4209 2334 4277 et

790 4315 1042 4394 adhuc
1108 4315 1428 4390 confert
1472 4318 1620 4389 sibi
1685 4316 2328 4404 Sacramentum,

787 4435 867 4505 et
938 4430 1313 4505 effectum
1371 4432 1572 4524 eJuS,
1621 4432 1689 4506 si
1732 4434 1814 4506 in
1864 4433 2138 4508 adulto
2173 4457 2333 4509 non

786 4545 909 4614 est
1025 4542 1325 4633 aliquis
1399 4541 1660 4615 malus
1755 4547 2051 4627 motuS,
2136 4550 2332 4636 puta

788 4680 1169 4731 assensus
1240 4660 1320 4732 in
1387 4660 1766 4734 haeresim
1810 4661 2327 4755 baptizantis,

786 4777 911 4849 vel
946 4777 1316 4862 intentio,
1364 4783 1451 4853 ut
1485 4781 1623 4852 [iat
1649 4778 2083 4871 discipulus
2116 4781 2326 4873 ejus;

786 4897 867 4967 et
916 4895 1006 4966 de
1078 4896 1225 4968 tali
1281 4895 1801 4987 intelligenda
1869 4903 1993 4971 est
2057 4904 2330 4972 aucto-

787 5010 995 5083 ritas
1040 5011 1477 5094 Ambrosii,
1513 5018 1590 5086 et
1635 5013 2018 5088 similiter
2059 5018 2333 5088 aucto-

790 5127 994 5199 ritas
1047 5128 1505 5220 Augustini,
1581 5130 1786 5221 quod
1860 5130 2127 5206 virtus
2189 5133 2332 5205 illa

783 5246 1295 5329 sacramenti
1382 5246 1552 5319 vita
1626 5249 1774 5328 est,
1842 5267 2042 5338 ergo
2076 5253 2153 5320 et
2190 5248 2330 5322 illa

785 5383 946 5435 non
1004 5368 1274 5435 manet
1346 5363 1425 5433 in
1509 5363 1873 5435 membro
1954 5366 2323 5455 praeciso.

788 5476 968 5551 Non
1013 5483 1280 5553 tamen
1335 5478 1738 5571 sequitur,
1782 5479 1974 5571 quin
2015 5501 2162 5572 per
2194 5484 2328 5557 Sa-

2020 303 2158 366 [AB.
2192 303 2289 366 IV.
2321 304 2913 370 SENTEN'HARUM

2442 471 2952 538 eramentum
3061 467 3242 559 ejus
3318 468 3585 559 possit
3665 487 3814 538 esse
3864 470 3919 540 in

2443 584 2961 678 suscipiente,
2999 585 3207 676 quod
3251 589 3482 677 patet
3532 604 3631 655 ex
3663 604 3918 677 respon-

2443 702 2670 775 sione
2722 701 3003 776 statim
3038 706 3453 794 sequente.

2528 819 2747 891 Unde
2780 819 2873 890 ad
2912 818 3317 891 rationem
3349 818 3638 891 statim
3668 838 3917 910 respon·
3977 903 3991 936 ἱ

2440 935 2774 1007 (lendum
2817 939 2967 1018 est,
3049 934 3257 1026 quod
3300 933 3382 1004 in
3417 938 3601 1007 toto
3644 905 4014 1027 corporata}

2443 1050 2796 1123 humano
2884 1051 3051 1124 vita
3149 1070 3311 1121 una
3394 1054 3528 1123 est
3633 1053 3961 1132 omnium„2

2448 1167 2832 1260 partium,
2931 1172 3010 1241 et
3084 1165 3646 1260 participatur
3707 1166 3790 1238 ab
3839 1170 3919 1240 eis
3979 1201 4051 1272 4,

2448 1281 2726 1354 ordine
2817 1280 3186 1373 quodam,
3279 1280 3475 1372 quia
3564 1280 3802 1372 primo
3866 1279 3965 1352 in1²¹
4058 1365 4063 1376 ,

2446 1399 2711 1481 corde,
2772 1398 3118 1470 secundo
3170 1396 3250 1467 in
3285 1395 3504 1480 aliis,
3557 1398 3922 1468 secundum

2448 1515 2651 1608 quod
2752 1512 3283 1607 propinquius
3369 1534 3455 1584 se
3529 1512 3800 1584 habent
3864 1512 3925 1583 ad
4060 1493 4068 1714 1

2450 1632 2644 1705 illud
2700 1630 3196 1723 principium
3237 1630 3462 1710 vitae;
3509 1634 3596 1702 et
3667 1629 3813 1699 ideo
3857 1628 3928 1699 ibi

2452 1769 2596 1841 per
2646 1766 2888 1818 unam
2935 1751 3253 1839 partem
3293 1767 3457 1819 non
3524 1749 3777 1838 potest
3812 1745 3929 1815 vila

2447 1863 2804 1939 derivari
2865 1864 2961 1936 ad
3027 1864 3302 1946 aliam,
3359 1862 3529 1936 nisi
3608 1863 3758 1935 ista
3801 1881 3930 1954 pars
4058 1815 4068 2062 z

2447 1984 2823 2057 derivans
2893 1985 3120 2076 prius
3187 1981 3415 2055 vivat
3476 1980 3751 2052 eadem
3792 1979 3927 2056 vita,

2452 2101 2682 2173 modo
2762 2120 2906 2172 suo
2981 2098 3368 2192 perfecto.
3442 2099 3634 2169 Non
3696 2099 3802 2168 est
3854 2095 3929 2166 sic

2450 2217 2531 2289 in
2563 2237 2912 2310 corpore
2987 2215 3359 2306 mystico,
3409 2216 3626 2306 quod
3683 2217 3793 2285 est
3841 2214 3931 2281 Ec·

2450 2332 2724 2414 clesia,
2798 2331 2988 2425 quia
3026 2352 3187 2404 non
3249 2335 3377 2405 est
3420 2331 3507 2403 in
3549 2331 3667 2402 eis
3699 2349 3831 2400 una
3853 2327 3927 2397 vi·

2452 2452 2537 2521 ta
2595 2469 2963 2530 numer0,
3001 2469 3145 2521 nec
3181 2452 3527 2541 oportet
3578 2446 3770 2540 quod
3797 2443 3928 2516 illud

2455 2563 2930 2646 membrum,
3009 2564 3213 2657 quod
3334 2561 3930 2636 ministerialiter

2449 2682 2583 2756 dat
2651 2682 2908 2754 vitam
2992 2679 3262 2762 alteri,
3321 2680 3429 2754 sit
3537 2675 3926 2773 propinqui-

2450 2819 2543 2870 us
2615 2797 3016 2891 principio
3105 2798 3294 2871 vitae
3356 2797 3437 2868 in
3504 2795 3929 2890 participan-

2449 2915 2545 2988 do
2614 2915 2894 2996 vitam,
2979 2914 3112 2986 sed
3189 2918 3521 2987 tantum
3604 2913 3682 2986 in
3746 2911 3926 3002 gradu

2452 3031 2993 3106 ministrandi.
3069 3031 3562 3123 Exemplum
3621 3032 3833 3108 esset,
3882 3024 3925 3096 si

2450 3171 2671 3224 venae
2718 3148 2795 3223 in
2836 3169 3183 3240 corpore
3225 3168 3388 3220 non
3417 3149 3783 3222 viverent
3820 3144 3927 3217 sor·

2451 3267 2802 3347 maliter,
2843 3272 3114 3341 tamen
3154 3273 3427 3341 essent
3474 3266 3730 3339 media
3766 3262 3927 3336 mini·

2452 3387 2763 3458 strandi
2816 3385 3073 3458 vitam
3130 3385 3456 3458 caeteris
3494 3385 3837 3478 paribus.

2541 3503 2653 3573 Ad
2723 3501 2915 3573 illud
2982 3503 3073 3574 de
3164 3502 3800 3575 sanctificatione
3880 3502 3927 3568 in
3988 3515 4021 3564 s

2452 3630 2685 3700 aqua,
2754 3613 3138 3701 negatum
3197 3615 3321 3683 est
3388 3631 3644 3704 supra
3698 3612 3847 3678 dist.
3888 3609 3927 3677 l.

2451 3746 2592 3801 nec
2629 3728 2946 3800 videtur
2992 3729 3332 3802 multum
3403 3728 3797 3822 probabile
3829 3724 3932 3796 vir

2451 3849 2705 3918 tutem
2769 3846 3479 3937 supernaturalem
3566 3846 3791 3919 toties
3845 3859 3929 3931 ge·

2448 3963 2724 4049 necari
2843 3966 2921 4035 et
2996 3963 3444 4056 corrumpi,
3541 3982 3782 4053 neque
3836 3957 3932 4029 eti·

2447 4101 2604 4164 am,
2696 4079 2900 4173 quod
2969 4084 3148 4173 post
3211 4080 3806 4170 generationem
3874 4075 3924 4144 in

2450 4219 2657 4291 aqua
2735 4196 3215 4291 Baptismali
3295 4217 3625 4289 semper
3696 4207 3925 4287 perma-

2447 4298 2657 4398 neat,
2717 4321 3233 4409 permanente
3281 4335 3525 4408 aqua.

2537 4433 2650 4505 Ad
2689 4431 3264 4505 auctoritatem
3318 4428 3744 4509 Ambrosii,
3778 4443 3921 4516 quae·
3977 4430 4013 4481 A*

2449 4571 2535 4621 re
2607 4569 2878 4640 supra.
2924 4547 3099 4620 Dici
3176 4551 3471 4640 potest,
3586 4548 3778 4617 sicut
3847 4537 3922 4609 di·

2447 4671 2668 4741 ctum
2721 4670 2837 4740 est
2887 4668 3058 4733 dist.
3148 4678 3367 4752 quoest.
3410 4666 3474 4735 4.
3544 4667 3623 4736 et
3666 4666 3725 4734 5.
3783 4651 3923 4749 quod

2446 4806 2606 4857 non
2701 4788 2825 4858 est
2909 4782 3176 4854 virtus
3247 4780 3516 4873 aliqua
3610 4782 3683 4851 in
3748 4788 3916 4865 aqua,

2449 4920 2622 4993 quae
2665 4899 2770 4972 sit
2815 4898 3082 4970 activa
3144 4897 3581 4969 secundum
3642 4891 3917 4981 aliquam

2448 5017 2797 5091 formam
2884 5013 3365 5093 absolutam;
3464 5012 3599 5085 sed
3676 5009 3914 5080 tantum
4030 5090 4035 5111 1

2444 5142 2569 5208 est
2646 5133 2927 5213 vir-tus,
3002 5151 3175 5223 quae
3234 5135 3358 5203 est
3444 5129 3793 5201 ultimum
3850 5114 3909 5186 de
4016 5218 4035 5241 Ἰ

2443 5249 2823 5343 potentia,
2880 5246 3191 5323 scilicet
3263 5243 3699 5318 efficaciter
3743 5230 3912 5325 signi·
4018 5336 4029 5359 .

2444 5370 2693 5441 ficare
2745 5363 3134 5456 gratiam.
3540 5432 3546 5437 ,

2530 5480 2647 5556 Ad
2692 5477 2905 5552 aliud
2939 5477 3031 5550 de
3088 5474 3527 5568 Cypriano,
3570 5472 3728 5546 dico
3772 5455 3909 5557 quod
