4255 6375
1280 442 1479 506 DIST.
1527 443 1625 506 111.
1675 443 2035 519 QUAESTto
2083 445 2158 507 ΙΙ.

136 618 185 728 iri
291 600 462 676 Quia
520 602 885 680 baptizatur
942 610 1007 667 et
1061 606 1421 684 baptizetur
1458 621 1592 669 non
1637 604 1755 668 de-

208 722 439 778 notant
481 734 833 798 personam
875 722 1176 799 ministri,
1223 740 1373 786 cum
1403 724 1530 785 sint
1559 726 1760 787 verba

137 820 181 917 0³
211 836 495 913 passiva,
525 838 649 900 sed
698 840 1093 921 subjectum,
1139 841 1207 903 in
1257 858 1388 920 quo
1440 848 1541 905 est
1589 846 1755 906 actio

207 967 322 1027 per
377 952 656 1015 modum
716 956 1077 1032 passionis:
1153 958 1470 1035 implicite
1539 963 1757 1021 autem

210 1075 528 1132 connotat
611 1090 820 1151 agens
930 1075 1413 1149 correlativum‚
1499 1078 1757 1139 seclusa

205 1188 324 1250 alia
394 1190 746 1267 particula,
825 1208 969 1271 quae
1040 1193 1258 1271 ipsum
1328 1195 1752 1271 exprimeret,

205 1305 367 1366 sicut
429 1308 820 1369 correlativa
877 1313 1031 1370 sunt
1099 1311 1294 1371 simul
1352 1312 1751 1390 cognitione,

205 1426 272 1485 ιιι
331 1427 435 1484 est
499 1424 669 1486 actio
743 1430 810 1487 et
868 1426 1106 1503 passio,
1182 1426 1368 1490 Unde
1424 1429 1488 1489 in
1544 1426 1753 1489 forma

207 1536 575 1600 Graecorum
633 1541 808 1600 nulla
871 1542 1188 1617 particula
1247 1542 1545 1620 exprimit
1601 1562 1749 1622 per·

209 1668 429 1714 sonam
464 1655 766 1729 ministri,
800 1671 1019 1735 neque
1063 1662 1389 1721 actionem
1426 1660 1751 1737 explicite,

207 1774 272 1829 ut
312 1785 346 1829 a
391 1770 719 1833 ministrO.
1557 1842 1569 1853 ,

283 1884 597 1959 Quamvis
627 1891 852 1949 autem
899 1888 1335 1953 Florentinum
1380 1889 1581 1952 addat
1607 1910 1747 1952 ma-

217 2000 388 2063 nibus
441 2004 630 2075 meis,
692 2002 761 2064 id
824 2003 1286 2067 declarationis
1339 2007 1547 2085 gratia
1608 2006 1748 2082 fuit,

212 2134 331 2179 non
379 2119 828 2193 necessitatiS,
907 2135 1058 2181 cum
1134 2120 1335 2183 Graeci
1391 2122 1565 2184 iliam
1621 2137 1751 2184 non

213 2236 599 2310 exprimant.
657 2236 887 2314 Neque
945 2238 1106 2300 ratio
1150 2238 1347 2318 hujus
1404 2256 1563 2300 usus
1629 2240 1745 2302 ba·
1831 2308 1834 2312 ,

210 2349 485 2427 ptizandi
567 2364 691 2429 per
767 2352 1021 2417 Graecos
1117 2354 1496 2427 introducti,
1555 2356 1748 2418 aliam

209 2470 689 2546 expressionem
739 2473 1070 2547 permittit,
1119 2474 1293 2535 unde
1324 2479 1399 2536 ut
1427 2479 1608 2536 recte
1637 2478 1749 2537 Ar-

209 2583 452 2659 cudius,
501 2587 733 2666 απ’ἐμὲ,
777 2588 883 2649 vel
976 2593 1023 2649 δι
1070 2590 1186 2668 ἐμέ,
1232 2590 1299 2651 id
1360 2596 1483 2665 est,
1532 2610 1572 2653 a
1622 2611 1748 2666 me,

212 2704 302 2764 vel
324 2720 451 2781 per
488 2723 614 2781 me,
660 2713 841 2771 recte
890 2710 1425 2790 subintelligitur,
1474 2717 1541 2773 et
1587 2712 1746 2774 ratio

213 2818 366 2883 facta
428 2826 764 2886 convincit
830 2828 1163 2906 importari
1223 2828 1531 2906 implicite
1604 2845 1749 2907 per-

215 2954 425 3000 sonam
478 2942 778 3015 ministri,
813 2951 885 3007 ut
925 2950 1193 3008 exercet
1249 2948 1578 3008 actionem
1629 2949 1750 3010 ba-

219 3057 478 3131 ptizandi
577 3066 940 3124 externam.

287 3176 459 3239 Ratio
522 3178 726 3240 etiam
786 3179 1132 3243 Florentini
1193 3186 1525 3262 praemissa
1569 3183 1747 3247 idem

218 3296 530 3371 supponit,
568 3295 816 3359 docens
847 3314 979 3360 non
1041 3302 1414 3363 necessario
1472 3305 1747 3380 exprimi

225 3421 465 3471 causam
525 3415 1121 3489 instrumentalem,
1169 3418 1289 3479 sed
1356 3420 1525 3481 actio
1597 3425 1748 3482 uta

219 3526 485 3608 ministro
559 3533 835 3591 eatenus
889 3534 1263 3595 necessario
1318 3536 1749 3615 exprimenda

223 3649 379 3706 esset
417 3647 481 3706 in
513 3645 745 3720 forma,
783 3657 1107 3727 quatenus
1133 3653 1280 3730 ipse
1310 3656 1611 3717 minister
1639 3673 1743 3719 es-

153 3794 190 3831 „
223 3765 311 3820 set
361 3762 854 3840 exprimenduS‚
895 3765 1021 3827 hoc
1064 3773 1285 3829 autem
1341 3785 1474 3831 non
1531 3774 1747 3851 requi-

151 3861 184 3905 ¹¹’
228 3873 366 3936 ritur
409 3895 529 3956 per
573 3883 786 3958 ipsum
837 3883 1149 3962 Vasquez.
1196 3885 1514 3948 Probatur
1556 3895 1740 3952 ante-

149 3985 168 4019 0

146 4008 192 4082 ιώ
229 3993 469 4071 cedens,
504 3998 656 4076 quia
689 3996 836 4060 ideo
872 4001 1355 4076 exprimeretur
1383 4021 1503 4080 per
1528 4005 1744 4081 ipsum

147 4108 395 4212 gactio,
436 4118 511 4175 ut
575 4117 676 4176 est
732 4130 769 4175 a
824 4117 1145 4191 ministrO,
1193 4123 1524 4197 quatenus
1585 4136 1742 4183 con-

234 4239 433 4289 cursus
482 4244 700 4292 causae
744 4231 1261 4294 instrumentalis
1305 4251 1427 4296 seu
1471 4237 1747 4300 ministri

233 4362 666 4436 exprimendus
709 4367 814 4438 sit,
848 4382 933 4429 ne
977 4367 1266 4447 alioquin
1318 4369 1749 4434 denotaretur

160 4507 169 4518 ·
233 4483 381 4548 solus
444 4490 623 4552 Deus
693 4508 842 4554 esse
915 4510 1115 4555 causa
1188 4497 1414 4575 gratiae
1483 4498 1739 4576 absque

238 4605 513 4685 ministrO,
579 4618 648 4674 et
689 4620 1176 4693 consequenter
1217 4617 1472 4697 absque
1527 4620 1745 4683 Sacra-

236 4740 447 4810 mento,
487 4744 559 4800 ut
603 4739 747 4817 ipse
803 4738 1040 4816 infert;
1118 4759 1478 4806 concursus
1521 4751 1745 4811 autem

238 4855 469 4924 ministri
517 4869 750 4946 nequit
799 4869 1095 4945 exprimi,
1151 4872 1274 4932 nisi
1340 4876 1746 4953 exprimatur

238 4968 354 5054 ipse
399 4990 705 5066 minister,
757 4996 908 5072 quia
975 5005 1073 5058 est
1130 5000 1326 5071 actio,
1372 5003 1447 5060 ut
1502 5001 1642 5065 fluit
1699 5021 1736 5066 a

243 5103 437 5171 virtute
460 5117 734 5193 agentis.
784 5118 915 5179 Sed
948 5119 1306 5183 Concilium
1351 5123 1508 5187 dicit
1551 5125 1743 5189 suffi-

249 5243 389 5310 cere,
416 5247 484 5302 ut
528 5248 929 5325 exprimatur
970 5252 1164 5324 acti0‚
1212 5256 1288 5313 ut
1317 5257 1418 5315 est
1454 5272 1488 5316 a
1543 5273 1737 5319 causa

249 5357 560 5445 principali,
594 5376 661 5433 et
689 5388 821 5434 non
860 5375 1361 5452 instrumentali,
1411 5379 1562 5459 quia
1620 5399 1734 5445 ex·

251 5480 484 5554 primere
514 5512 774 5560 causam
804 5504 1169 5578 respective
1200 5503 1281 5566 ad
1319 5504 1624 5570 effectum
1668 5508 1736 5570 in

249 5601 387 5683 sieri,
446 5626 512 5683 ιιι
565 5628 885 5707 contingit
937 5629 1001 5690 in
1047 5635 1407 5709 proposito,
1460 5640 1559 5697 est
1623 5652 1735 5697 ex-

3298 443 3416 505 205

1868 609 2151 686 primere
2184 624 2449 672 causam
2477 613 2552 671 ut
2575 608 2804 681 influit,
2856 611 2922 670 et
2972 607 3053 670 ab
3111 623 3190 669 eo
3250 605 3404 668 effe-

1870 729 2011 785 ctus
2033 722 2140 793 fit:
2178 740 2361 803 erg0,
2410 728 2533 785 etc.

1949 839 2206 902 Deinde
2284 840 2712 919 exprimendo
2801 840 3119 902 influxum
3206 854 3416 901 causae

1870 957 2267 1035 principalis,
2299 964 2367 1019 ut
2412 960 2546 1035 agit
2576 958 2910 1020 mediante
2945 958 3407 1029 instrument0‚
3502 1035 3511 1045 .
3589 1037 3598 1046 .
3694 1038 3700 1044 -

1867 1072 2269 1137 sufficienter
2311 1078 2700 1153 importatur
2745 1076 2911 1137 actio
2970 1074 3407 1145 instrumenti,
3437 1038 3732 1149 prgssssffsssss

1867 1194 1940 1250 ut
1983 1190 2064 1251 ab
2114 1191 2573 1264 instrument0‚
2622 1208 2697 1252 ex
2745 1192 3118 1268 praescripto
3180 1189 3410 1251 ordine
3438 1162 3755 1277 insttf'ffien-

1870 1323 2215 1368 causarum
2260 1314 2323 1368 et
2377 1307 2679 1369 influxus
2729 1307 2858 1369 Sed
2904 1306 3291 1383 exprimitur
3346 1305 3411 1366 in

1864 1421 2073 1484 forma
2139 1422 2663 1500 deprecativam
2720 1423 2942 1485 verbis
3002 1421 3411 1499 praescriptis,

1867 1540 2044 1599 Deus
2109 1554 2304 1599 causa
2353 1538 2748 1617 principalis,
2803 1543 2877 1599 ut
2937 1536 3218 1599 influens
3280 1552 3415 1597 me-

1868 1653 2089 1715 diante
2121 1654 2542 1716 Sacramento
2588 1653 2905 1726 sensibili,
2938 1652 3119 1733 quod
3153 1653 3418 1730 ponitur

1866 1777 1987 1839 per
2046 1763 2435 1833 ministrum,
2507 1767 2575 1823 et
2643 1762 2933 1823 consistit
2990 1760 3287 1838 proxime
3347 1759 3414 1820 in

1864 1878 2118 1939 actibus
2152 1878 2296 1957 ejus
2326 1879 2744 1940 sensibilibus
2772 1897 2786 1947 ;
2823 1893 2982 1955 ergo
3007 1875 3415 1938 sufficienter

1864 1997 2252 2071 importatur
2297 2011 2417 2072 per
2484 1994 2609 2055 hoc
2660 1993 2871 2055 solum
2930 1994 3094 2054 actio
3145 1997 3210 2054 et
3254 2007 3407 2053 con·

1866 2126 2095 2171 cursus
2144 2110 2439 2183 ministri,
2489 2114 2631 2173 sine
2677 2111 2799 2171 alia
2846 2111 3292 2188 expressione.

1939 2229 2154 2292 Tertio
2228 2229 2541 2307 denique,
2620 2231 2770 2307 quia
2832 2245 2915 2289 ex
2979 2232 3212 2289 natura
3282 2227 3403 2302 rei,
3514 2226 3690 2342 ’Ξεεὶτίὲια

1862 2344 2228 2406 accedente
2298 2344 2705 2405 institutione
2765 2343 3007 2417 divina,
3073 2342 3284 2404 forma
3342 2348 3407 2404 et
3432 2356 3510 2405 Ex
3546 2357 3752 2419 oonjtm-

1860 2464 2131 2522 maleria
2176 2462 2257 2523 ab
2303 2459 2544 2522 eodem
2576 2462 2864 2524 ministro
2912 2459 3159 2523 debent
3202 2461 3404 2537 appli—
3434 2422 3679 2530 ωεῗὲξ-ῗὲρ
3701 2489 3750 2534 et

1860 2577 2015 2649 cari,
2045 2577 2127 2639 ita
2181 2586 2253 2639 ut
2298 2579 2353 2641 si
2404 2579 2603 2641 altera
2648 2579 2874 2639 harum
2933 2594 3053 2656 per
3109 2575 3404 2638 diversos
3447 2543 3729 2669 ,Θξζζῐέῑῇθ

1858 2695 2192 2756 ministros
2265 2697 2650 2773 applicetur,
2708 2693 2914 2758 forma
2982 2712 3100 2772 per
3167 2667 3747 2787 unum,}¹n‘¹h{³i¹gffiflfi¹‚¹¹

1859 2815 2130 2875 materia
2155 2832 2273 2892 per
2302 2815 2602 2885 alterum,
2637 2830 2770 2875 non
2794 2814 3125 2892 integrent
3142 2814 3400 2873 materi-

1858 2949 1982 3002 am,
2000 2948 2122 2995 seu
2145 2930 2644 2994 fundamentum
2666 2930 3154 3011 significationis
3191 2946 3402 2992 sacra·

1859 3050 2187 3117 mentalis,
2213 3064 2433 3125 neque
2465 3048 3026 3110 sacramentaliter
3067 3046 3404 3125 applicen-

1864 3171 2012 3238 tur;
2063 3182 2222 3244 ergo
2258 3181 2339 3228 ex
2371 3166 2837 3247 conjunctione
2893 3165 3123 3227 harum
3177 3164 3258 3227 ad
3316 3165 3410 3226 in-

1862 3285 2095 3356 vicem,
2152 3287 2331 3342 recte
2397 3280 2781 3361 designatur
2844 3282 3086 3343 ablutio
3147 3299 3295 3345 esse
3371 3298 3408 3342 a

1863 3397 2242 3479 proferente
2272 3400 2496 3470 verba,
2533 3403 2600 3460 et
2627 3402 2984 3476 utrumque
3015 3401 3095 3461 ab
3139 3399 3402 3473 eodem,

1859 3518 2120 3578 seclusa
2160 3516 2282 3576 alia
2335 3531 2752 3594 quacumque
2805 3517 3118 3592 particula
3169 3515 3234 3602 id
3287 3533 3405 3577 ex-

1857 3636 2186 3711 primente
2219 3649 2301 3694 ex
2351 3632 2757 3695 institutione
2815 3634 2970 3694 item
3018 3632 3255 3704 divina,
3320 3650 3402 3695 ex

1858 3749 2089 3811 ordine
2160 3747 2390 3810 formae
2471 3747 2556 3809 ad
2625 3751 3018 3820 materiam,
3092 3754 3405 3827 tanquam

1859 3870 2264 3942 compartem
2294 3865 2678 3942 applicatam
2711 3866 2792 3927 ab
2823 3867 2965 3941 ipso
3000 3864 3401 3943 proferente,

1857 4001 1939 4045 ex
2009 3987 2242 4044 natura
2300 3986 2429 4042 tam
2493 3983 2765 4042 actionis
2824 3982 3119 4044 ablutivae
3204 4000 3404 4061 quam

1859 4102 2239 4178 prolationis
2269 4100 2645 4171 verborum,
2680 4117 2762 4161 ex
2792 4100 3022 4161 ordine
3054 4100 3403 4161 ablutionis

1858 4222 2147 4296 receptae
2196 4221 2259 4278 in
2291 4217 2614 4295 subjecto,
2662 4223 2726 4278 et
2768 4217 3040 4294 signatae
3095 4234 3215 4293 per
3270 4215 3400 4278 for-

1857 4352 2053 4409 mam,
2111 4351 2194 4395 ex
2252 4332 2790 4394 subordinatione
2850 4333 3253 4393 sacramenti
3343 4336 3407 4394 et

1855 4451 2131 4516 ministri
2155 4451 2238 4512 ad
2272 4465 2536 4511 causam
2568 4449 2999 4526 principalem
3027 4467 3042 4518 ς
3078 4446 3403 4511 sufficien-

1854 4575 1979 4642 ter,
2054 4571 2347 4647 inquam,
2421 4566 2768 4628 denotatur
2823 4566 3016 4641 actio,
3074 4569 3146 4626 ut
3221 4570 3322 4625 est
3365 4581 3399 4624 a

1853 4685 2171 4755 ministrO,
2205 4684 2310 4745 vel
2356 4697 2503 4744 esse
2535 4682 2617 4743 ab
2649 4683 2815 4756 ipso,
2864 4696 2940 4740 ac
2983 4679 3257 4756 proinde
3286 4696 3401 4740 su-

1853 4801 2114 4881 perfluit
2145 4800 2356 4860 omnis
2389 4797 2631 4860 additio
2683 4797 2763 4857 ad
2810 4795 2969 4857 illud
3021 4797 3397 4872 exprimen-

1856 4919 2038 4990 dum,
2073 4915 2387 4997 quamdiu
2430 4913 2734 4994 praedicta
2763 4917 3115 4977 salvantur·

3467 913 3541 962 Ex
3550 910 3739 977 pressio

3519 990 3685 1023 causae

1931 5054 2087 5115 Peto
2123 5052 2295 5114 enim
2331 5050 2486 5129 quid
2520 5047 2828 5128 designet
2856 5049 3067 5126 ipsam
3114 5046 3394 5108 formam
3537 5080 3616 5129 21.

1853 5186 2000 5231 esse
2031 5185 2068 5229 a
2099 5170 2392 5231 ministro
2415 5169 2443 5227 :³
2469 5184 2551 5228 an
2583 5167 2777 5228 etiam
2821 5164 2902 5226 ad
2933 5165 3058 5224 hoc
3095 5163 3394 5241 requira-

1851 5292 1954 5347 tur
1983 5284 2299 5361 particula
2340 5283 2470 5343 ulla
2500 5285 2567 5346 in
2617 5281 2850 5352 forma,
2903 5295 3052 5357 quae
3112 5278 3177 5340 id
3224 5278 3392 5340 desi·

1849 5403 2061 5475 gnei?
2090 5404 2156 5460 et
2185 5400 2309 5460 hoc
2354 5415 2511 5471 non,
2551 5402 2624 5457 ιιι
2675 5412 2792 5473 per
2843 5412 2915 5456 se
2960 5398 3183 5470 patet:
3231 5410 3390 5468 ergo

1848 5515 2002 5578 nihil
2059 5516 2237 5577 aliud
2296 5515 2419 5575 hoc
2479 5513 2805 5588 exprimit,
2880 5516 3123 5588 praeter
3176 5513 3384 5588 ipsam

1848 5635 2286 5714 prolationem
2321 5635 2488 5714 ejuS,
2524 5649 2667 5712 quae
2720 5630 2788 5693 fit
2817 5647 2850 5691 a
2898 5629 3218 5692 ministro.
3271 5630 3385 5692 Eo-
