4255 6375
802 376 920 446 356

786 548 1171 635 Baptismus
1233 568 1273 612 a
1343 545 1601 612 Ioanne
1674 542 2034 610 secundum
2122 543 2341 607 solum

785 664 1291 730 Sacramentum
1337 662 1630 728 dabatur
1685 672 1757 725 ut
1814 662 1893 739 ii,
1941 642 2071 746 *qui
2125 658 2336 745 bapti-

781 780 992 846 zandi
1045 801 1236 845 usum
1291 799 1428 845 non
1474 787 1817 857 noverant,
1857 776 2332 852 erudirentur;

782 900 881 963 sic
918 899 989 963 in
1054 897 1410 963 novissimo
1476 919 1518 962 a
1574 894 1967 981 quibusdam
2026 892 2339 977 fidelibus

789 1015 1225 1079 Circumcisio
1279 1013 1765 1100 dispensatorie
1817 1010 2176 1077 secundum
2237 1029 2340 1073 so-

786 1131 922 1195 lum
952 1131 1456 1196 Sacramentum
1488 1129 1510 1216 (
1540 1128 1602 1195 id
1633 1141 1756 1207 est,
1809 1127 2074 1213 signum
2116 1138 2335 1193 exter-

787 1248 991 1334 num)
1021 1246 1534 1333 suscipiebatur,
1569 1268 1654 1311 ne
1697 1248 1748 1311 ii
1787 1247 1902 1332 qui
1940 1242 2337 1312 circumcidi

783 1372 1279 1441 consueverant,
1341 1362 1990 1436 scandalizarentur,
2038 1372 2161 1425 etc.
2228 1355 2336 1422 ubi

790 1478 871 1545 de
905 1478 1230 1564 Baptismo
1277 1478 1548 1545 loannis
1590 1477 1899 1564 loquitur,
1957 1473 2226 1562 perinde
2264 1493 2337 1538 ac

788 1597 869 1663 de
952 1599 1304 1683 BaptismO,
1387 1618 1516 1684 quo
1601 1596 1948 1662 utebantur
2022 1592 2335 1679 discipuli

790 1713 1030 1781 Christi
1088 1714 1369 1780 Ioannis
1420 1717 1482 1779 3.
1549 1724 1609 1780 et
1675 1716 1739 1777 4.
1806 1712 1960 1799 quia
2030 1709 2334 1776 eumdem

788 1830 979 1917 plane
1045 1831 1252 1898 sensit
1311 1829 1514 1897 fuisse
1577 1850 1726 1896 cum
1779 1827 2207 1904 Tertulliano,
2272 1835 2337 1889 et

785 1947 931 2015 aliis
997 1969 1216 2034 supra,
1261 1947 1337 2013 ad
1400 1968 1590 2014 usum
1639 1959 1703 2013 et
1748 1941 2317 2017 consuetudinem,

785 2084 914 2130 non
956 2064 1033 2130 ad
1078 2064 1361 2131 fructum
1405 2064 1634 2130 ullum.

865 2198 1043 2259 Hanc
1076 2196 1438 2259 doctrinam
1480 2197 1827 2278 impugnat
1857 2199 2118 2268 Doctor,
2157 2209 2336 2256 nem-

782 2331 867 2393 pe
900 2331 1030 2393 qua
1075 2314 1296 2378 tribuit
1342 2317 1805 2378 necessitatem
1854 2313 2053 2377 medii
2084 2313 2170 2374 ad
2220 2327 2332 2374 sa-

783 2433 991 2496 lutem
1028 2433 1151 2496 soli
1205 2432 1695 2505 circumcisioni
1744 2436 1898 2494 ante
1957 2432 2335 2511 passionem

786 2548 1037 2625 Christi,
1085 2557 1151 2611 et
1194 2548 1484 2612 instituto
1547 2550 1922 2627 Baptismo;
1984 2552 2051 2610 et
2112 2547 2334 2625 opinio

784 2666 915 2740 illa,
973 2681 1171 2745 quam
1220 2664 1326 2728 hic
1371 2667 1527 2727 citat
1557 2668 1818 2737 Doctor,
1869 2663 2090 2743 quoad
2120 2662 2333 2725 omnia

788 2787 888 2843 est
957 2782 1273 2862 Hugonis,
1352 2799 1549 2861 quam
1614 2782 1812 2843 etiam
1893 2786 2165 2843 secutus
2235 2783 2336 2842 est

779 2898 1037 2960 Alensis
1086 2898 1289 2962 citans
1321 2900 1666 2979 Hugonem
1695 2900 1756 2961 4.
1783 2905 1959 2974 part.
2006 2901 2224 2974 quaest.
2270 2896 2330 2958 8.

783 3026 869 3072 m.
915 3014 972 3072 2.
1009 3018 1135 3074 art.
1182 3014 1239 3074 3.
1297 3012 1336 3093 S
1382 3014 1437 3075 l.
1471 3018 1527 3073 et
1556 3011 1594 3091 S
1622 3013 1681 3073 2.
1727 3012 1839 3074 ubi
1883 3009 2061 3072 idem
2116 3008 2330 3071 docet.

780 3124 1185 3189 Contrariam
1264 3129 1663 3194 sententiam
1772 3128 2003 3204 probat
2089 3128 2336 3187 Doctor

776 3248 1064 3324 utroque
1113 3245 1280 3319 loco,
1333 3253 1399 3306 et
1447 3244 1732 3307 rationes
1783 3244 1927 3323 ejus
1960 3260 2039 3305 eo
2076 3248 2332 3304 tantum

775 3363 1100 3436 spectant,
1137 3375 1356 3438 neque
1387 3361 1522 3439 agit
1567 3358 1650 3420 de
1711 3358 2142 3438 derogatione
2193 3356 2328 3419 Cir-

780 3476 1197 3538 cumcisionis
1269 3481 1335 3538 et
1361 3475 1669 3553 praecepti
1722 3474 1883 3552 ejuS,
1928 3475 2049 3535 nisi
2093 3479 2168 3535 ut
2210 3471 2331 3534 fuit

774 3589 1070 3653 medium
1112 3594 1561 3654 necessarium
1593 3591 1843 3651 salutis.
1893 3588 2169 3664 Quando
2217 3604 2328 3649 au·

778 3710 913 3768 tem
969 3709 1300 3770 institutus
1366 3712 1468 3770 est
1541 3709 1932 3785 BaptismuS,
2000 3722 2133 3766 non
2210 3703 2330 3766 fuit

773 3823 1072 3886 medium
1102 3825 1547 3887 necessarium
1581 3823 2035 3895 determinate,
2066 3821 2189 3883 sed
2226 3822 2324 3882 in-

776 3941 1206 4003 determinate
1252 3946 1317 4002 et
1370 3942 1494 4002 sub
1562 3939 2027 4019 disjunctione,
2094 3944 2169 3999 ut
2226 3940 2324 3999 vi-

774 4053 932 4117 dere
974 4057 1127 4117 licet
1191 4055 1579 4134 ponderanti
1641 4055 1931 4117 rationes
2004 4054 2172 4132 eJuS,
2249 4059 2320 4115 et

773 4173 1317 4250 consequentiam
1356 4172 1552 4245 illam,
1608 4189 1799 4251 quam
1841 4169 2037 4232 infert
2070 4188 2083 4230 :
2122 4174 2319 4247 Erqo,

768 4283 1003 4366 inquit,
1032 4287 1095 4349 si
1109 4293 1503 4364 praeceptum
1532 4291 1607 4352 de
1639 4290 1970 4364 Baptismo
2000 4291 2142 4347 erat
2166 4302 2322 4362 pro-

765 4400 994 4462 hibitio
1040 4404 1584 4477 Circumcisionis,
1641 4406 1954 4479 quantum
2018 4404 2107 4464 ad
2164 4404 2321 4476 sru-

768 4521 939 4579 ctum
993 4517 1085 4599 (id
1164 4523 1287 4592 est,
1355 4519 1692 4582 evacuatio
1751 4514 2317 4591 circumcisioni83

773 4637 1003 4699 alludit
1033 4636 1207 4698 enim
1238 4635 1322 4697 ad
1365 4635 1567 4697 verba
1618 4639 1685 4696 et
1729 4636 2053 4697 rationem
2096 4635 2323 4714 nugo-

769 4753 917 4830 nis),
941 4758 998 4816 et
1035 4754 1373 4816 consitium
1415 4755 1493 4815 de
1529 4753 1851 4831 Baptismo
1882 4757 2022 4814 erat
2049 4753 2323 4814 reddens

772 4867 1341 4931 Circumcisionem
1429 4883 1556 4927 non
1644 4869 2096 4939 necessariam,
2191 4869 2316 4925 etc.

769 4982 1006 5061 supple
1046 4980 1266 5061 quoad
1325 4980 1604 5043 fructum
1659 4982 2119 5053 determinate,
2168 4981 2320 5059 quia

767 5096 934 5163 infra
981 5097 1137 5160 dicit
1178 5098 1300 5160 sub
1337 5098 1777 5178 disjunctione
1821 5096 2022 5161 fuisse
2076 5112 2315 5160 neces-

767 5215 1027 5276 sariam.
1062 5215 1241 5276 Patet
1270 5213 1447 5276 idern
1479 5231 1559 5276 ex
1612 5212 2106 5275 confirmatione
2142 5213 2313 5292 ejus,

766 5337 842 5392 ut
868 5332 1115 5411 legenti
1145 5335 1464 5408 apparet;
1512 5330 1638 5392 hoc
1681 5330 1938 5392 videtur
1971 5347 2130 5412 ergo
2164 5327 2318 5390 mihi

767 5449 1134 5511 institutum
1179 5449 1497 5525 Doctoris‚
1534 5465 1664 5512 non
1693 5447 1855 5511 illud
1902 5447 2080 5528 quod
2136 5465 2314 5511 com-

766 5577 1054 5647 muniter
1094 5577 1473 5654 imponitur,
1531 5575 1684 5639 licet
1726 5594 1842 5655 pro
1896 5591 1976 5638 ea
2027 5574 2315 5637 disseru-

1977 378 2123 443 ΜΒ.
2169 374 2272 442 lV.
2317 370 2914 443 SENTENTIARUM

2453 550 2616 611 erim
2647 566 2730 611 ex
2782 553 3155 613 reverentia
3201 551 3472 625 Scholae,
3530 554 3600 613 et
3654 555 3945 631 speciatim

2451 666 2865 729 illustrissimi
2895 668 3183 748 Magistri
3215 669 3369 739 mei,
3401 671 3615 747 quiin
3646 669 3875 734 Scholia
3900 677 3951 733 et

2456 781 2928 861 marginalibus
3027 799 3449 846 communem
3557 787 3954 862 interpretati-

2448 911 2647 956 onem
2700 900 3020 975 sequitur,
3081 915 3281 977 quam
3320 900 3387 960 in
3437 899 3694 961 Scholis
3736 915 3959 977 semper

2451 1007 2739 1074 dictavit.

2526 1123 2619 1207 (e)
2673 1131 2916 1190 Contra
2971 1133 3338 1205 secundum,
3385 1136 3561 1208 quod
3629 1134 3855 1195 dicitur
3898 1136 3957 1196 de

2448 1250 2734 1324 tempore
2782 1250 2950 1311 inter
2998 1251 3367 1327 passionem
3413 1252 3684 1325 Christi,
3734 1259 3789 1314 et
3822 1269 3949 1330 pro·

2448 1364 2917 1441 mutqationem
2946 1368 3305 1445 Evanqelii,
3338 1374 3467 1430 etc.
3493 1367 3865 1431 Secundum
3888 1385 3960 1429 as·

2449 1484 2699 1540 sertum
2731 1481 3021 1560 Hugonis
3068 1481 3151 1543 de
3200 1483 3549 1545 inutilitate
3600 1481 3961 1546 circumcisi-

2448 1595 2593 1655 onis
2648 1601 3118 1671 postmortem
3177 1598 3434 1670 Christi,
3492 1598 3602 1659 hic
3662 1599 3960 1679 impugnat

2448 1712 2715 1786 Doctor,
2746 1714 2917 1774 sicut
2960 1720 3027 1775 et
3064 1716 3329 1777 tertium
3372 1721 3709 1777 assertum
3741 1715 3820 1777 de
3845 1733 3962 1793 pro-

2447 1827 2765 1892 hibitione
2795 1829 3318 1895 circumcisionis
3347 1834 3774 1913 promulgato
3800 1835 3965 1896 Evan-

2446 1947 2650 2025 gelio.
2699 1948 3008 2009 Rationes
3042 1948 3336 2010 Doctoris
3379 1951 3542 2012 satis
3588 1949 3783 2013 clarae
3821 1956 3963 2024 sunt,

2449 2076 2699 2140 easque
2733 2061 2799 2123 in
2827 2066 3133 2143 sequenti
3167 2070 3197 2143 ς
3226 2068 3756 2132 examinabimus
3799 2086 3964 2148 expo·

2447 2175 2670 2241 nendo
2703 2181 3185 2244 conclusiones.

3023 2461 3428 2521 SCHOLIUM.

2523 2692 2699 2748 Ponit
2726 2694 2928 2765 quoad
2963 2698 3340 2768 Baptismum
3374 2703 3497 2760 duo
3535 2709 3837 2779 tempora.
3867 2711 3973 2767 Pri-

2451 2801 2641 2854 mum,
2676 2805 2871 2862 usque
2902 2791 2979 2848 ad
3018 2798 3593 2871 promulgationem
3624 2806 3973 2878 [solemnem.

2450 2885 2826 2955 Secundum,
2891 2895 3138 2965 postea3
3180 2896 3382 2968 quoad
3452 2901 3975 2961 circumcisionem

2450 2997 2600 3039 vero
2629 2990 2897 3056 quatuor
2926 2992 3201 3063 tempora
3251 2998 3486 3054 statuit.
3542 3001 3848 3068 Primum,
3889 3020 3977 3059 ne-

2447 3086 2778 3155 cessitatis,
2812 3103 3008 3160 usque
3038 3092 3115 3148 ad
3166 3095 3619 3157 institutionem
3689 3105 3974 3175 Baptismi.

2448 3181 2820 3254 Secundum,
2901 3194 3394 3252 concomitantia>
3462 3213 3606 3255 cum
3676 3203 3973 3273 Baptism,

2449 3296 2646 3354 usquo
2704 3285 2781 3340 ad
2839 3287 3258 3347 Pentecosten.
3319 3295 3626 3366 Tertium,
3689 3302 3974 3356 concurrit

2446 3394 2588 3438 cum
2637 3384 2910 3442 secundo
2956 3391 3235 3461 tempore
3287 3395 3611 3466 Baptismi,
3650 3399 3849 3470 quoad
3886 3401 3976 3454 Ju-

2445 3480 2627 3550 daeos,
2685 3498 2797 3554 pro
2844 3486 3082 3559 aliquot
3134 3491 3336 3559 annis,
3396 3495 3620 3552 saltem
3687 3512 3874 3568 usque
3914 3496 3973 3551 ad

2442 3579 2699 3636 initium
2749 3580 3002 3654 imperii
3050 3589 3332 3657 Neronis,
3376 3591 3541 3662 quod
3573 3593 3701 3650 ruit
3729 3596 3819 3651 20.
3850 3609 3971 3649 ann.

2444 3682 2577 3749 post
2606 3684 2975 3754 pa<sionem,
3010 3687 3159 3757 quia
3190 3690 3337 3745 tunc
3369 3690 3603 3747 Paulus
3638 3691 3972 3764 purificavit

2442 3791 2527 3842 se,
2564 3781 2691 3836 Act.
2720 3781 2809 3836 21.
2847 3796 2989 3838 nam
3022 3785 3199 3842 venit
3229 3787 3484 3843 Romam
3516 3803 3688 3846 anno
3717 3792 3772 3846 3.
3804 3791 3971 3845 Nero-

2443 3877 2541 3933 nis
2582 3878 2924 3936 secundum
2979 3881 3134 3953 Mag.
3183 3883 3609 3943 historiarum.
3676 3891 3972 3957 Quartum,

2440 3974 2687 4046 quando
2716 3980 2970 4034 omnino
3002 3980 3122 4037 t'uit
3162 3981 3403 4039 illicita.
3454 3986 3539 4041 De
3590 3985 3711 4042 hac
3759 3992 3971 4043 contro-

2439 4074 2646 4129 versia
2700 4076 2951 4133 Hieron.
3001 4079 3066 4133 in
3119 4081 3301 4151 epist.
3331 4081 3410 4137 ad
3441 4082 3574 4139 Gal.
3605 4088 3662 4141 2.
3697 4089 3756 4141 et
3783 4099 3870 4156 ep.
3894 4083 3967 4139 89.

2437 4169 2515 4226 ad
2545 4174 2706 4243 Aug.
2738 4176 2797 4229 et
2830 4175 2961 4246 ipse
2993 4178 3154 4247 Aug.
3186 4193 3284 4251 ep.
3312 4179 3396 4235 19.
3431 4185 3750 4239 acerrime
3777 4182 3969 4252 dispu-

2441 4269 2594 4327 tant.

2526 4507 2930 4587 Quantum
2980 4508 3068 4598 (f)
3118 4529 3317 4602 ergo
3370 4511 3463 4583 ad
3508 4511 3764 4587 istum
3797 4512 3961 4586 arti·
4056 4545 4083 4594 n

2437 4621 2734 4703 culum,
2779 4624 2953 4697 dico
3021 4626 3223 4718 quod
3260 4626 3337 4698 in
3371 4628 3801 4721 Baptismo
3831 4643 3958 4701 non
4010 4609 4083 4734 ,g

2437 4742 2563 4810 est
2604 4738 3131 4831 distinguere,
3178 4742 3334 4814 nisi
3382 4744 3539 4816 duo
3583 4748 3953 4839 tempora,
3994 4736 4084 4842 33⁸3

2437 4853 2748 4929 scilicet
2790 4862 3109 4972 tempus
3162 4880 3315 4951 quo
3365 4865 3549 4934 erat
3602 4863 3752 4935 sub
3804 4880 3950 4935 con·
3990 4867 4084 4968 Ἐξ

2436 4971 2645 5055 sili0‚
2735 4979 2815 5047 et
2911 4978 3228 5068 tempus
3338 4998 3494 5070 quo
3583 4985 3768 5054 erat
3837 4974 3953 5050 sub
4001 4985 4084 5091 '1⁵33

2435 5096 2885 5183 praecepto;
2955 5095 3033 5164 et
3125 5092 3475 5185 primum
3542 5095 3861 5169 duravit
3913 5110 3948 5163 a
4021 5105 4083 5168 ιω*

2435 5205 2863 5300 principio,
2953 5229 3053 5280 ex
3141 5230 3294 5301 quo
3384 5212 3946 5303 praedicabatur

2433 5323 2987 5415 Evangelium‚
3082 5325 3208 5397 vel
3285 5325 3760 5417 Baptismus
3830 5343 3941 5419 per

2432 5441 2851 5516 Christum
2913 5443 3039 5515 vel
3073 5443 3541 5535 Apostolos,
3597 5439 3939 5538 usquead

2432 5559 3094 5650 praedicationem
3164 5561 3611 5635 solemnem
3688 5565 3763 5636 et
3829 5577 3936 5631 au-
