<?xml version="1.0" encoding="UTF-8"?>
<!DOCTYPE html PUBLIC "-//W3C//DTD XHTML 1.0 Transitional//EN"
    "http://www.w3.org/TR/xhtml1/DTD/xhtml1-transitional.dtd">
<html xmlns="http://www.w3.org/1999/xhtml" xml:lang="en" lang="en">
 <head>
  <title>
</title>
<meta http-equiv="Content-Type" content="text/html;charset=utf-8" />
  <meta name='ocr-system' content='tesseract 3.04.00' />
  <meta name='ocr-capabilities' content='ocr_page ocr_carea ocr_par ocr_line ocrx_word'/>
</head>
<body>
  <div class='ocr_page' id='page_1' title='image "./joannisdunsscot02waddgoog_0702.png"; bbox 0 0 4255 6375; ppageno 0'>
   <div class='ocr_carea' id='block_1_1' title="bbox 406 3091 730 3205">
    <p class='ocr_par' dir='ltr' id='par_1_1' title="bbox 406 3091 730 3205">
     <span class='ocr_line' id='line_1_1' title="bbox 406 3091 730 3205; baseline -0.012 0"><span class='ocrx_word' id='word_1_1' title='bbox 406 3091 730 3205; x_wconf 57' lang='lat' dir='ltr'>Meloliiades.</span> 
     </span>
    </p>
   </div>
   <div class='ocr_carea' id='block_1_2' title="bbox 410 3214 730 3392">
    <p class='ocr_par' dir='ltr' id='par_1_2' title="bbox 410 3214 730 3392">
     <span class='ocr_line' id='line_1_2' title="bbox 410 3214 730 3288; baseline -0.019 -18"><span class='ocrx_word' id='word_1_2' title='bbox 410 3214 730 3288; x_wconf 76' lang='lat' dir='ltr'><strong>Comparatio</strong></span> 
     </span>
     <span class='ocr_line' id='line_1_3' title="bbox 422 3276 684 3392; baseline -0.012 -63"><span class='ocrx_word' id='word_1_3' title='bbox 422 3276 684 3392; x_wconf 57' lang='lat' dir='ltr'>Baptiestmi,</span> 
     </span>
    </p>
   </div>
   <div class='ocr_carea' id='block_1_3' title="bbox 409 3399 2308 3488">
    <p class='ocr_par' dir='ltr' id='par_1_3' title="bbox 409 3399 2308 3488">
     <span class='ocr_line' id='line_1_4' title="bbox 409 3399 2308 3488; baseline 0.001 -25"><span class='ocrx_word' id='word_1_4' title='bbox 409 3402 728 3455; x_wconf 75' lang='lat' dir='ltr'>Coum-mati·</span> <span class='ocrx_word' id='word_1_5' title='bbox 755 3399 989 3486; x_wconf 89' lang='lat' dir='ltr'>inquit,</span> <span class='ocrx_word' id='word_1_6' title='bbox 1036 3411 1255 3465; x_wconf 78' lang='lat' dir='ltr'>utrum</span> <span class='ocrx_word' id='word_1_7' title='bbox 1318 3404 1533 3488; x_wconf 78' lang='lat' dir='ltr'>majus</span> <span class='ocrx_word' id='word_1_8' title='bbox 1583 3411 1743 3465; x_wconf 79' lang='lat' dir='ltr'>esset</span> <span class='ocrx_word' id='word_1_9' title='bbox 1796 3401 2308 3465; x_wconf 77' lang='lat' dir='ltr'><strong><em>Sacramentum</em></strong></span> 
     </span>
    </p>
   </div>
   <div class='ocr_carea' id='block_1_4' title="bbox 423 3466 726 3770">
    <p class='ocr_par' dir='ltr' id='par_1_4' title="bbox 423 3466 726 3768">
     <span class='ocr_line' id='line_1_5' title="bbox 515 3466 627 3516; baseline 0 -1"><span class='ocrx_word' id='word_1_10' title='bbox 515 3466 627 3516; x_wconf 82' lang='lat' dir='ltr'>onis</span> 
     </span>
     <span class='ocr_line' id='line_1_6' title="bbox 423 3530 701 3579; baseline -0.011 0"><span class='ocrx_word' id='word_1_11' title='bbox 423 3530 701 3579; x_wconf 76' lang='lat' dir='ltr'>secundum</span> 
     </span>
     <span class='ocr_line' id='line_1_7' title="bbox 424 3590 726 3656; baseline 0 -16"><span class='ocrx_word' id='word_1_12' title='bbox 424 3590 726 3656; x_wconf 79' lang='lat' dir='ltr'>dignitatem</span> 
     </span>
     <span class='ocr_line' id='line_1_8' title="bbox 423 3658 719 3770; baseline 0 -4"><span class='ocrx_word' id='word_1_13' title='bbox 423 3658 719 3770; x_wconf 52' lang='lat' dir='ltr'>efficgtciam.</span> 
     </span>
    </p>
   </div>
   <div class='ocr_carea' id='block_1_5' title="bbox 405 4607 728 4673">
    <p class='ocr_par' dir='ltr' id='par_1_5' title="bbox 405 4607 728 4673">
     <span class='ocr_line' id='line_1_9' title="bbox 405 4607 728 4673; baseline -0.003 -13"><span class='ocrx_word' id='word_1_14' title='bbox 405 4607 728 4673; x_wconf 73' lang='lat' dir='ltr'>Comparatio</span> 
     </span>
    </p>
   </div>
   <div class='ocr_carea' id='block_1_6' title="bbox 772 334 891 394">
    <p class='ocr_par' dir='ltr' id='par_1_6' title="bbox 772 334 891 394">
     <span class='ocr_line' id='line_1_10' title="bbox 772 334 891 394; baseline 0.008 -2"><span class='ocrx_word' id='word_1_15' title='bbox 772 334 891 394; x_wconf 73' lang='lat'>704</span> 
     </span>
    </p>
   </div>
   <div class='ocr_carea' id='block_1_7' title="bbox 1150 718 1921 799">
    <p class='ocr_par' dir='ltr' id='par_1_7' title="bbox 1150 718 1921 799">
     <span class='ocr_line' id='line_1_11' title="bbox 1150 718 1921 799; baseline -0.003 -12"><span class='ocrx_word' id='word_1_16' title='bbox 1150 718 1619 799; x_wconf 80' lang='lat' dir='ltr'>QUAESTIO</span> <span class='ocrx_word' id='word_1_17' title='bbox 1724 719 1752 788; x_wconf 97' lang='lat'><em>1</em></span> <span class='ocrx_word' id='word_1_18' title='bbox 1794 718 1819 787; x_wconf 93' lang='lat'>1</span> <span class='ocrx_word' id='word_1_19' title='bbox 1865 718 1921 787; x_wconf 95' lang='grc' dir='ltr'>Ι.</span> 
     </span>
    </p>
   </div>
   <div class='ocr_carea' id='block_1_8' title="bbox 764 1016 2308 1099">
    <p class='ocr_par' dir='ltr' id='par_1_8' title="bbox 764 1016 2308 1099">
     <span class='ocr_line' id='line_1_12' title="bbox 764 1016 2308 1099; baseline -0.001 -19"><span class='ocrx_word' id='word_1_20' title='bbox 764 1016 997 1080; x_wconf 78' lang='lat' dir='ltr'>Uerum</span> <span class='ocrx_word' id='word_1_21' title='bbox 1049 1017 1555 1082; x_wconf 80' lang='lat' dir='ltr'><strong><em>Sacramentum</em></strong></span> <span class='ocrx_word' id='word_1_22' title='bbox 1627 1016 2178 1099; x_wconf 76' lang='lat' dir='ltr'>Confirmationis</span> <span class='ocrx_word' id='word_1_23' title='bbox 2222 1017 2308 1079; x_wconf 80' lang='lat' dir='ltr'>sit</span> 
     </span>
    </p>
   </div>
   <div class='ocr_carea' id='block_1_9' title="bbox 1170 1132 1893 1219">
    <p class='ocr_par' dir='ltr' id='par_1_9' title="bbox 1170 1132 1893 1219">
     <span class='ocr_line' id='line_1_13' title="bbox 1170 1132 1893 1219; baseline 0 -22"><span class='ocrx_word' id='word_1_24' title='bbox 1170 1132 1445 1219; x_wconf 70' lang='lat' dir='ltr'>diyniiis</span> <span class='ocrx_word' id='word_1_25' title='bbox 1485 1134 1827 1219; x_wconf 77' lang='lat' dir='ltr'>Baptismo</span> <span class='ocrx_word' id='word_1_26' title='bbox 1860 1132 1893 1197; x_wconf 74' lang='grc' dir='ltr'>ἴ)</span> 
     </span>
    </p>
   </div>
   <div class='ocr_carea' id='block_1_10' title="bbox 749 1354 2308 1428">
    <p class='ocr_par' dir='ltr' id='par_1_10' title="bbox 749 1354 2308 1428">
     <span class='ocr_line' id='line_1_14' title="bbox 749 1354 2308 1428; baseline 0 -14"><span class='ocrx_word' id='word_1_27' title='bbox 749 1359 928 1414; x_wconf 81' lang='lat' dir='ltr'>Alens.</span> <span class='ocrx_word' id='word_1_28' title='bbox 958 1360 1078 1427; x_wconf 79' lang='lat' dir='ltr'>4.p</span> <span class='ocrx_word' id='word_1_29' title='bbox 1139 1376 1187 1428; x_wconf 83' lang='lat' dir='ltr'>q.</span> <span class='ocrx_word' id='word_1_30' title='bbox 1217 1360 1307 1413; x_wconf 86' lang='grc'>27.</span> <span class='ocrx_word' id='word_1_31' title='bbox 1342 1374 1425 1414; x_wconf 88' lang='lat' dir='ltr'>m.</span> <span class='ocrx_word' id='word_1_32' title='bbox 1460 1362 1517 1415; x_wconf 89' lang='grc'>2.</span> <span class='ocrx_word' id='word_1_33' title='bbox 1562 1361 1626 1414; x_wconf 88' lang='lat' dir='ltr'>D.</span> <span class='ocrx_word' id='word_1_34' title='bbox 1691 1362 1900 1415; x_wconf 83' lang='lat' dir='ltr'>Bonav.</span> <span class='ocrx_word' id='word_1_35' title='bbox 1948 1354 2060 1414; x_wconf 77' lang='lat' dir='ltr'>hic.</span> <span class='ocrx_word' id='word_1_36' title='bbox 2092 1360 2225 1413; x_wconf 83' lang='lat' dir='ltr'>dub.</span> <span class='ocrx_word' id='word_1_37' title='bbox 2254 1360 2308 1415; x_wconf 85' lang='lat'>3.</span> 
     </span>
    </p>
   </div>
   <div class='ocr_carea' id='block_1_11' title="bbox 824 1429 2307 1500">
    <p class='ocr_par' dir='ltr' id='par_1_11' title="bbox 824 1429 2307 1500">
     <span class='ocr_line' id='line_1_15' title="bbox 824 1429 2307 1500; baseline -0.002 -13"><span class='ocrx_word' id='word_1_38' title='bbox 824 1429 1094 1487; x_wconf 78' lang='lat' dir='ltr'>Richard.</span> <span class='ocrx_word' id='word_1_39' title='bbox 1125 1448 1177 1486; x_wconf 83' lang='lat' dir='ltr'>a.</span> <span class='ocrx_word' id='word_1_40' title='bbox 1207 1432 1262 1484; x_wconf 84' lang='lat'>5.</span> <span class='ocrx_word' id='word_1_41' title='bbox 1294 1447 1348 1500; x_wconf 84' lang='lat' dir='ltr'>q.</span> <span class='ocrx_word' id='word_1_42' title='bbox 1380 1434 1435 1485; x_wconf 84' lang='lat'>2.</span> <span class='ocrx_word' id='word_1_43' title='bbox 1477 1433 1541 1488; x_wconf 90' lang='lat' dir='ltr'>D.</span> <span class='ocrx_word' id='word_1_44' title='bbox 1565 1429 1822 1500; x_wconf 83' lang='lat' dir='ltr'>Thom.q</span> <span class='ocrx_word' id='word_1_45' title='bbox 1790 1448 1844 1500; x_wconf 87' lang='lat' dir='ltr'>q.</span> <span class='ocrx_word' id='word_1_46' title='bbox 1883 1432 1933 1488; x_wconf 97' lang='grc'>1.</span> <span class='ocrx_word' id='word_1_47' title='bbox 1965 1446 2023 1485; x_wconf 82' lang='lat' dir='ltr'>a.</span> <span class='ocrx_word' id='word_1_48' title='bbox 2071 1431 2117 1486; x_wconf 92' lang='grc'>1.</span> <span class='ocrx_word' id='word_1_49' title='bbox 2149 1432 2307 1485; x_wconf 79' lang='lat' dir='ltr'>Suar.</span> 
     </span>
    </p>
   </div>
   <div class='ocr_carea' id='block_1_12' title="bbox 820 1502 1737 1569">
    <p class='ocr_par' dir='ltr' id='par_1_12' title="bbox 820 1502 1737 1569">
     <span class='ocr_line' id='line_1_16' title="bbox 820 1502 1737 1569; baseline -0.001 -11"><span class='ocrx_word' id='word_1_50' title='bbox 820 1502 1121 1569; x_wconf 73' lang='lat' dir='ltr'>aptom</span> <span class='ocrx_word' id='word_1_51' title='bbox 1152 1502 1737 1561; x_wconf 66' lang='grc'><strong>3.(131360112</strong></span> 
     </span>
    </p>
   </div>
   <div class='ocr_carea' id='block_1_13' title="bbox 749 1749 2311 2191">
    <p class='ocr_par' dir='ltr' id='par_1_13' title="bbox 749 1749 2311 2191">
     <span class='ocr_line' id='line_1_17' title="bbox 845 1749 2307 1842; baseline 0.001 -21"><span class='ocrx_word' id='word_1_52' title='bbox 845 1750 947 1840; x_wconf 85' lang='lat' dir='ltr'>(a)</span> <span class='ocrx_word' id='word_1_53' title='bbox 1001 1750 1362 1822; x_wconf 88' lang='lat' dir='ltr'>Secundo</span> <span class='ocrx_word' id='word_1_54' title='bbox 1399 1749 1829 1842; x_wconf 79' lang='lat' dir='ltr'>quaeritur,</span> <span class='ocrx_word' id='word_1_55' title='bbox 1876 1752 2153 1822; x_wconf 86' lang='lat' dir='ltr'>utrum</span> <span class='ocrx_word' id='word_1_56' title='bbox 2200 1749 2307 1822; x_wconf 91' lang='lat' dir='ltr'>sit</span> 
     </span>
     <span class='ocr_line' id='line_1_18' title="bbox 754 1865 2309 1960; baseline -0.001 -21"><span class='ocrx_word' id='word_1_57' title='bbox 754 1865 1073 1958; x_wconf 88' lang='lat' dir='ltr'>dignius</span> <span class='ocrx_word' id='word_1_58' title='bbox 1128 1866 1614 1960; x_wconf 76' lang='lat' dir='ltr'>Baptismo‘?</span> <span class='ocrx_word' id='word_1_59' title='bbox 1658 1867 1879 1949; x_wconf 82' lang='lat' dir='ltr'>Quod</span> <span class='ocrx_word' id='word_1_60' title='bbox 1921 1865 2060 1948; x_wconf 86' lang='lat' dir='ltr'>sic,</span> <span class='ocrx_word' id='word_1_61' title='bbox 2098 1866 2309 1938; x_wconf 84' lang='lat' dir='ltr'>vide·</span> 
     </span>
     <span class='ocr_line' id='line_1_19' title="bbox 749 1981 2294 2056; baseline -0.003 -4"><span class='ocrx_word' id='word_1_62' title='bbox 749 1984 889 2053; x_wconf 76' lang='lat' dir='ltr'>tur</span> <span class='ocrx_word' id='word_1_63' title='bbox 915 1981 996 2054; x_wconf 86' lang='lat' dir='ltr'>in</span> <span class='ocrx_word' id='word_1_64' title='bbox 1026 1981 1342 2056; x_wconf 80' lang='lat' dir='ltr'>littera.</span> <span class='ocrx_word' id='word_1_65' title='bbox 1396 1983 1600 2054; x_wconf 76' lang='lat' dir='ltr'>Item</span> <span class='ocrx_word' id='word_1_66' title='bbox 1633 1985 1715 2049; x_wconf 85' lang='lat' dir='ltr'>de</span> <span class='ocrx_word' id='word_1_67' title='bbox 1744 2005 1991 2051; x_wconf 74' lang='lat' dir='ltr'>consec.</span> <span class='ocrx_word' id='word_1_68' title='bbox 2023 1983 2181 2049; x_wconf 75' lang='lat' dir='ltr'>dist.</span> <span class='ocrx_word' id='word_1_69' title='bbox 2215 1983 2294 2054; x_wconf 88' lang='lat'>5.</span> 
     </span>
     <span class='ocr_line' id='line_1_20' title="bbox 763 2097 2311 2191; baseline 0.001 -25"><span class='ocrx_word' id='word_1_70' title='bbox 763 2101 1149 2179; x_wconf 76' lang='lat' dir='ltr'>Novissime,</span> <span class='ocrx_word' id='word_1_71' title='bbox 1247 2102 1468 2191; x_wconf 85' lang='lat' dir='ltr'>patet</span> <span class='ocrx_word' id='word_1_72' title='bbox 1575 2097 1780 2191; x_wconf 90' lang='lat' dir='ltr'>quod</span> <span class='ocrx_word' id='word_1_73' title='bbox 1867 2097 2311 2190; x_wconf 84' lang='lat' dir='ltr'>praefertur</span> 
     </span>
    </p>
   </div>
   <div class='ocr_carea' id='block_1_14' title="bbox 754 2213 2150 2306">
    <p class='ocr_par' dir='ltr' id='par_1_14' title="bbox 754 2213 2150 2306">
     <span class='ocr_line' id='line_1_21' title="bbox 754 2213 2150 2306; baseline -0.003 -21"><span class='ocrx_word' id='word_1_74' title='bbox 754 2213 967 2289; x_wconf 83' lang='lat' dir='ltr'>istud</span> <span class='ocrx_word' id='word_1_75' title='bbox 1021 2215 1644 2289; x_wconf 73' lang='lat' dir='ltr'>Sacramentum</span> <span class='ocrx_word' id='word_1_76' title='bbox 1689 2214 2150 2306; x_wconf 88' lang='lat' dir='ltr'>Baptismo.</span> 
     </span>
    </p>
   </div>
   <div class='ocr_carea' id='block_1_15' title="bbox 751 2328 2310 2540">
    <p class='ocr_par' dir='ltr' id='par_1_15' title="bbox 751 2328 2310 2540">
     <span class='ocr_line' id='line_1_22' title="bbox 845 2328 2308 2423; baseline -0.003 -18"><span class='ocrx_word' id='word_1_77' title='bbox 845 2333 1180 2414; x_wconf 80' lang='lat' dir='ltr'>Contra,</span> <span class='ocrx_word' id='word_1_78' title='bbox 1236 2329 1707 2423; x_wconf 79' lang='lat' dir='ltr'><strong>Baptismus</strong></span> <span class='ocrx_word' id='word_1_79' title='bbox 1739 2330 1948 2403; x_wconf 89' lang='lat' dir='ltr'>delet</span> <span class='ocrx_word' id='word_1_80' title='bbox 1980 2328 2308 2420; x_wconf 86' lang='lat' dir='ltr'>culpam</span> 
     </span>
     <span class='ocr_line' id='line_1_23' title="bbox 751 2444 2310 2540; baseline -0.002 -22"><span class='ocrx_word' id='word_1_81' title='bbox 751 2451 831 2520; x_wconf 88' lang='lat' dir='ltr'>et</span> <span class='ocrx_word' id='word_1_82' title='bbox 870 2467 1184 2538; x_wconf 83' lang='lat' dir='ltr'>poenam</span> <span class='ocrx_word' id='word_1_83' title='bbox 1222 2447 1393 2520; x_wconf 90' lang='lat' dir='ltr'>sine</span> <span class='ocrx_word' id='word_1_84' title='bbox 1437 2445 1948 2540; x_wconf 77' lang='lat' dir='ltr'>poenitentia3</span> <span class='ocrx_word' id='word_1_85' title='bbox 1989 2444 2141 2518; x_wconf 92' lang='lat' dir='ltr'>hoc</span> <span class='ocrx_word' id='word_1_86' title='bbox 2177 2465 2310 2518; x_wconf 86' lang='lat' dir='ltr'>au-</span> 
     </span>
    </p>
   </div>
   <div class='ocr_carea' id='block_1_16' title="bbox 758 2569 1624 2656">
    <p class='ocr_par' dir='ltr' id='par_1_16' title="bbox 758 2569 1624 2656">
     <span class='ocr_line' id='line_1_24' title="bbox 758 2569 1624 2656; baseline -0.008 -17"><span class='ocrx_word' id='word_1_87' title='bbox 758 2569 918 2639; x_wconf 90' lang='lat' dir='ltr'>tem</span> <span class='ocrx_word' id='word_1_88' title='bbox 952 2585 1144 2647; x_wconf 88' lang='lat' dir='ltr'>non;</span> <span class='ocrx_word' id='word_1_89' title='bbox 1192 2583 1419 2656; x_wconf 85' lang='lat' dir='ltr'>ergo,</span> <span class='ocrx_word' id='word_1_90' title='bbox 1465 2572 1624 2640; x_wconf 86' lang='lat' dir='ltr'>etc.</span> 
     </span>
    </p>
   </div>
   <div class='ocr_carea' id='block_1_17' title="bbox 1190 2800 1846 2866">
    <p class='ocr_par' dir='ltr' id='par_1_17' title="bbox 1190 2800 1846 2866">
     <span class='ocr_line' id='line_1_25' title="bbox 1190 2800 1846 2866; baseline -0.002 0"><span class='ocrx_word' id='word_1_91' title='bbox 1190 2800 1846 2866; x_wconf 74' lang='lat' dir='ltr'><strong>COMMENTARIUS.</strong></span> 
     </span>
    </p>
   </div>
   <div class='ocr_carea' id='block_1_18' title="bbox 761 3051 2304 3255">
    <p class='ocr_par' dir='ltr' id='par_1_18' title="bbox 761 3051 2304 3255">
     <span class='ocr_line' id='line_1_26' title="bbox 848 3051 2304 3138; baseline -0.001 -21"><span class='ocrx_word' id='word_1_92' title='bbox 848 3051 936 3138; x_wconf 64' lang='lat' dir='ltr'>(a)</span> <span class='ocrx_word' id='word_1_93' title='bbox 967 3051 1267 3118; x_wconf 78' lang='lat' dir='ltr'>Secundo</span> <span class='ocrx_word' id='word_1_94' title='bbox 1324 3053 1668 3138; x_wconf 62' lang='lat' dir='ltr'>quan-itur,</span> <span class='ocrx_word' id='word_1_95' title='bbox 1723 3063 1846 3117; x_wconf 85' lang='lat' dir='ltr'>etc.</span> <span class='ocrx_word' id='word_1_96' title='bbox 1896 3054 2070 3116; x_wconf 82' lang='lat' dir='ltr'>Hanc</span> <span class='ocrx_word' id='word_1_97' title='bbox 2119 3072 2304 3137; x_wconf 71' lang='lat' dir='ltr'>qum-</span> 
     </span>
     <span class='ocr_line' id='line_1_27' title="bbox 761 3166 2304 3255; baseline 0 -21"><span class='ocrx_word' id='word_1_98' title='bbox 761 3167 1039 3235; x_wconf 84' lang='lat' dir='ltr'>stionem</span> <span class='ocrx_word' id='word_1_99' title='bbox 1099 3179 1441 3235; x_wconf 82' lang='lat' dir='ltr'>moverunt</span> <span class='ocrx_word' id='word_1_100' title='bbox 1476 3166 1778 3255; x_wconf 81' lang='lat' dir='ltr'>Episcopi</span> <span class='ocrx_word' id='word_1_101' title='bbox 1813 3166 2180 3254; x_wconf 85' lang='lat' dir='ltr'>Hispaniae;</span> <span class='ocrx_word' id='word_1_102' title='bbox 2228 3167 2304 3235; x_wconf 89' lang='lat' dir='ltr'>ad</span> 
     </span>
    </p>
   </div>
   <div class='ocr_carea' id='block_1_19' title="bbox 761 3282 2299 3372">
    <p class='ocr_par' dir='ltr' id='par_1_19' title="bbox 761 3282 2299 3372">
     <span class='ocr_line' id='line_1_28' title="bbox 761 3282 2299 3372; baseline -0.001 -22"><span class='ocrx_word' id='word_1_103' title='bbox 761 3305 954 3372; x_wconf 90' lang='lat' dir='ltr'>quam</span> <span class='ocrx_word' id='word_1_104' title='bbox 1015 3282 1363 3369; x_wconf 79' lang='lat' dir='ltr'><strong>respondet</strong></span> <span class='ocrx_word' id='word_1_105' title='bbox 1430 3284 1866 3350; x_wconf 75' lang='lat' dir='ltr'>Melchiades,</span> <span class='ocrx_word' id='word_1_106' title='bbox 1936 3284 2299 3362; x_wconf 49' lang='lat' dir='ltr'>Quaesisti&amp;</span> 
     </span>
    </p>
   </div>
   <div class='ocr_carea' id='block_1_20' title="bbox 750 3517 2305 3720">
    <p class='ocr_par' dir='ltr' id='par_1_20' title="bbox 750 3517 2305 3720">
     <span class='ocr_line' id='line_1_29' title="bbox 758 3517 2305 3604; baseline -0.001 -22"><span class='ocrx_word' id='word_1_107' title='bbox 758 3538 992 3582; x_wconf 76' lang='lat' dir='ltr'>manus</span> <span class='ocrx_word' id='word_1_108' title='bbox 1040 3517 1379 3604; x_wconf 75' lang='lat' dir='ltr'><em>impositio</em></span> <span class='ocrx_word' id='word_1_109' title='bbox 1436 3518 1939 3604; x_wconf 0' lang='lat' dir='ltr'>Eptmscoporum</span> <span class='ocrx_word' id='word_1_110' title='bbox 1994 3526 2110 3582; x_wconf 77' lang='lat' dir='ltr'>ane</span> <span class='ocrx_word' id='word_1_111' title='bbox 2181 3517 2305 3580; x_wconf 86' lang='lat' dir='ltr'>Ba·</span> 
     </span>
     <span class='ocr_line' id='line_1_30' title="bbox 750 3634 2305 3720; baseline -0.001 -22"><span class='ocrx_word' id='word_1_112' title='bbox 750 3634 1086 3720; x_wconf 76' lang='lat' dir='ltr'>ptismus?</span> <span class='ocrx_word' id='word_1_113' title='bbox 1179 3634 1425 3699; x_wconf 75' lang='lat' dir='ltr'><em>Scitote</em></span> <span class='ocrx_word' id='word_1_114' title='bbox 1470 3645 1819 3719; x_wconf 79' lang='lat' dir='ltr'>utrumque</span> <span class='ocrx_word' id='word_1_115' title='bbox 1860 3654 2175 3720; x_wconf 71' lang='lat' dir='ltr'>maynum</span> <span class='ocrx_word' id='word_1_116' title='bbox 2213 3652 2305 3698; x_wconf 77' lang='lat' dir='ltr'>es-</span> 
     </span>
    </p>
   </div>
   <div class='ocr_carea' id='block_1_21' title="bbox 750 3748 2305 4419">
    <p class='ocr_par' dir='ltr' id='par_1_21' title="bbox 750 3748 2305 4419">
     <span class='ocr_line' id='line_1_31' title="bbox 753 3748 2304 3837; baseline -0.001 -22"><span class='ocrx_word' id='word_1_117' title='bbox 753 3771 842 3829; x_wconf 75' lang='lat' dir='ltr'>se,</span> <span class='ocrx_word' id='word_1_118' title='bbox 900 3763 1023 3817; x_wconf 89' lang='lat' dir='ltr'>etc.</span> <span class='ocrx_word' id='word_1_119' title='bbox 1093 3749 1202 3816; x_wconf 92' lang='lat' dir='ltr'>ubi</span> <span class='ocrx_word' id='word_1_120' title='bbox 1247 3749 1515 3837; x_wconf 71' lang='lat' dir='ltr'>praefert</span> <span class='ocrx_word' id='word_1_121' title='bbox 1573 3748 2146 3816; x_wconf 79' lang='lat' dir='ltr'>confirmationem</span> <span class='ocrx_word' id='word_1_122' title='bbox 2209 3748 2304 3814; x_wconf 93' lang='lat' dir='ltr'>in-</span> 
     </span>
     <span class='ocr_line' id='line_1_32' title="bbox 753 3864 2305 3954; baseline -0.001 -23"><span class='ocrx_word' id='word_1_123' title='bbox 753 3878 1068 3953; x_wconf 79' lang='lat' dir='ltr'>quantum</span> <span class='ocrx_word' id='word_1_124' title='bbox 1108 3886 1147 3932; x_wconf 88' lang='lat' dir='ltr'>a</span> <span class='ocrx_word' id='word_1_125' title='bbox 1206 3866 1587 3954; x_wconf 79' lang='lat' dir='ltr'>majoribu8‚</span> <span class='ocrx_word' id='word_1_126' title='bbox 1650 3864 1897 3932; x_wconf 88' lang='lat' dir='ltr'>scilicet</span> <span class='ocrx_word' id='word_1_127' title='bbox 1964 3865 2305 3952; x_wconf 85' lang='lat' dir='ltr'>Episcopis</span> 
     </span>
     <span class='ocr_line' id='line_1_33' title="bbox 751 3981 2299 4069; baseline 0.001 -22"><span class='ocrx_word' id='word_1_128' title='bbox 751 3994 1007 4050; x_wconf 86' lang='lat' dir='ltr'>tantum</span> <span class='ocrx_word' id='word_1_129' title='bbox 1084 3982 1224 4050; x_wconf 71' lang='lat' dir='ltr'>fieri</span> <span class='ocrx_word' id='word_1_130' title='bbox 1295 3995 1529 4069; x_wconf 83' lang='lat' dir='ltr'>potest,</span> <span class='ocrx_word' id='word_1_131' title='bbox 1612 4002 1738 4048; x_wconf 92' lang='lat' dir='ltr'>non</span> <span class='ocrx_word' id='word_1_132' title='bbox 1788 4003 1824 4050; x_wconf 88' lang='lat' dir='ltr'>a</span> <span class='ocrx_word' id='word_1_133' title='bbox 1895 3981 2299 4060; x_wconf 88' lang='lat' dir='ltr'>minoribus;</span> 
     </span>
     <span class='ocr_line' id='line_1_34' title="bbox 752 4097 2304 4189; baseline -0.001 -23"><span class='ocrx_word' id='word_1_134' title='bbox 752 4100 1017 4189; x_wconf 77' lang='lat' dir='ltr'>praesert</span> <span class='ocrx_word' id='word_1_135' title='bbox 1049 4122 1128 4167; x_wconf 83' lang='lat' dir='ltr'>ex</span> <span class='ocrx_word' id='word_1_136' title='bbox 1169 4101 1369 4167; x_wconf 85' lang='lat' dir='ltr'>altera</span> <span class='ocrx_word' id='word_1_137' title='bbox 1411 4112 1591 4186; x_wconf 88' lang='lat' dir='ltr'>parte</span> <span class='ocrx_word' id='word_1_138' title='bbox 1622 4099 2049 4185; x_wconf 88' lang='lat' dir='ltr'>Baptismum,</span> <span class='ocrx_word' id='word_1_139' title='bbox 2088 4097 2304 4186; x_wconf 88' lang='lat' dir='ltr'>quoad</span> 
     </span>
     <span class='ocr_line' id='line_1_35' title="bbox 750 4215 2305 4304; baseline -0.002 -21"><span class='ocrx_word' id='word_1_140' title='bbox 750 4217 1054 4285; x_wconf 80' lang='lat' dir='ltr'>effectum</span> <span class='ocrx_word' id='word_1_141' title='bbox 1105 4217 1360 4300; x_wconf 80' lang='lat' dir='ltr'>salutiS,</span> <span class='ocrx_word' id='word_1_142' title='bbox 1406 4237 1600 4303; x_wconf 89' lang='lat' dir='ltr'>quem</span> <span class='ocrx_word' id='word_1_143' title='bbox 1635 4215 2093 4304; x_wconf 71' lang='lat' dir='ltr'>praeveniente</span> <span class='ocrx_word' id='word_1_144' title='bbox 2134 4235 2305 4281; x_wconf 90' lang='lat' dir='ltr'>mor-</span> 
     </span>
     <span class='ocr_line' id='line_1_36' title="bbox 752 4332 2297 4419; baseline -0.003 -17"><span class='ocrx_word' id='word_1_145' title='bbox 752 4347 815 4402; x_wconf 88' lang='lat' dir='ltr'>te</span> <span class='ocrx_word' id='word_1_146' title='bbox 862 4335 1042 4402; x_wconf 86' lang='lat' dir='ltr'>solus</span> <span class='ocrx_word' id='word_1_147' title='bbox 1082 4334 1224 4401; x_wconf 90' lang='lat' dir='ltr'>sine</span> <span class='ocrx_word' id='word_1_148' title='bbox 1263 4332 1767 4401; x_wconf 78' lang='lat' dir='ltr'>Confirmatione</span> <span class='ocrx_word' id='word_1_149' title='bbox 1817 4344 2031 4419; x_wconf 89' lang='lat' dir='ltr'>potest</span> <span class='ocrx_word' id='word_1_150' title='bbox 2119 4333 2297 4412; x_wconf 84' lang='lat' dir='ltr'>dare,</span> 
     </span>
    </p>
   </div>
   <div class='ocr_carea' id='block_1_22' title="bbox 754 4464 1231 4519">
    <p class='ocr_par' dir='ltr' id='par_1_22' title="bbox 754 4464 1231 4519">
     <span class='ocr_line' id='line_1_37' title="bbox 754 4464 1231 4519; baseline 0 -2"><span class='ocrx_word' id='word_1_151' title='bbox 754 4472 885 4518; x_wconf 82' lang='lat' dir='ltr'>110ss</span> <span class='ocrx_word' id='word_1_152' title='bbox 916 4473 951 4519; x_wconf 75' lang='grc' dir='ltr'>θ</span> <span class='ocrx_word' id='word_1_153' title='bbox 982 4464 1207 4519; x_wconf 67' lang='lat' dir='ltr'>Contra</span> <span class='ocrx_word' id='word_1_154' title='bbox 1219 4504 1231 4517; x_wconf 95' lang='lat'><strong>.</strong></span> 
     </span>
    </p>
   </div>
   <div class='ocr_carea' id='block_1_23' title="bbox 458 4564 2303 5126">
    <p class='ocr_par' dir='ltr' id='par_1_23' title="bbox 458 4564 2303 5126">
     <span class='ocr_line' id='line_1_38' title="bbox 842 4564 2303 4635; baseline -0.001 -2"><span class='ocrx_word' id='word_1_155' title='bbox 842 4570 912 4633; x_wconf 90' lang='lat' dir='ltr'>In</span> <span class='ocrx_word' id='word_1_156' title='bbox 984 4567 1089 4634; x_wconf 90' lang='lat' dir='ltr'>his</span> <span class='ocrx_word' id='word_1_157' title='bbox 1138 4567 1394 4634; x_wconf 90' lang='lat' dir='ltr'>duobus</span> <span class='ocrx_word' id='word_1_158' title='bbox 1453 4579 1579 4635; x_wconf 85' lang='lat' dir='ltr'>stat</span> <span class='ocrx_word' id='word_1_159' title='bbox 1639 4566 1951 4633; x_wconf 81' lang='lat' dir='ltr'><em>resolutio</em></span> <span class='ocrx_word' id='word_1_160' title='bbox 2010 4564 2303 4633; x_wconf 87' lang='lat' dir='ltr'>Doctoris</span> 
     </span>
     <span class='ocr_line' id='line_1_39' title="bbox 458 4683 2301 4770; baseline 0.001 -21"><span class='ocrx_word' id='word_1_161' title='bbox 458 4687 518 4721; x_wconf 77' lang='lat' dir='ltr'>ex</span> <span class='ocrx_word' id='word_1_162' title='bbox 594 4687 675 4725; x_wconf 78' lang='lat'>¹¹⁶·</span> <span class='ocrx_word' id='word_1_163' title='bbox 755 4684 1159 4770; x_wconf 85' lang='lat' dir='ltr'>Baptismum</span> <span class='ocrx_word' id='word_1_164' title='bbox 1200 4683 1516 4751; x_wconf 82' lang='lat' dir='ltr'>excedere</span> <span class='ocrx_word' id='word_1_165' title='bbox 1562 4704 1642 4750; x_wconf 85' lang='lat' dir='ltr'>ex</span> <span class='ocrx_word' id='word_1_166' title='bbox 1693 4683 2093 4770; x_wconf 79' lang='lat' dir='ltr'>perfectione</span> <span class='ocrx_word' id='word_1_167' title='bbox 2150 4683 2301 4751; x_wconf 81' lang='lat' dir='ltr'>finis</span> 
     </span>
     <span class='ocr_line' id='line_1_40' title="bbox 754 4800 2290 4889; baseline -0.001 -18"><span class='ocrx_word' id='word_1_168' title='bbox 754 4816 816 4871; x_wconf 91' lang='lat' dir='ltr'>et</span> <span class='ocrx_word' id='word_1_169' title='bbox 864 4801 1359 4870; x_wconf 79' lang='lat' dir='ltr'>universalitate</span> <span class='ocrx_word' id='word_1_170' title='bbox 1389 4802 1658 4869; x_wconf 81' lang='lat' dir='ltr'>effectus</span> <span class='ocrx_word' id='word_1_171' title='bbox 1699 4802 1721 4889; x_wconf 89' lang='lat'><strong>(</strong></span> <span class='ocrx_word' id='word_1_172' title='bbox 1745 4801 1894 4889; x_wconf 87' lang='lat' dir='ltr'>quia</span> <span class='ocrx_word' id='word_1_173' title='bbox 1925 4800 2033 4867; x_wconf 86' lang='lat' dir='ltr'>dat</span> <span class='ocrx_word' id='word_1_174' title='bbox 2073 4801 2290 4870; x_wconf 82' lang='lat' dir='ltr'>vitam.</span> 
     </span>
     <span class='ocr_line' id='line_1_41' title="bbox 751 4919 2298 5008; baseline -0.001 -20"><span class='ocrx_word' id='word_1_175' title='bbox 751 4921 921 4988; x_wconf 87' lang='lat' dir='ltr'>delet</span> <span class='ocrx_word' id='word_1_176' title='bbox 992 4934 1331 5008; x_wconf 87' lang='lat' dir='ltr'>peccatum</span> <span class='ocrx_word' id='word_1_177' title='bbox 1412 4931 1476 4988; x_wconf 90' lang='lat' dir='ltr'>et</span> <span class='ocrx_word' id='word_1_178' title='bbox 1546 4940 1830 5008; x_wconf 81' lang='lat' dir='ltr'>poenam,</span> <span class='ocrx_word' id='word_1_179' title='bbox 1902 4919 2139 4986; x_wconf 85' lang='lat' dir='ltr'>minuit</span> <span class='ocrx_word' id='word_1_180' title='bbox 2197 4921 2298 4987; x_wconf 82' lang='lat' dir='ltr'>fo-</span> 
     </span>
     <span class='ocr_line' id='line_1_42' title="bbox 751 5037 2296 5126; baseline -0.001 -21"><span class='ocrx_word' id='word_1_181' title='bbox 751 5039 1000 5120; x_wconf 83' lang='lat' dir='ltr'>mitem,</span> <span class='ocrx_word' id='word_1_182' title='bbox 1048 5037 1224 5126; x_wconf 88' lang='lat' dir='ltr'>etc.)</span> <span class='ocrx_word' id='word_1_183' title='bbox 1281 5038 1877 5118; x_wconf 70' lang='lat' dir='ltr'>Consti-mationem,</span> <span class='ocrx_word' id='word_1_184' title='bbox 1943 5059 2091 5125; x_wconf 84' lang='lat' dir='ltr'>quae</span> <span class='ocrx_word' id='word_1_185' title='bbox 2159 5052 2296 5105; x_wconf 89' lang='lat' dir='ltr'>tan·</span> 
     </span>
    </p>
   </div>
   <div class='ocr_carea' id='block_1_24' title="bbox 1950 331 2886 398">
    <p class='ocr_par' dir='ltr' id='par_1_24' title="bbox 1950 331 2886 398">
     <span class='ocr_line' id='line_1_43' title="bbox 1950 331 2886 398; baseline 0.001 -3"><span class='ocrx_word' id='word_1_186' title='bbox 1950 335 2094 396; x_wconf 71' lang='grc' dir='ltr'>ΜΒ.</span> <span class='ocrx_word' id='word_1_187' title='bbox 2143 334 2243 395; x_wconf 82' lang='lat' dir='ltr'>w.</span> <span class='ocrx_word' id='word_1_188' title='bbox 2288 331 2886 398; x_wconf 71' lang='lat' dir='ltr'>SENTRN‘HARUM</span> 
     </span>
    </p>
   </div>
   <div class='ocr_carea' id='block_1_25' title="bbox 2418 493 3897 938">
    <p class='ocr_par' dir='ltr' id='par_1_25' title="bbox 2418 493 3897 938">
     <span class='ocr_line' id='line_1_44' title="bbox 2422 493 3888 589; baseline 0.006 -29"><span class='ocrx_word' id='word_1_189' title='bbox 2422 493 2664 561; x_wconf 79' lang='lat' dir='ltr'>auxilia</span> <span class='ocrx_word' id='word_1_190' title='bbox 2697 497 3094 564; x_wconf 79' lang='lat' dir='ltr'>universalia</span> <span class='ocrx_word' id='word_1_191' title='bbox 3123 498 3204 565; x_wconf 88' lang='lat' dir='ltr'>ad</span> <span class='ocrx_word' id='word_1_192' title='bbox 3245 499 3714 566; x_wconf 80' lang='lat' dir='ltr'>observantiam</span> <span class='ocrx_word' id='word_1_193' title='bbox 3749 503 3888 589; x_wconf 82' lang='lat' dir='ltr'>legis.</span> 
     </span>
     <span class='ocr_line' id='line_1_45' title="bbox 2420 613 3888 699; baseline 0.007 -23"><span class='ocrx_word' id='word_1_194' title='bbox 2420 613 2715 678; x_wconf 91' lang='lat' dir='ltr'>Secundo</span> <span class='ocrx_word' id='word_1_195' title='bbox 2790 613 2948 679; x_wconf 84' lang='lat' dir='ltr'>dicit</span> <span class='ocrx_word' id='word_1_196' title='bbox 3018 616 3336 684; x_wconf 81' lang='lat' dir='ltr'>excedere</span> <span class='ocrx_word' id='word_1_197' title='bbox 3364 616 3888 699; x_wconf 74' lang='lat' dir='ltr'>confirmationem,</span> 
     </span>
     <span class='ocr_line' id='line_1_46' title="bbox 2420 727 3894 822; baseline 0.007 -30"><span class='ocrx_word' id='word_1_198' title='bbox 2420 727 2571 814; x_wconf 85' lang='lat' dir='ltr'>quia</span> <span class='ocrx_word' id='word_1_199' title='bbox 2609 751 2690 796; x_wconf 82' lang='lat' dir='ltr'>ex</span> <span class='ocrx_word' id='word_1_200' title='bbox 2729 729 3013 818; x_wconf 85' lang='lat' dir='ltr'>digniori</span> <span class='ocrx_word' id='word_1_201' title='bbox 3075 733 3377 801; x_wconf 87' lang='lat' dir='ltr'>ministro</span> <span class='ocrx_word' id='word_1_202' title='bbox 3443 732 3771 822; x_wconf 78' lang='lat' dir='ltr'>perficitur.</span> <span class='ocrx_word' id='word_1_203' title='bbox 3820 738 3894 803; x_wconf 65' lang='lat' dir='ltr'>Vi·</span> 
     </span>
     <span class='ocr_line' id='line_1_47' title="bbox 2418 842 3897 938; baseline 0.008 -30"><span class='ocrx_word' id='word_1_204' title='bbox 2418 842 2650 914; x_wconf 87' lang='lat' dir='ltr'>deatur</span> <span class='ocrx_word' id='word_1_205' title='bbox 2762 848 2955 915; x_wconf 87' lang='lat' dir='ltr'>etiam</span> <span class='ocrx_word' id='word_1_206' title='bbox 3043 851 3413 918; x_wconf 82' lang='lat' dir='ltr'>Eucherius</span> <span class='ocrx_word' id='word_1_207' title='bbox 3518 852 3897 938; x_wconf 76' lang='lat' dir='ltr'>Lugdunensis</span> 
     </span>
    </p>
   </div>
   <div class='ocr_carea' id='block_1_26' title="bbox 2418 936 4077 1066">
    <p class='ocr_par' dir='ltr' id='par_1_26' title="bbox 2418 936 4077 1066">
     <span class='ocr_line' id='line_1_48' title="bbox 2418 936 4077 1066; baseline 0.008 -41"><span class='ocrx_word' id='word_1_208' title='bbox 2418 960 2698 1029; x_wconf 76' lang='lat' dir='ltr'>homilia</span> <span class='ocrx_word' id='word_1_209' title='bbox 2765 967 2840 1032; x_wconf 82' lang='lat' dir='ltr'>in</span> <span class='ocrx_word' id='word_1_210' title='bbox 2887 967 2998 1032; x_wconf 81' lang='lat' dir='ltr'>die</span> <span class='ocrx_word' id='word_1_211' title='bbox 3047 969 3485 1044; x_wconf 71' lang='lat' dir='ltr'>pentecostes,</span> <span class='ocrx_word' id='word_1_212' title='bbox 3554 969 3619 1034; x_wconf 92' lang='lat' dir='ltr'>in</span> <span class='ocrx_word' id='word_1_213' title='bbox 3667 989 3770 1056; x_wconf 81' lang='lat' dir='ltr'>qua</span> <span class='ocrx_word' id='word_1_214' title='bbox 3801 936 4077 1066; x_wconf 51' lang='lat' dir='ltr'>mbffi&#39;ss</span> 
     </span>
    </p>
   </div>
   <div class='ocr_carea' id='block_1_27' title="bbox 2419 1079 3892 1283">
    <p class='ocr_par' dir='ltr' id='par_1_27' title="bbox 2419 1079 3892 1283">
     <span class='ocr_line' id='line_1_49' title="bbox 2419 1079 3892 1171; baseline 0.006 -28"><span class='ocrx_word' id='word_1_215' title='bbox 2419 1079 2575 1145; x_wconf 79' lang='lat' dir='ltr'>clire</span> <span class='ocrx_word' id='word_1_216' title='bbox 2606 1079 2947 1170; x_wconf 83' lang='lat' dir='ltr'>utriusque</span> <span class='ocrx_word' id='word_1_217' title='bbox 2977 1084 3543 1171; x_wconf 77' lang='lat' dir='ltr'>comparationem</span> <span class='ocrx_word' id='word_1_218' title='bbox 3591 1100 3651 1150; x_wconf 80' lang='lat' dir='ltr'>et</span> <span class='ocrx_word' id='word_1_219' title='bbox 3684 1085 3892 1152; x_wconf 77' lang='lat' dir='ltr'>fructum</span> 
     </span>
     <span class='ocr_line' id='line_1_50' title="bbox 2420 1196 2728 1283; baseline 0.006 -22"><span class='ocrx_word' id='word_1_220' title='bbox 2420 1196 2728 1283; x_wconf 81' lang='lat' dir='ltr'>explicat.</span> 
     </span>
    </p>
   </div>
   <div class='ocr_carea' id='block_1_28' title="bbox 2998 1477 3420 1539">
    <p class='ocr_par' dir='ltr' id='par_1_28' title="bbox 2998 1477 3420 1539">
     <span class='ocr_line' id='line_1_51' title="bbox 2998 1477 3420 1539; baseline 0.009 -7"><span class='ocrx_word' id='word_1_221' title='bbox 2998 1477 3387 1539; x_wconf 68' lang='lat' dir='ltr'>senonum</span> <span class='ocrx_word' id='word_1_222' title='bbox 3403 1520 3420 1536; x_wconf 90' lang='lat'><strong>.</strong></span> 
     </span>
    </p>
   </div>
   <div class='ocr_carea' id='block_1_29' title="bbox 2422 1705 3918 1972">
    <p class='ocr_par' dir='ltr' id='par_1_29' title="bbox 2422 1705 3918 1972">
     <span class='ocr_line' id='line_1_52' title="bbox 2496 1705 3915 1778; baseline 0.004 -22"><span class='ocrx_word' id='word_1_223' title='bbox 2496 1707 2963 1762; x_wconf 72' lang='lat' dir='ltr'>Sacramentum</span> <span class='ocrx_word' id='word_1_224' title='bbox 3040 1705 3557 1778; x_wconf 80' lang='lat' dir='ltr'>Confirmationis</span> <span class='ocrx_word' id='word_1_225' title='bbox 3639 1706 3915 1761; x_wconf 79' lang='lat' dir='ltr'>secuudum</span> 
     </span>
     <span class='ocr_line' id='line_1_53' title="bbox 2434 1802 3918 1875; baseline 0 -18"><span class='ocrx_word' id='word_1_226' title='bbox 2434 1802 2586 1873; x_wconf 84' lang='lat' dir='ltr'>quid</span> <span class='ocrx_word' id='word_1_227' title='bbox 2617 1805 2955 1874; x_wconf 78' lang='lat' dir='ltr'>perfectius</span> <span class='ocrx_word' id='word_1_228' title='bbox 2996 1806 3326 1875; x_wconf 80' lang='lat' dir='ltr'>Baptismo,</span> <span class='ocrx_word' id='word_1_229' title='bbox 3359 1803 3473 1860; x_wconf 88' lang='lat' dir='ltr'>sed</span> <span class='ocrx_word' id='word_1_230' title='bbox 3525 1803 3638 1859; x_wconf 86' lang='lat' dir='ltr'>hoc</span> <span class='ocrx_word' id='word_1_231' title='bbox 3673 1804 3918 1873; x_wconf 68' lang='lat' dir='ltr'>simpliei-</span> 
     </span>
     <span class='ocr_line' id='line_1_54' title="bbox 2422 1902 3075 1972; baseline 0 -16"><span class='ocrx_word' id='word_1_232' title='bbox 2422 1904 2515 1956; x_wconf 89' lang='lat' dir='ltr'>ter</span> <span class='ocrx_word' id='word_1_233' title='bbox 2544 1915 2681 1956; x_wconf 86' lang='lat' dir='ltr'>esse</span> <span class='ocrx_word' id='word_1_234' title='bbox 2709 1902 3075 1972; x_wconf 75' lang='lat' dir='ltr'>perfectius,</span> 
     </span>
    </p>
   </div>
   <div class='ocr_carea' id='block_1_30' title="bbox 2513 2098 4002 2193">
    <p class='ocr_par' dir='ltr' id='par_1_30' title="bbox 2513 2098 4002 2193">
     <span class='ocr_line' id='line_1_55' title="bbox 2513 2098 4002 2193; baseline 0.003 -21"><span class='ocrx_word' id='word_1_235' title='bbox 2513 2102 3011 2193; x_wconf 89' lang='lat' dir='ltr'>Respondeo,</span> <span class='ocrx_word' id='word_1_236' title='bbox 3087 2101 3403 2193; x_wconf 88' lang='lat' dir='ltr'>quando</span> <span class='ocrx_word' id='word_1_237' title='bbox 3479 2098 3770 2191; x_wconf 86' lang='lat' dir='ltr'>aliquid</span> <span class='ocrx_word' id='word_1_238' title='bbox 3838 2099 3913 2168; x_wconf 90' lang='lat' dir='ltr'>in·</span> <span class='ocrx_word' id='word_1_239' title='bbox 3989 2132 4002 2177; x_wconf 73' lang='grc' dir='ltr'>ε</span> 
     </span>
    </p>
   </div>
   <div class='ocr_carea' id='block_1_31' title="bbox 2416 2216 3919 3957">
    <p class='ocr_par' dir='ltr' id='par_1_31' title="bbox 2416 2216 3919 3957">
     <span class='ocr_line' id='line_1_56' title="bbox 2420 2216 3916 2313; baseline -0.004 -21"><span class='ocrx_word' id='word_1_240' title='bbox 2420 2219 2692 2302; x_wconf 88' lang='lat' dir='ltr'>cludit,</span> <span class='ocrx_word' id='word_1_241' title='bbox 2737 2219 2863 2292; x_wconf 86' lang='lat' dir='ltr'>vel</span> <span class='ocrx_word' id='word_1_242' title='bbox 2927 2219 3495 2313; x_wconf 82' lang='lat' dir='ltr'>praesupponit</span> <span class='ocrx_word' id='word_1_243' title='bbox 3547 2218 3774 2297; x_wconf 86' lang='lat' dir='ltr'>aliud,</span> <span class='ocrx_word' id='word_1_244' title='bbox 3815 2216 3916 2288; x_wconf 73' lang='lat' dir='ltr'>illa</span> 
     </span>
     <span class='ocr_line' id='line_1_57' title="bbox 2426 2338 3912 2433; baseline -0.003 -22"><span class='ocrx_word' id='word_1_245' title='bbox 2426 2345 2763 2433; x_wconf 79' lang='lat' dir='ltr'>possunt</span> <span class='ocrx_word' id='word_1_246' title='bbox 2805 2340 3299 2432; x_wconf 87' lang='lat' dir='ltr'>comparari,</span> <span class='ocrx_word' id='word_1_247' title='bbox 3351 2339 3488 2411; x_wconf 85' lang='lat' dir='ltr'>vel</span> <span class='ocrx_word' id='word_1_248' title='bbox 3543 2338 3912 2411; x_wconf 86' lang='lat' dir='ltr'>secundum</span> 
     </span>
     <span class='ocr_line' id='line_1_58' title="bbox 2419 2451 3914 2548; baseline -0.003 -21"><span class='ocrx_word' id='word_1_249' title='bbox 2419 2454 2638 2536; x_wconf 90' lang='lat' dir='ltr'>illud,</span> <span class='ocrx_word' id='word_1_250' title='bbox 2726 2455 2930 2547; x_wconf 90' lang='lat' dir='ltr'>quod</span> <span class='ocrx_word' id='word_1_251' title='bbox 3019 2453 3357 2548; x_wconf 79' lang='lat' dir='ltr'>praecise</span> <span class='ocrx_word' id='word_1_252' title='bbox 3443 2454 3788 2548; x_wconf 85' lang='lat' dir='ltr'>pertinet</span> <span class='ocrx_word' id='word_1_253' title='bbox 3851 2451 3914 2522; x_wconf 81' lang='lat' dir='ltr'>ad</span> 
     </span>
     <span class='ocr_line' id='line_1_59' title="bbox 2419 2569 3915 2664; baseline 0.001 -21"><span class='ocrx_word' id='word_1_254' title='bbox 2419 2575 2884 2664; x_wconf 89' lang='lat' dir='ltr'>utrumque,</span> <span class='ocrx_word' id='word_1_255' title='bbox 2983 2573 3111 2646; x_wconf 86' lang='lat' dir='ltr'>vel</span> <span class='ocrx_word' id='word_1_256' title='bbox 3207 2572 3655 2646; x_wconf 88' lang='lat' dir='ltr'>secundum</span> <span class='ocrx_word' id='word_1_257' title='bbox 3749 2569 3915 2646; x_wconf 76' lang='lat' dir='ltr'>illud..</span> 
     </span>
     <span class='ocr_line' id='line_1_60' title="bbox 2422 2690 3917 2784; baseline -0.001 -23"><span class='ocrx_word' id='word_1_258' title='bbox 2422 2690 2630 2781; x_wconf 90' lang='lat' dir='ltr'>quod</span> <span class='ocrx_word' id='word_1_259' title='bbox 2696 2691 3130 2763; x_wconf 87' lang='lat' dir='ltr'>secundum</span> <span class='ocrx_word' id='word_1_260' title='bbox 3203 2692 3438 2784; x_wconf 89' lang='lat' dir='ltr'>ponit</span> <span class='ocrx_word' id='word_1_261' title='bbox 3506 2708 3917 2784; x_wconf 84' lang='lat' dir='ltr'>praesuppo-</span> 
     </span>
     <span class='ocr_line' id='line_1_61' title="bbox 2422 2805 3917 2902; baseline -0.004 -21"><span class='ocrx_word' id='word_1_262' title='bbox 2422 2810 2581 2883; x_wconf 90' lang='lat' dir='ltr'>sito</span> <span class='ocrx_word' id='word_1_263' title='bbox 2677 2809 2970 2902; x_wconf 88' lang='lat' dir='ltr'>primo.</span> <span class='ocrx_word' id='word_1_264' title='bbox 3068 2812 3171 2884; x_wconf 88' lang='lat' dir='ltr'>Et</span> <span class='ocrx_word' id='word_1_265' title='bbox 3233 2809 3562 2902; x_wconf 90' lang='lat' dir='ltr'>quidem</span> <span class='ocrx_word' id='word_1_266' title='bbox 3634 2805 3917 2881; x_wconf 76' lang='lat' dir='ltr'>secunda</span> 
     </span>
     <span class='ocr_line' id='line_1_62' title="bbox 2421 2924 3919 3020; baseline -0.003 -23"><span class='ocrx_word' id='word_1_267' title='bbox 2421 2926 2936 3018; x_wconf 88' lang='lat' dir='ltr'>comparatio</span> <span class='ocrx_word' id='word_1_268' title='bbox 2978 2947 3139 3000; x_wconf 92' lang='lat' dir='ltr'>non</span> <span class='ocrx_word' id='word_1_269' title='bbox 3204 2932 3331 3001; x_wconf 91' lang='lat' dir='ltr'>est</span> <span class='ocrx_word' id='word_1_270' title='bbox 3410 2948 3561 3020; x_wconf 88' lang='lat' dir='ltr'>per</span> <span class='ocrx_word' id='word_1_271' title='bbox 3621 2950 3725 3008; x_wconf 89' lang='lat' dir='ltr'>se,</span> <span class='ocrx_word' id='word_1_272' title='bbox 3779 2924 3919 3016; x_wconf 81' lang='lat' dir='ltr'>quia</span> 
     </span>
     <span class='ocr_line' id='line_1_63' title="bbox 2423 3045 3919 3121; baseline -0.003 -3"><span class='ocrx_word' id='word_1_273' title='bbox 2423 3045 2540 3118; x_wconf 89' lang='lat' dir='ltr'>sic</span> <span class='ocrx_word' id='word_1_274' title='bbox 2600 3045 3183 3121; x_wconf 85' lang='lat' dir='ltr'>universaliter</span> <span class='ocrx_word' id='word_1_275' title='bbox 3241 3048 3682 3120; x_wconf 89' lang='lat' dir='ltr'>secundum</span> <span class='ocrx_word' id='word_1_276' title='bbox 3746 3062 3919 3117; x_wconf 85' lang='lat' dir='ltr'>exce·</span> 
     </span>
     <span class='ocr_line' id='line_1_64' title="bbox 2418 3162 3918 3256; baseline -0.002 -20"><span class='ocrx_word' id='word_1_277' title='bbox 2418 3163 2532 3236; x_wconf 88' lang='lat' dir='ltr'>dit</span> <span class='ocrx_word' id='word_1_278' title='bbox 2577 3163 2957 3256; x_wconf 88' lang='lat' dir='ltr'>primum,</span> <span class='ocrx_word' id='word_1_279' title='bbox 3022 3162 3233 3237; x_wconf 86' lang='lat' dir='ltr'>sicut</span> <span class='ocrx_word' id='word_1_280' title='bbox 3272 3162 3431 3235; x_wconf 91' lang='lat' dir='ltr'>duo</span> <span class='ocrx_word' id='word_1_281' title='bbox 3503 3164 3710 3235; x_wconf 89' lang='lat' dir='ltr'>bona</span> <span class='ocrx_word' id='word_1_282' title='bbox 3746 3179 3918 3233; x_wconf 82' lang='lat' dir='ltr'>exce-</span> 
     </span>
     <span class='ocr_line' id='line_1_65' title="bbox 2416 3273 3918 3367; baseline -0.005 -17"><span class='ocrx_word' id='word_1_283' title='bbox 2416 3278 2612 3350; x_wconf 86' lang='lat' dir='ltr'>dunt</span> <span class='ocrx_word' id='word_1_284' title='bbox 2662 3277 3158 3352; x_wconf 88' lang='lat' dir='ltr'>alterutrum</span> <span class='ocrx_word' id='word_1_285' title='bbox 3224 3296 3545 3349; x_wconf 90' lang='lat' dir='ltr'>eorum.</span> <span class='ocrx_word' id='word_1_286' title='bbox 3611 3277 3748 3350; x_wconf 84' lang='lat' dir='ltr'>Sed</span> <span class='ocrx_word' id='word_1_287' title='bbox 3803 3273 3918 3367; x_wconf 85' lang='lat' dir='ltr'>pri·</span> 
     </span>
     <span class='ocr_line' id='line_1_66' title="bbox 2423 3392 3917 3490; baseline -0.007 -20"><span class='ocrx_word' id='word_1_288' title='bbox 2423 3415 2552 3470; x_wconf 90' lang='lat' dir='ltr'>ma</span> <span class='ocrx_word' id='word_1_289' title='bbox 2610 3400 2735 3469; x_wconf 93' lang='lat' dir='ltr'>est</span> <span class='ocrx_word' id='word_1_290' title='bbox 2775 3418 2920 3490; x_wconf 91' lang='lat' dir='ltr'>per</span> <span class='ocrx_word' id='word_1_291' title='bbox 2988 3417 3096 3477; x_wconf 87' lang='lat' dir='ltr'>se,</span> <span class='ocrx_word' id='word_1_292' title='bbox 3147 3395 3336 3489; x_wconf 89' lang='lat' dir='ltr'>quia</span> <span class='ocrx_word' id='word_1_293' title='bbox 3366 3401 3492 3468; x_wconf 92' lang='lat' dir='ltr'>est</span> <span class='ocrx_word' id='word_1_294' title='bbox 3550 3392 3917 3468; x_wconf 87' lang='lat' dir='ltr'>secundum</span> 
     </span>
     <span class='ocr_line' id='line_1_67' title="bbox 2423 3512 3897 3606; baseline -0.004 -22"><span class='ocrx_word' id='word_1_295' title='bbox 2423 3512 2806 3601; x_wconf 82' lang='lat' dir='ltr'>praecisas</span> <span class='ocrx_word' id='word_1_296' title='bbox 2852 3514 3213 3587; x_wconf 86' lang='lat' dir='ltr'>rationes</span> <span class='ocrx_word' id='word_1_297' title='bbox 3264 3516 3897 3606; x_wconf 79' lang='lat' dir='ltr'>comparatorum</span> 
     </span>
     <span class='ocr_line' id='line_1_68' title="bbox 2420 3628 3913 3724; baseline -0.007 -21"><span class='ocrx_word' id='word_1_298' title='bbox 2420 3633 2521 3704; x_wconf 87' lang='lat' dir='ltr'>Et</span> <span class='ocrx_word' id='word_1_299' title='bbox 2553 3630 2703 3703; x_wconf 90' lang='lat' dir='ltr'>hoc</span> <span class='ocrx_word' id='word_1_300' title='bbox 2739 3632 2973 3704; x_wconf 90' lang='lat' dir='ltr'>modo</span> <span class='ocrx_word' id='word_1_301' title='bbox 3014 3630 3217 3714; x_wconf 88' lang='lat' dir='ltr'>dico,</span> <span class='ocrx_word' id='word_1_302' title='bbox 3266 3631 3466 3724; x_wconf 89' lang='lat' dir='ltr'>quod</span> <span class='ocrx_word' id='word_1_303' title='bbox 3514 3628 3913 3722; x_wconf 83' lang='lat' dir='ltr'>baptismus</span> 
     </span>
     <span class='ocr_line' id='line_1_69' title="bbox 2416 3747 3914 3841; baseline -0.006 -21"><span class='ocrx_word' id='word_1_304' title='bbox 2416 3753 2542 3822; x_wconf 90' lang='lat' dir='ltr'>est</span> <span class='ocrx_word' id='word_1_305' title='bbox 2587 3747 3075 3841; x_wconf 88' lang='lat' dir='ltr'>simpliciter</span> <span class='ocrx_word' id='word_1_306' title='bbox 3111 3747 3460 3820; x_wconf 82' lang='lat' dir='ltr'>nobilius</span> <span class='ocrx_word' id='word_1_307' title='bbox 3497 3750 3914 3820; x_wconf 87' lang='lat' dir='ltr'>Sacramen-</span> 
     </span>
     <span class='ocr_line' id='line_1_70' title="bbox 2418 3861 3912 3957; baseline -0.008 -17"><span class='ocrx_word' id='word_1_308' title='bbox 2418 3870 2616 3948; x_wconf 85' lang='lat' dir='ltr'>tum,</span> <span class='ocrx_word' id='word_1_309' title='bbox 2689 3866 3084 3957; x_wconf 86' lang='lat' dir='ltr'>loquendo</span> <span class='ocrx_word' id='word_1_310' title='bbox 3167 3865 3257 3937; x_wconf 92' lang='lat' dir='ltr'>de</span> <span class='ocrx_word' id='word_1_311' title='bbox 3333 3862 3758 3936; x_wconf 86' lang='lat' dir='ltr'>nobilitate</span> <span class='ocrx_word' id='word_1_312' title='bbox 3816 3861 3912 3931; x_wconf 81' lang='lat' dir='ltr'>Sa·</span> 
     </span>
    </p>
   </div>
   <div class='ocr_carea' id='block_1_32' title="bbox 2415 3975 3913 4075">
    <p class='ocr_par' dir='ltr' id='par_1_32' title="bbox 2415 3975 4042 4075">
     <span class='ocr_line' id='line_1_71' title="bbox 2415 3975 3913 4075; baseline -0.009 -20"><span class='ocrx_word' id='word_1_313' title='bbox 2415 3982 2814 4056; x_wconf 86' lang='lat' dir='ltr'>eramenti</span> <span class='ocrx_word' id='word_1_314' title='bbox 2858 4002 3096 4075; x_wconf 89' lang='lat' dir='ltr'>penes</span> <span class='ocrx_word' id='word_1_315' title='bbox 3148 3980 3384 4053; x_wconf 87' lang='lat' dir='ltr'>finem</span> <span class='ocrx_word' id='word_1_316' title='bbox 3434 3975 3913 4074; x_wconf 81' lang='lat' dir='ltr'>principalem</span> 
     </span>
    </p>
   </div>
   <div class='ocr_carea' id='block_1_33' title="bbox 2414 4096 3916 5121">
    <p class='ocr_par' dir='ltr' id='par_1_33' title="bbox 2414 4096 3916 4991">
     <span class='ocr_line' id='line_1_72' title="bbox 2418 4096 3913 4191; baseline -0.009 -18"><span class='ocrx_word' id='word_1_317' title='bbox 2418 4100 2952 4182; x_wconf 71' lang='lat' dir='ltr'>sacramenti,</span> <span class='ocrx_word' id='word_1_318' title='bbox 3009 4099 3143 4191; x_wconf 86' lang='lat' dir='ltr'>qui</span> <span class='ocrx_word' id='word_1_319' title='bbox 3192 4104 3317 4172; x_wconf 87' lang='lat' dir='ltr'>est</span> <span class='ocrx_word' id='word_1_320' title='bbox 3369 4096 3706 4171; x_wconf 81' lang='lat' dir='ltr'>collatio</span> <span class='ocrx_word' id='word_1_321' title='bbox 3769 4108 3913 4183; x_wconf 79' lang='lat' dir='ltr'>gra-</span> 
     </span>
     <span class='ocr_line' id='line_1_73' title="bbox 2419 4210 3911 4309; baseline -0.003 -20"><span class='ocrx_word' id='word_1_322' title='bbox 2419 4217 2610 4300; x_wconf 82' lang='lat' dir='ltr'>tiae;</span> <span class='ocrx_word' id='word_1_323' title='bbox 2679 4237 2867 4290; x_wconf 86' lang='lat' dir='ltr'>nam</span> <span class='ocrx_word' id='word_1_324' title='bbox 2908 4217 3005 4289; x_wconf 86' lang='lat' dir='ltr'>ad</span> <span class='ocrx_word' id='word_1_325' title='bbox 3092 4216 3492 4309; x_wconf 88' lang='lat' dir='ltr'>majorem</span> <span class='ocrx_word' id='word_1_326' title='bbox 3583 4210 3911 4306; x_wconf 76' lang='lat' dir='ltr'>gratiam,</span> 
     </span>
     <span class='ocr_line' id='line_1_74' title="bbox 2415 4326 3916 4426; baseline -0.009 -20"><span class='ocrx_word' id='word_1_327' title='bbox 2415 4338 2497 4408; x_wconf 88' lang='lat' dir='ltr'>et</span> <span class='ocrx_word' id='word_1_328' title='bbox 2571 4334 2665 4406; x_wconf 88' lang='lat' dir='ltr'>ad</span> <span class='ocrx_word' id='word_1_329' title='bbox 2731 4334 3006 4426; x_wconf 88' lang='lat' dir='ltr'>plures</span> <span class='ocrx_word' id='word_1_330' title='bbox 3075 4332 3416 4407; x_wconf 81' lang='lat' dir='ltr'>effectus</span> <span class='ocrx_word' id='word_1_331' title='bbox 3480 4326 3916 4422; x_wconf 82' lang='lat' dir='ltr'>simpliciter</span> 
     </span>
     <span class='ocr_line' id='line_1_75' title="bbox 2416 4450 3913 4543; baseline -0.008 -20"><span class='ocrx_word' id='word_1_332' title='bbox 2416 4450 2726 4523; x_wconf 90' lang='lat' dir='ltr'>nobiles</span> <span class='ocrx_word' id='word_1_333' title='bbox 2761 4451 3184 4525; x_wconf 84' lang='lat' dir='ltr'>confertur</span> <span class='ocrx_word' id='word_1_334' title='bbox 3214 4450 3688 4543; x_wconf 87' lang='lat' dir='ltr'>Baptismus</span> <span class='ocrx_word' id='word_1_335' title='bbox 3721 4459 3913 4537; x_wconf 85' lang='lat' dir='ltr'>quam</span> 
     </span>
     <span class='ocr_line' id='line_1_76' title="bbox 2416 4566 3916 4659; baseline -0.011 -18"><span class='ocrx_word' id='word_1_336' title='bbox 2416 4566 2976 4651; x_wconf 84' lang='lat' dir='ltr'>Confirmatio.</span> <span class='ocrx_word' id='word_1_337' title='bbox 3046 4566 3480 4659; x_wconf 88' lang='lat' dir='ltr'>Loquendo</span> <span class='ocrx_word' id='word_1_338' title='bbox 3533 4570 3790 4638; x_wconf 86' lang='lat' dir='ltr'>tamen</span> <span class='ocrx_word' id='word_1_339' title='bbox 3832 4574 3916 4627; x_wconf 82' lang='lat' dir='ltr'>se-</span> 
     </span>
     <span class='ocr_line' id='line_1_77' title="bbox 2415 4681 3911 4776; baseline -0.005 -19"><span class='ocrx_word' id='word_1_340' title='bbox 2415 4685 2756 4758; x_wconf 88' lang='lat' dir='ltr'>cundum</span> <span class='ocrx_word' id='word_1_341' title='bbox 2879 4684 3123 4757; x_wconf 88' lang='lat' dir='ltr'>aliam</span> <span class='ocrx_word' id='word_1_342' title='bbox 3235 4681 3911 4776; x_wconf 77' lang='lat' dir='ltr'>comparationem,</span> 
     </span>
     <span class='ocr_line' id='line_1_78' title="bbox 2414 4785 3911 4883; baseline -0.01 -7"><span class='ocrx_word' id='word_1_343' title='bbox 2414 4801 2945 4876; x_wconf 87' lang='lat' dir='ltr'>Confirmatio</span> <span class='ocrx_word' id='word_1_344' title='bbox 3017 4800 3363 4875; x_wconf 89' lang='lat' dir='ltr'>multum</span> <span class='ocrx_word' id='word_1_345' title='bbox 3414 4799 3632 4873; x_wconf 88' lang='lat' dir='ltr'>addit</span> <span class='ocrx_word' id='word_1_346' title='bbox 3698 4785 3911 4883; x_wconf 75' lang='lat' dir='ltr'>Bapti-</span> 
     </span>
     <span class='ocr_line' id='line_1_79' title="bbox 2415 4940 2615 4991; baseline -0.015 -1"><span class='ocrx_word' id='word_1_347' title='bbox 2415 4940 2615 4991; x_wconf 88' lang='lat' dir='ltr'>smo.</span> 
     </span>
    </p>

    <p class='ocr_par' dir='ltr' id='par_1_34' title="bbox 2502 5031 3906 5121">
     <span class='ocr_line' id='line_1_80' title="bbox 2502 5031 3906 5121; baseline -0.009 -12"><span class='ocrx_word' id='word_1_348' title='bbox 2502 5038 2784 5111; x_wconf 84' lang='lat' dir='ltr'>Potest</span> <span class='ocrx_word' id='word_1_349' title='bbox 2816 5035 3065 5110; x_wconf 88' lang='lat' dir='ltr'>etiam</span> <span class='ocrx_word' id='word_1_350' title='bbox 3107 5035 3264 5108; x_wconf 90' lang='lat' dir='ltr'>dici</span> <span class='ocrx_word' id='word_1_351' title='bbox 3325 5034 3747 5107; x_wconf 87' lang='lat' dir='ltr'>secundum</span> <span class='ocrx_word' id='word_1_352' title='bbox 3783 5031 3906 5121; x_wconf 77' lang='lat' dir='ltr'>quid</span> 
     </span>
    </p>
   </div>
   <div class='ocr_carea' id='block_1_34' title="bbox 747 5145 3902 5362">
    <p class='ocr_par' dir='ltr' id='par_1_35' title="bbox 747 5145 3902 5362">
     <span class='ocr_line' id='line_1_81' title="bbox 748 5145 3902 5245; baseline -0.002 -22"><span class='ocrx_word' id='word_1_353' title='bbox 748 5169 886 5224; x_wconf 89' lang='lat' dir='ltr'>tum</span> <span class='ocrx_word' id='word_1_354' title='bbox 952 5157 1061 5223; x_wconf 84' lang='lat' dir='ltr'>dat</span> <span class='ocrx_word' id='word_1_355' title='bbox 1154 5167 1580 5243; x_wconf 84' lang='lat' dir='ltr'>augmentum</span> <span class='ocrx_word' id='word_1_356' title='bbox 1642 5157 1897 5243; x_wconf 78' lang='lat' dir='ltr'>gratiae,</span> <span class='ocrx_word' id='word_1_357' title='bbox 1969 5167 2032 5223; x_wconf 84' lang='lat' dir='ltr'>et</span> <span class='ocrx_word' id='word_1_358' title='bbox 2106 5158 2297 5245; x_wconf 90' lang='lat' dir='ltr'>cujus</span> <span class='ocrx_word' id='word_1_359' title='bbox 2411 5153 2948 5228; x_wconf 74' lang='lat' dir='ltr'>Confirmatio</span> <span class='ocrx_word' id='word_1_360' title='bbox 2999 5152 3378 5235; x_wconf 79' lang='lat' dir='ltr'>nobilior,</span> <span class='ocrx_word' id='word_1_361' title='bbox 3438 5152 3744 5225; x_wconf 80' lang='lat' dir='ltr'>ratione</span> <span class='ocrx_word' id='word_1_362' title='bbox 3794 5145 3902 5219; x_wconf 89' lang='lat' dir='ltr'>mi-</span> 
     </span>
     <span class='ocr_line' id='line_1_82' title="bbox 747 5265 3902 5362; baseline -0.003 -21"><span class='ocrx_word' id='word_1_363' title='bbox 747 5273 898 5341; x_wconf 83' lang='lat' dir='ltr'>finis</span> <span class='ocrx_word' id='word_1_364' title='bbox 958 5273 1367 5361; x_wconf 87' lang='lat' dir='ltr'>particularis</span> <span class='ocrx_word' id='word_1_365' title='bbox 1418 5286 1541 5359; x_wconf 87' lang='lat' dir='ltr'>est,</span> <span class='ocrx_word' id='word_1_366' title='bbox 1596 5294 1830 5362; x_wconf 88' lang='lat' dir='ltr'>nempe</span> <span class='ocrx_word' id='word_1_367' title='bbox 1876 5273 2032 5340; x_wconf 86' lang='lat' dir='ltr'>dare</span> <span class='ocrx_word' id='word_1_368' title='bbox 2100 5273 2298 5341; x_wconf 86' lang='lat' dir='ltr'>robur</span> <span class='ocrx_word' id='word_1_369' title='bbox 2409 5270 2682 5356; x_wconf 81' lang='lat' dir='ltr'>nistri,</span> <span class='ocrx_word' id='word_1_370' title='bbox 2748 5270 2937 5362; x_wconf 81' lang='lat' dir='ltr'>quia</span> <span class='ocrx_word' id='word_1_371' title='bbox 2996 5288 3042 5341; x_wconf 81' lang='lat' dir='ltr'>a</span> <span class='ocrx_word' id='word_1_372' title='bbox 3118 5267 3510 5341; x_wconf 77' lang='lat' dir='ltr'>nobiliori</span> <span class='ocrx_word' id='word_1_373' title='bbox 3583 5265 3902 5339; x_wconf 82' lang='lat' dir='ltr'>ministro</span> 
     </span>
    </p>
   </div>
   <div class='ocr_carea' id='block_1_35' title="bbox 746 5389 3892 5603">
    <p class='ocr_par' dir='ltr' id='par_1_36' title="bbox 746 5389 3892 5603">
     <span class='ocr_line' id='line_1_83' title="bbox 746 5389 2293 5478; baseline -0.001 -21"><span class='ocrx_word' id='word_1_374' title='bbox 746 5389 824 5457; x_wconf 91' lang='lat' dir='ltr'>ad</span> <span class='ocrx_word' id='word_1_375' title='bbox 893 5390 1368 5478; x_wconf 78' lang='lat' dir='ltr'>professionem</span> <span class='ocrx_word' id='word_1_376' title='bbox 1436 5389 1590 5456; x_wconf 83' lang='lat' dir='ltr'>fidei</span> <span class='ocrx_word' id='word_1_377' title='bbox 1654 5401 1979 5478; x_wconf 86' lang='lat' dir='ltr'>susceptae</span> <span class='ocrx_word' id='word_1_378' title='bbox 2052 5389 2118 5455; x_wconf 92' lang='lat' dir='ltr'>in</span> <span class='ocrx_word' id='word_1_379' title='bbox 2181 5393 2293 5456; x_wconf 91' lang='lat' dir='ltr'>Ba·</span> 
     </span>
     <span class='ocr_line' id='line_1_84' title="bbox 1107 5500 3892 5603; baseline 0 -29"><span class='ocrx_word' id='word_1_380' title='bbox 1107 5508 1479 5594; x_wconf 82' lang='lat' dir='ltr'>Baptismus</span> <span class='ocrx_word' id='word_1_381' title='bbox 1553 5518 1771 5576; x_wconf 86' lang='lat' dir='ltr'>autem</span> <span class='ocrx_word' id='word_1_382' title='bbox 1838 5507 2144 5594; x_wconf 77' lang='lat' dir='ltr'>gratiam,</span> <span class='ocrx_word' id='word_1_383' title='bbox 2231 5520 2295 5574; x_wconf 84' lang='lat' dir='ltr'>et</span> <span class='ocrx_word' id='word_1_384' title='bbox 2405 5504 2734 5597; x_wconf 87' lang='lat' dir='ltr'>pliciter</span> <span class='ocrx_word' id='word_1_385' title='bbox 2793 5508 3133 5596; x_wconf 84' lang='lat' dir='ltr'>propter</span> <span class='ocrx_word' id='word_1_386' title='bbox 3170 5500 3347 5595; x_wconf 90' lang='lat' dir='ltr'>ejus</span> <span class='ocrx_word' id='word_1_387' title='bbox 3411 5501 3892 5603; x_wconf 78' lang='lat' dir='ltr'>nobilitatem,</span> 
     </span>
    </p>
   </div>
   <div class='ocr_carea' id='block_1_36' title="bbox 747 5508 1026 5594">
    <p class='ocr_par' dir='ltr' id='par_1_37' title="bbox 747 5508 1026 5594">
     <span class='ocr_line' id='line_1_85' title="bbox 747 5508 1026 5594; baseline -0.004 -20"><span class='ocrx_word' id='word_1_388' title='bbox 747 5508 984 5594; x_wconf 87' lang='lat' dir='ltr'>ptismo</span> <span class='ocrx_word' id='word_1_389' title='bbox 1010 5532 1026 5587; x_wconf 81' lang='lat'><em>3</em></span> 
     </span>
    </p>
   </div>
   <div class='ocr_carea' id='block_1_37' title="bbox 2408 5380 3900 5470">
    <p class='ocr_par' dir='ltr' id='par_1_38' title="bbox 2408 5380 3900 5470">
     <span class='ocr_line' id='line_1_86' title="bbox 2408 5380 3900 5470; baseline -0.007 -9"><span class='ocrx_word' id='word_1_390' title='bbox 2408 5387 2878 5470; x_wconf 86' lang='lat' dir='ltr'>confertur;</span> <span class='ocrx_word' id='word_1_391' title='bbox 2944 5386 3077 5459; x_wconf 90' lang='lat' dir='ltr'>sed</span> <span class='ocrx_word' id='word_1_392' title='bbox 3125 5405 3285 5460; x_wconf 94' lang='lat' dir='ltr'>non</span> <span class='ocrx_word' id='word_1_393' title='bbox 3353 5391 3483 5460; x_wconf 90' lang='lat' dir='ltr'>est</span> <span class='ocrx_word' id='word_1_394' title='bbox 3554 5386 3694 5458; x_wconf 89' lang='lat' dir='ltr'>hoc</span> <span class='ocrx_word' id='word_1_395' title='bbox 3763 5380 3900 5453; x_wconf 87' lang='lat' dir='ltr'>sim·</span> 
     </span>
    </p>
   </div>
   <div class='ocr_carea' id='block_1_38' title="bbox 3932 3664 4060 3723">
    <p class='ocr_par' dir='ltr' id='par_1_39' title="bbox 3932 3664 4060 3723">
     <span class='ocr_line' id='line_1_87' title="bbox 3932 3664 4060 3723; baseline 0 -18"><span class='ocrx_word' id='word_1_396' title='bbox 3932 3664 4060 3723; x_wconf 47' lang='lat' dir='ltr'>&amp;aba</span> 
     </span>
    </p>
   </div>
   <div class='ocr_carea' id='block_1_39' title="bbox 3932 3732 4077 3965">
    <p class='ocr_par' dir='ltr' id='par_1_40' title="bbox 3932 3732 4077 3965">
     <span class='ocr_line' id='line_1_88' title="bbox 4003 3732 4036 3767; baseline 0 -2"><span class='ocrx_word' id='word_1_397' title='bbox 4003 3732 4036 3767; x_wconf 57' lang='lat' dir='ltr'>a</span> 
     </span>
     <span class='ocr_line' id='line_1_89' title="bbox 3941 3784 4077 3857; baseline 0 -69"><span class='ocrx_word' id='word_1_398' title='bbox 3941 3784 4077 3857; x_wconf 38' lang='lat' dir='ltr'><em>ff</em></span> 
     </span>
     <span class='ocr_line' id='line_1_90' title="bbox 3932 3854 4077 3965; baseline 0 -51"><span class='ocrx_word' id='word_1_399' title='bbox 3932 3854 4077 3965; x_wconf 34' lang='grc' dir='ltr'>ᾗ</span> 
     </span>
    </p>
   </div>
   <div class='ocr_carea' id='block_1_40' title="bbox 4069 448 4083 4598">
    <p class='ocr_par' dir='ltr' id='par_1_41' title="bbox 4069 448 4083 4598">
     <span class='ocr_line' id='line_1_91' title="bbox 4069 448 4083 4598; baseline 0 0"><span class='ocrx_word' id='word_1_400' title='bbox 4069 448 4083 4598; x_wconf 95' lang='lat' dir='ltr'> </span> 
     </span>
    </p>
   </div>
   <div class='ocr_carea' id='block_1_41' title="bbox 4072 5115 4080 6192">
    <p class='ocr_par' dir='ltr' id='par_1_42' title="bbox 4072 5115 4080 6192">
     <span class='ocr_line' id='line_1_92' title="bbox 4072 5115 4080 6192; baseline 0 0"><span class='ocrx_word' id='word_1_401' title='bbox 4072 5115 4080 6192; x_wconf 95' lang='lat' dir='ltr'> </span> 
     </span>
    </p>
   </div>
  </div>
 </body>
</html>
