4255 6375
491 2019 578 2071 99.

405 2082 677 2133 'rx-anaim·

514 2144 578 2194 ad

439 2221 643 2278 scopam

409 2267 670 2333 principa-

484 2332 602 2382 lem.

421 2837 511 2903 obj
519 2836 668 2888 ectio.

379 4009 664 4091 Responsio
674 4064 688 4079 .

707 350 798 417 84

727 516 833 584 vel
889 515 1118 585 volitio
1162 518 1395 587 efficax
1443 529 1682 597 motus,
1747 517 1862 586 sed
1912 518 2265 604 imperium

724 634 1036 722 supponit
1102 635 1385 722 aliquam
1459 635 1812 723 potentiam
1874 635 2263 723 subjectam,

724 752 830 818 cui
870 752 1269 838 imperatum
1332 751 1560 818 volitio
1599 751 1833 819 efficax
1893 762 2110 817 motus
2155 772 2267 817 an-

725 866 962 934 tecedit
1012 880 1285 948 motum,
1332 879 1396 934 et
1436 867 1509 933 fit
1547 867 1691 934 sine
1733 878 1909 935 motu
1951 877 2269 953 sequente

725 995 798 1048 ut
841 982 911 1048 in
967 983 1334 1070 spiritibus,
1382 984 1492 1070 qui
1518 984 1917 1049 detinentur
1996 982 2062 1047 in
2114 981 2269 1067 igne

724 1097 989 1179 Inferni,
1052 1098 1242 1166 datur
1288 1100 1593 1167 voluntas
1634 1098 2078 1165 intensissima
2130 1117 2267 1162 mo-

727 1215 925 1281 vendi
966 1237 1037 1283 se
1093 1238 1174 1283 ex
1229 1217 1338 1284 illo
1384 1238 1666 1296 carcere,
1731 1216 1875 1282 sine
1927 1226 2107 1282 motu
2142 1214 2265 1280 ali-

728 1352 856 1418 quo
890 1354 906 1411 ;
960 1333 1152 1401 debet
1200 1355 1358 1423 ergo
1390 1346 1605 1402 motus
1657 1334 2003 1421 provenire
2033 1332 2113 1399 ab
2146 1329 2270 1397 alia

726 1449 1037 1537 potentia,
1115 1470 1263 1536 quae
1318 1450 1621 1536 impediri
1701 1461 1935 1536 potest,
2012 1469 2161 1514 nam
2211 1447 2267 1515 si

721 1578 896 1635 esset
951 1587 987 1632 a
1048 1568 1406 1646 voluntate,
1480 1567 1739 1633 videtur
1806 1565 2112 1632 sufficere
2188 1563 2266 1630 ad

723 1703 870 1749 eum
924 1694 1106 1750 actus
1157 1682 1564 1770 praemissus,
1613 1684 2000 1770 inquantum
2060 1694 2160 1750 est
2189 1680 2271 1748 de

727 1820 799 1866 se
825 1798 1090 1867 efficax.

818 1914 1146 2003 Quidquid
1204 1915 1284 1982 de
1322 1916 1447 1981 hoc
1503 1913 1611 1994 sit,
1674 1915 1728 1981 si
1786 1915 2025 2002 aliquis
2065 1926 2271 1981 statu-

731 2043 870 2098 eret
911 2032 974 2096 in
1026 2030 1274 2118 Angelo
1326 2031 1680 2118 potentiam
1734 2032 2146 2098 executivam
2179 2030 2269 2097 di-

730 2168 989 2217 versam
1049 2168 1085 2214 a
1130 2148 1490 2228 voluntate,
1555 2149 1858 2215 subesset
1912 2147 2266 2227 voluntati,

733 2266 905 2333 sicut
957 2265 1326 2345 executiva‚
1386 2277 1449 2332 et
1515 2265 1612 2331 sic
1660 2285 1789 2330 non
1839 2277 2061 2351 posset
2127 2263 2274 2330 sine

734 2393 879 2448 actu
920 2381 1277 2447 voluntatis
1325 2391 1389 2447 et
1435 2380 1804 2448 intellectus
1844 2380 2089 2467 aliquid
2125 2400 2271 2465 pro-

733 2495 992 2575 ducere,
1065 2506 1129 2561 et
1185 2505 1315 2560 stat
1372 2494 1558 2561 ratio.

822 2610 945 2678 Sed
989 2608 1314 2697 quomodo
1344 2609 1645 2675 subsistit
1675 2609 1865 2691 rati0,
1921 2610 1976 2675 si
2019 2630 2269 2696 suppo-

734 2726 912 2792 nitur
967 2746 1083 2813 per
1144 2745 1214 2791 se
1254 2736 1436 2790 actus
1476 2723 1585 2789 ille
1614 2724 1972 2791 voluntatis
2013 2724 2261 2802 solum,

732 2851 1041 2928 tanquam
1094 2840 1485 2927 principium
1527 2839 1951 2928 producendi,
1991 2841 2095 2907 vel
2125 2851 2265 2906 tan-

728 2976 922 3044 quam
962 2967 1145 3021 actus
1205 2955 1673 3041 productivus;
1745 2956 1850 3020 hic
1898 2976 2057 3041 ergo
2102 2954 2269 3021 assi-

722 3092 887 3158 gnas
925 3071 1209 3137 medium
1261 3071 1429 3137 inter
1468 3071 1604 3151 illa,
1653 3071 1707 3137 si
1740 3071 2004 3137 daretur
2052 3071 2270 3158 aliqua

717 3187 1007 3275 potentia
1053 3185 1316 3254 diversa
1377 3209 1411 3254 a
1473 3189 1840 3266 voluntate,
1905 3209 2055 3275 quae
2095 3200 2275 3255 esset

717 3305 1025 3384 creatrix,
1115 3305 1280 3393 licet,
1330 3307 1652 3373 voluntati
1723 3307 2018 3393 subjecta
2100 3305 2274 3373 sicut

715 3422 1082 3500 executiva,
1128 3421 1281 3508 quia
1318 3434 1502 3489 actus
1545 3422 1908 3488 voluntatis
1948 3433 2126 3489 esset
2159 3442 2274 3509 ap-

718 3537 967 3623 plicans
1023 3548 1088 3603 et
1140 3537 1497 3623 imperans,
1567 3557 1696 3602 non
1750 3549 1970 3603 autem
2030 3536 2271 3623 princi-

718 3653 899 3740 pium
941 3652 1211 3719 formale
1256 3650 1686 3738 producendi,
1750 3664 1864 3719 aut
1901 3664 2086 3720 actus
2122 3672 2273 3740 pro-

719 3766 1024 3836 ductivus
1072 3779 1299 3835 contra
1346 3768 1546 3835 dicta.

811 3894 1288 3983 Respondetur,
1326 3895 1499 3983 quod
1548 3909 1731 3963 actus
1776 3896 2135 3964 voluntatis
2175 3916 2276 3962 es-

725 4033 826 4090 set
867 4022 1286 4111 principium,
1350 4023 1416 4088 in
1474 4044 1553 4089 eo
1599 4044 1778 4102 casu,
1846 4023 2269 4110 producendi,

725 4151 875 4240 quia
962 4148 1319 4236 applicaret
1418 4149 1771 4236 potentiam
1868 4149 2271 4217 inferiorem.

725 4266 969 4334 Deinde
1007 4270 1240 4332 Ductor
1272 4267 1377 4331 hic
1416 4277 1667 4331 tantum
1728 4265 2005 4332 intendit
2045 4266 2275 4351 proba-

723 4413 817 4473 re,
865 4391 1014 4458 dato
1062 4412 1161 4469 e0,
1209 4390 1381 4477 quod
1432 4411 1560 4455 non
1609 4390 1911 4469 admittit,
1978 4410 2275 4456 necessa-

727 4519 823 4584 rio
864 4515 1282 4605 praesupponi
1314 4528 1531 4584 actum
1581 4516 1935 4583 voluntatis
1992 4527 2054 4581 et
2088 4514 2277 4581 intel-

723 4642 928 4708 lectus
958 4642 1280 4728 Angelici‚
1320 4643 1383 4707 in
1415 4643 1643 4708 ordine
1675 4642 1750 4709 ad
1794 4663 2278 4730 quamcumque

722 4766 1041 4833 actionem
1105 4766 1411 4852 potentiae
1469 4767 1548 4833 ab
1603 4767 1704 4832 his
1759 4767 2064 4846 diversoe,
2121 4769 2275 4855 quia

725 4892 976 4958 tertiam
1020 4890 1529 4979 propositionem
1578 4891 1829 4978 probat,
1885 4892 2027 4958 data
2077 4893 2273 4958 etiam

722 5018 1009 5103 potentia
1049 5015 1393 5083 executiva
1424 5015 1709 5095 diversa,
1746 5036 1895 5102 quae
1925 5028 2100 5083 esset
2132 5036 2273 5082 cre-

723 5143 933 5222 atrix;
1000 5143 1122 5209 hoc
1150 5153 1368 5209 autem
1428 5160 1554 5206 non
1599 5139 1984 5227 praejudicat
2041 5141 2273 5228 primae

725 5267 1149 5354 propositioni
1191 5267 1335 5354 ejus
1391 5277 1617 5332 contra
1667 5265 2092 5347 Avicennam,
2159 5265 2270 5353 qui

721 5392 1004 5459 admittit
1042 5392 1246 5459 creari
1313 5391 1818 5478 Intelligcntiam
1880 5411 1994 5478 per
2049 5403 2265 5458 actum

723 5515 1112 5595 intellectus,
1157 5537 1368 5604 neque
1409 5516 1799 5604 probationi,
1835 5527 1905 5582 ut
1957 5529 2130 5603 patet
2186 5537 2267 5583 ex

1884 356 2031 421 mn.
2064 355 2166 419 w.
2214 350 2812 421 SENTENTIARUM

2382 518 2725 605 praemissa
2758 517 3253 607 impugnatione
3302 518 3753 607 responsionis
3799 523 3939 587 Du-

2381 635 2591 715 randi,
2638 636 2747 703 ubi
2781 638 3120 724 probatum
3155 648 3256 705 est
3296 659 3424 704 non
3457 658 3653 726 posse
3691 636 3783 704 sic
3818 636 3937 702 da·

2380 749 2435 814 ri
2487 751 2841 837 potentiam
2873 753 3224 819 creativam
3260 754 3565 822 mediam.

2470 870 2585 933 Hic
2630 867 2821 935 etiam
2866 870 3121 956 probari
3167 883 3381 958 potest
3418 873 3539 940 hac
3591 871 3780 938 unica
3820 888 3933 934 ra-
3959 863 4160 937 0⁰⁶⁶?ss

2379 982 2578 1064 tione,
2624 984 3046 1070 supponendo
3105 985 3275 1053 hanc
3331 986 3586 1053 tertiam
3638 985 3936 1071 proposi·
3988 941 4160 1040 Ὗ

2381 1102 2624 1169 tionem
2667 1102 2982 1182 DoctoriS‚
3035 1104 3185 1191 quia
3221 1104 3396 1170 nulla
3438 1115 3654 1190 potest
3692 1124 3836 1170 esse
3871 1101 3939 1167 in

2384 1231 2612 1285 natura
2643 1218 3064 1288 intellectuali
3116 1234 3181 1288 et
3243 1220 3661 1287 immateriali
3713 1230 3942 1305 poten·

2384 1335 2855 1424 tia'perfectior
2886 1338 2950 1404 in
2993 1361 3148 1420 esse,
3188 1362 3381 1428 quam
3417 1340 3503 1406 sit
3543 1339 3849 1404 voluntas
3882 1346 3946 1402 et

2386 1455 2775 1536 intellectuS,
2833 1455 3268 1523 mediantibus
3299 1456 3538 1545 quibus
3588 1457 3843 1536 beatur,
3881 1472 3949 1523 et

2382 1573 2622 1659 quibus
2683 1572 2956 1661 reliquae
3002 1573 3057 1640 si
3128 1595 3277 1662 quae
3318 1585 3563 1650 essent,
3633 1572 3942 1640 subordi-
4005 1632 4159 1680 roim

2385 1702 2666 1769 nantur;
2700 1685 2813 1755 sed
2845 1688 2950 1755 hae
2989 1703 3194 1776 agunt
3223 1687 3669 1775 dependenter
3700 1710 3735 1754 a
3776 1689 3938 1755 sub·
3990 1695 4160 1745 ranam

2377 1804 2577 1892 ject0,
2623 1825 2781 1890 ergo
2811 1814 2876 1871 et
2914 1805 3038 1871 alia
3070 1824 3524 1892 quaecumque.
3563 1804 3778 1870 Minor
3798 1805 3937 1892 jam
3976 1764 4160 1883 μετεξέ-

2386 1922 2650 2006 probata
2690 1931 2790 1988 est
2838 1920 3118 1987 abunde.
3190 1922 3669 2009 Consequentia
3738 1931 3935 2006 patet,
3995 1898 4160 2012 μαζῖ,

2387 2037 2540 2124 quia
2573 2037 2806 2105 modus
2845 2037 3154 2124 operandi
3187 2040 3482 2125 sequitur
3535 2038 3803 2106 modum
3832 2059 3942 2104 es-

2386 2153 2596 2234 sendi,
2632 2167 2695 2220 et
2736 2153 3043 2241 perfectio
3091 2153 3265 2221 illius
3323 2152 3643 2222 redundat
3673 2177 3753 2222 ex
3796 2176 3941 2242 per-

2388 2270 2665 2337 fectione
2702 2270 2925 2359 hujuS,
2962 2270 3071 2337 sed
3108 2270 3523 2358 perfectionis
3554 2282 3656 2338 est
3686 2271 3753 2337 in
3785 2292 3943 2359 quo·

2386 2409 2669 2476 cumque
2709 2387 3030 2475 principio
3081 2385 3316 2475 agendi
3375 2386 3709 2469 effectum,
3747 2409 3942 2475 agere

2389 2503 2900 2591 independenter
2936 2526 2971 2571 a
3008 2505 3313 2586 materia;
3359 2505 3481 2570 hoc
3513 2505 3691 2570 enim
3721 2504 3940 2592 arguit

2387 2621 2530 2708 ejus
2591 2619 2938 2705 perfectam
3005 2619 3441 2687 actualitatem
3510 2620 3576 2685 in
3628 2618 3932 2694 essendo.
4005 2580 4056 2687 1²ss
4085 2592 4160 2702 ⁸52

2386 2769 2546 2836 ergo
2566 2747 2789 2835 nequit
2818 2746 3171 2814 convenire
3202 2746 3510 2833 potentiae
3552 2744 3848 2812 inferiori
3872 2759 3933 2813 et
3994 2702 4160 2813 {22:22¹

2385 2873 2773 2961 dependenti
2842 2894 2876 2938 a
2943 2871 3302 2952 voluntate,
3364 2882 3428 2938 et
3489 2892 3640 2958 quae
3700 2872 3931 2939 habeat
3983 2832 4160 2938 [ἔσω.

2386 3001 2702 3067 rationem
2762 3000 3150 3079 executivae,
3215 3012 3279 3065 et
3357 2998 3766 3086 applicabilia
3818 3019 3934 3086 per
3994 2952 4160 3062 ςοὲνᾞῶ

2389 3125 2815 3207 voluntatem,
2869 3146 3015 3193 cum
3058 3135 3378 3212 repugnet
3419 3122 3543 3211 ipsi
3579 3123 3929 3191 voluntati.
4002 3081 4111 3187 {³23⁰

2477 3252 2936 3331 Confirmatur,
2989 3253 3142 3341 quia
3194 3251 3250 3318 si
3298 3272 3426 3318 una
3475 3251 3765 3337 potentia
3806 3257 3936 3317 An·
3992 3201 4158 3310 wlff*

2389 3378 2517 3464 geli
2559 3377 2697 3464 agit
2753 3375 3193 3462 dependenter
3259 3395 3294 3440 a
3351 3373 3644 3452 materia,
3708 3395 3936 3440 omnes
3984 3329 4158 3396 eratum

2389 3505 2477 3571 ita
2526 3513 2771 3590 agunt;
2817 3523 2975 3589 ergo
3016 3501 3193 3568 nulla
3232 3500 3297 3567 in
3364 3501 3619 3588 agendo
3649 3501 3937 3568 absolvi·
3977 3553 4155 3606 confirm

2390 3644 2558 3698 tura
2620 3629 2911 3696 materia.
2958 3631 3274 3696 Probatur
3309 3629 3729 3709 antecedens,
3789 3631 3938 3717 quia
4054 3617 4115 3666 ὼ·

2391 3755 2734 3823 actualitas
2774 3754 3082 3842 potentiae
3122 3755 3188 3820 in
3218 3755 3498 3823 essendo
3557 3768 3660 3823 est
3717 3766 3938 3821 actua·

2391 3882 2539 3949 litas
2570 3881 2871 3971 subjecti,
2899 3904 2934 3949 a
2974 3905 3105 3970 quo
3137 3904 3263 3948 non
3297 3882 3734 3971 distinguitur
3754 3882 3939 3948 reali-

2391 4020 2527 4089 ter;
2589 4030 2748 4096 ergo
2826 4008 3094 4094 perinde
3157 4007 3466 4095 quaelibet
3514 4007 3712 4075 habet
3760 4028 3939 4075 eam·
4152 4047 4153 4082 t

2390 4132 2537 4198 dem
2570 4131 3029 4212 actualitatem,
3077 4154 3227 4199 cum
3258 4153 3447 4220 aeque
3485 4153 3715 4200 omnes
3762 4132 3935 4198 iden·

2390 4262 2722 4329 titicentur
2765 4262 2976 4328 eidem
3045 4261 3433 4328 substantiae
3498 4260 3938 4339 immateriali,

2392 4402 2455 4455 et
2500 4399 2974 4474 consequenter
3032 4387 3087 4452 si
3125 4387 3342 4474 aliqua
3382 4406 3512 4452 non
3578 4385 3944 4453 absolvitur
4149 4399 4151 4548 Ι

2390 4514 2458 4580 in
2490 4513 2745 4601 agendo
2801 4533 2837 4579 a
2875 4513 3192 4599 subject0‚
3229 4513 3324 4579 sic
3363 4512 3558 4579 etiam
3609 4512 3787 4579 nulla
3836 4513 3939 4578 ab·

2392 4639 2696 4707 solvitur.

2482 4764 2548 4830 Si
2600 4775 2815 4830 autem
2865 4764 3044 4831 dicas
3100 4763 3417 4850 distingui
3461 4763 3579 4829 has
3621 4765 3939 4850 potentias

2392 4891 2653 4958 realiter
2683 4911 2719 4956 a
2749 4891 3067 4976 subjecto,
3115 4889 3287 4956 idem
3336 4910 3372 4955 a
3420 4889 3673 4956 fortiori
3725 4891 3938 4979 sequi·

2389 5027 2519 5096 tur,
2582 5014 2735 5103 quia
2792 5015 2888 5081 sic
2952 5025 3145 5081 erunt
3209 5012 3565 5080 accidentia
3617 5015 3937 5083 inhaeren·

2387 5141 2476 5207 tia
2516 5141 2833 5225 subjecto,
2899 5160 2972 5206 ac
3020 5139 3292 5226 proinde
3355 5140 3532 5206 nulla
3582 5140 3648 5206 in
3688 5142 3938 5209 actione

2386 5265 2638 5334 absolvi
2710 5265 2946 5352 poterit
3016 5287 3052 5333 a
3109 5267 3427 5352 subjecto,
3492 5268 3652 5333 Dato
3722 5265 3934 5355 itaque

2385 5394 2558 5479 quod
2589 5392 2930 5458 antecedat
2958 5405 3141 5459 actus
3183 5392 3539 5460 voluntatis
3580 5405 3645 5460 et
3683 5393 3934 5461 intelle·

2382 5518 2479 5584 eri
2512 5517 2574 5582 in
2609 5518 2946 5585 voluntate
2975 5532 3187 5586 creata
3208 5540 3402 5606 quam
3435 5518 3522 5586 sit
3555 5519 3925 5607 imperium,
