4255 6375
1309 388 1506 451 ms'r.
1555 388 1654 449 1V.
1689 386 2051 464 QUAESTlo
2107 389 2211 451 lx.

276 545 494 620 Dico
553 566 752 639 ergo
803 548 1166 624 breviter
1224 549 1350 640 (b),
1425 547 1632 640 quod
1681 547 1749 619 si

3313 384 3430 445 489

1870 548 2088 620 Unde
2131 548 2546 623 sufficeret
2613 550 2929 642 aliquos
2982 567 3285 641 paucos
3338 546 3416 617 in

187 661 596 756 Princeps
640 663 787 736 hoc
832 664 1141 739 faceret
1196 684 1379 738 cum
1431 662 1753 736 cautela
1866 660 2140 754 aliqua
2185 661 2455 734 insula
2490 666 3051 757 sequestratos
3087 659 3415 754 permit-

183 778 432 862 bona,
521 780 829 854 scilicet
891 802 990 855 ne
1062 786 1442 876 parentes
1523 780 1750 873 prius

186 903 793 987 cognoscentes
827 898 979 972 hoc
1017 900 1412 979 futurum,
1454 896 1752 970 occide-

189 1015 376 1085 rent
419 1033 724 1105 pueros
758 1036 975 1097 suos,
1021 1019 1101 1088 et
1145 1015 1350 1108 quod
1400 1014 1751 1107 baptiza·

183 1133 317 1202 tos
365 1128 688 1206 faceret
732 1132 1118 1224 religiose
1159 1131 1515 1214 educari,
1554 1132 1751 1202 bene

186 1245 464 1320 fieret.
531 1249 704 1319 Imo
778 1249 984 1340 quod
1043 1249 1222 1341 plus
1280 1252 1427 1329 est,
1486 1248 1750 1320 crede-

188 1382 366 1433 rem
417 1362 811 1454 religiose
843 1364 1023 1437 fieri
1067 1364 1133 1436 si
1169 1364 1323 1456 ipsi
1370 1368 1750 1456 parentes

187 1481 699 1569 cogerentur
806 1479 1046 1551 minis
1123 1485 1203 1552 et
1288 1479 1750 1552 terroribus

189 1596 283 1666 ad
366 1595 975 1688 suscipiendum
1056 1596 1597 1688 Baptismum‚
1672 1601 1752 1671 et

191 1713 285 1784 ad
355 1715 1015 1787 conservandum
1113 1717 1399 1807 postea
1488 1735 1752 1787 susce·

193 1835 458 1921 ptum,
509 1831 701 1921 quia
743 1836 920 1906 esto
976 1831 1181 1924 quod
1225 1831 1380 1923 ipsi
1425 1850 1586 1902 non
1637 1852 1752 1904 es-

187 1953 367 2020 sent
417 1970 616 2021 vere
648 1949 916 2022 fideles
966 1950 1042 2022 in
1079 1952 1374 2035 animo,
1481 1957 1749 2027 tamen

192 2067 466 2138 minus
514 2067 820 2139 malum
873 2071 1089 2140 esset
1123 2070 1270 2154 εἰς,
1317 2091 1477 2143 non
1516 2091 1754 2163 posse

194 2180 529 2273 impune
564 2183 826 2275 legem
870 2205 1104 2256 suam
1151 2185 1524 2259 illicitam
1591 2206 1752 2258 ser-

183 2318 408 2381 vare,
451 2320 697 2393 quam
741 2321 980 2395 posse
1032 2322 1212 2373 earn
1274 2302 1526 2375 libere
1589 2323 1752 2374 ser-

187 2433 410 2486 vare.
462 2416 673 2488 Item
714 2414 859 2487 filii
899 2435 1212 2498 eorum,
1249 2418 1543 2490 sibene
1575 2418 1751 2491 edu-

194 2530 707 2603 carenturin
742 2531 994 2605 tertia
1043 2536 1120 2605 et
1190 2537 1484 2626 quarta
1563 2555 1751 2627 pro-

199 2649 460 2738 genie,
506 2653 782 2723 essent
813 2671 1007 2722 vere
1060 2650 1354 2724 fideles.

283 2769 388 2839 Et
431 2767 504 2841 si
563 2767 780 2840 dicas
824 2769 1031 2859 quod
1082 2770 1518 2842 secundum
1573 2791 1754 2864 pro-

201 2883 563 2976 phetiam
631 2884 891 2966 Isaiae,
939 2905 1180 2977 quam
1226 2885 1520 2959 recitat
1556 2888 1750 2959 Pau-

201 2999 325 3072 lus
386 3001 630 3072 Rom.
689 3003 756 3073 9.
823 3004 1143 3090 Reliquiae
1201 3003 1409 3068 Israel
1475 3025 1751 3071 conver-

207 3130 425 3185 tentur
476 3122 552 3186 in
593 3121 773 3204 sinen
815 3121 895 3190 et
957 3116 1130 3191 ideo
1192 3119 1235 3189 J
1249 3117 1517 3191 udaeos
1589 3139 1748 3192 non

203 3240 530 3329 oportet
571 3255 865 3327 cogere
925 3236 1302 3310 totaliter
1355 3238 1449 3309 ad
1483 3238 1753 3331 Bapti-

204 3376 468 3427 smum
521 3357 1119 3448 suscipiendum
1174 3360 1252 3430 et
1300 3358 1752 3452 relinquen-

204 3470 383 3544 dum
422 3472 686 3563 legem
732 3493 988 3543 suam.
1043 3474 1544 3564 Respondeo‚
1590 3494 1750 3547 non

205 3586 504 3669 dubito,
595 3587 783 3681 quin
851 3609 1048 3661 vera
1124 3590 1229 3662 sit
1319 3590 1752 3683 prophetia

209 3702 542 3783 Christi,
637 3724 877 3796 quam
977 3705 1274 3780 recitat
1372 3705 1750 3780 Christus

208 3821 246 3889 J
259 3841 434 3892 oan.
471 3825 541 3894 5.
580 3824 719 3910 qu
750 3826 902 3890 veni
933 3825 1005 3890 in
1038 3826 1305 3890 nomine
1336 3826 1564 3891 Patris
1594 3828 1744 3907 mei,

204 3950 260 4002 et
296 3961 430 4007 non
469 3942 818 4026 accepistis
847 3962 994 4019 me,·
1026 3943 1087 4006 si
1144 3943 1323 4007 alius
1362 3943 1618 4006 venerit
1681 3945 1753 4008 in

204 4060 466 4124 nomine
505 4078 644 4136 ειιο,
696 4059 891 4123 illum
925 4059 1344 4145 suscipietis;
1388 4074 1588 4145 ergo
1655 4055 1749 4128 ad

210 4173 468 4244 min-us
518 4193 616 4244 ex
657 4172 906 4243 verbo
951 4172 1260 4246 Christi
1301 4176 1541 4245 erunt
1579 4191 1749 4264 per-

209 4288 591 4369 vertendi,
642 4288 828 4379 quia
869 4287 1388 4360 adhaerebunt
1425 4288 1541 4360 illi
1583 4309 1751 4381 pes·

212 4402 407 4477 simo
459 4403 998 4485 Antichristo,
1045 4405 1134 4477 de
1197 4425 1350 4496 quo
1402 4409 1525 4478 est
1585 4427 1751 4478 ser-

215 4538 334 4592 mo
394 4520 707 4596 Christi
753 4518 1212 4614 praedictus.

294 4638 391 4711 Et
434 4638 504 4710 si
536 4635 781 4719 dicaS,
839 4636 1045 4730 quod
1103 4636 1281 4708 visa
1322 4638 1749 4710 destructi-

219 4770 352 4824 one
393 4752 908 4833 Antichristi,
955 4754 1075 4826 illi
1111 4755 1245 4847 qui
1297 4754 1447 4826 sibi
1489 4753 1744 4826 adhae-

217 4877 506 4954 serant,
600 4875 1213 4952 convertentur,
1333 4871 1507 4944 dioo
1599 4893 1746 4964 pro

220 4986 374 5059 tam
426 4989 734 5083 pauciS,
797 4993 876 5063 et
949 4989 1064 5062 sic
1122 4989 1352 5061 tarde
1418 5009 1745 5062 conver-

219 5104 488 5189 tendis,
544 5129 704 5179 non
750 5113 1173 5201 oporteret
1242 5112 1364 5181 tot
1397 5108 1745 5193 JudaeOS,

221 5214 295 5289 in
384 5228 506 5297 tot
617 5225 986 5318 partibus
1086 5224 1380 5305 mundi,
1489 5226 1745 5297 tantis

225 5337 709 5433 temporibus
773 5340 1181 5414 sustinere
1224 5342 1300 5413 in
1365 5340 1538 5431 lege
1600 5361 1746 5414 sua

227 5448 679 5530 persistere,
728 5447 915 5541 quia
964 5448 1231 5520 finalis
1276 5447 1597 5521 fructus
1657 5448 1748 5521 de

224 5550 327 5625 eis
367 5556 748 5630 Ecclesiae
805 5560 955 5638 est,
1025 5559 1103 5628 et
1146 5555 1308 5629 erit
1361 5556 1742 5630 modicus.

1866 776 1928 849 ti
1988 776 2249 868 legem
2301 799 2531 851 suam
2583 799 2943 862 servare,
2987 777 3078 850 de
3123 776 3411 868 quibus

1861 894 2184 965 tandem
2254 895 2397 968 illa
2466 895 2886 988 prophetia
2960 894 3199 966 Isaiae
3274 892 3419 966 im-

1866 1010 2256 1103 pleretur.

1957 1128 2177 1200 Istud
2237 1132 2506 1202 autem
2557 1129 2648 1201 de
2711 1127 3179 1221 parentibus
3239 1127 3413 1200 infi-

1858 1238 2163 1317 delibus
2223 1245 2599 1337 cogendis
2635 1266 2779 1338 per
2825 1243 3084 1317 minas
3126 1249 3206 1318 et
3249 1248 3406 1318 ter-

1862 1381 2120 1444 rores,
2210 1362 2531 1435 videtur
2602 1361 2957 1454 probari,
3053 1361 3240 1453 quia
3302 1361 3401 1432 si·

1863 1480 2047 1552 milc
2098 1483 2609 1556 commendat
2685 1482 2878 1554 illud
2948 1481 3399 1556 Concilium

1861 1597 2341 1671 Toletanum
2447 1619 2697 1692 supra
2809 1599 3253 1689 allegatum
3335 1597 3403 1670 d.

1861 1714 1996 1798 Qui
2065 1716 2331 1802 pridem
2397 1717 2489 1782 ad
2540 1718 3122 1783 Christianitatem
3188 1716 3403 1780 coacti
3443 1724 3762 1776 Concil.‘1'ol.

1856 1844 2027 1910 sanc,
2092 1835 2261 1898 sicut
2308 1835 2563 1917 sactum
2602 1845 2693 1899 est
2764 1832 3174 1919 temporibus
3232 1833 3400 1897 reli-
3470 1789 3737 1923 falas-ii}

1860 1949 2224 2032 yiosissimi
2252 1951 2592 2036 principis
2631 1952 2654 1974 ‘
2684 1949 3006 2014 Assebuci
3026 1973 3049 2026 ,·
3092 1963 3293 2035 ergo
3333 1943 3412 2016 in
3536 1915 3671 1964 b⁰⁰¹'

1864 2059 2012 2133 hoc
2056 2063 2456 2154 approbat
2520 2083 2700 2135 eum
2738 2066 3129 2153 tanquam
3197 2061 3414 2153 prin-

1865 2175 2124 2269 cipem
2216 2177 2720 2269 religiosum,
2794 2177 2980 2270 quia
3059 2175 3413 2249 infideles

1864 2295 2132 2385 coegit
2191 2294 2284 2365 ad
2344 2295 2611 2367 fidem.

2297 2560 2965 2624 COMMENTARIUS.

1952 2759 2046 2846 (b)
2104 2760 2267 2823 Dico
2323 2779 2478 2845 erqo
2537 2760 2844 2838 breviter,
2911 2771 3034 2826 cto.
3107 2763 3258 2827 Haec
3314 2769 3413 2826 est
3567 2798 3619 2847 2.

1865 2871 2199 2939 conclusio
2252 2872 2568 2951 Doctoris‚
2633 2894 2827 2959 quam
2892 2874 3121 2959 probat
3160 2874 3409 2940 ratione
3440 2859 3763 2977 affi‘ffiffiffi

1866 2991 2207 3075 praernissa
2246 3012 2327 3057 ex
2367 2990 2747 3057 auctoritate
2790 2995 2854 3059 S.
2919 2992 3297 3079 Augustini,
3344 3004 3409 3059 ct
3466 2985 3738 3036 Probatur.

1864 3128 1945 3174 ex
1976 3107 2512 3174 subordinatione
2537 3108 2712 3194 juris
2745 3121 3087 3196 parentum
3122 3109 3187 3174 in
3212 3109 3406 3189 filios„

1863 3223 1942 3291 ad
1983 3225 2095 3310 jus
2157 3224 2329 3311 quod
2372 3225 2566 3291 habet
2606 3224 2671 3291 in
2716 3224 2896 3311 ipsos
2929 3228 3142 3304 Deus;
3184 3238 3413 3293 contra

1864 3340 2034 3429 quod
2077 3360 2196 3406 nec
2244 3340 2417 3406 licite
2461 3360 2581 3405 nec
2613 3340 2793 3426 juste
2847 3338 2919 3406 iit
2982 3362 3140 3409 usus
3192 3341 3409 3409 domi-

1865 3458 1956 3524 nii
2008 3457 2359 3535 inferioris,
2414 3478 2543 3522 non
2583 3456 2795 3522 solum
2838 3457 2900 3522 in
2946 3457 3404 3544 praejudicium

1857 3572 2028 3659 juris
2050 3571 2280 3649 divini,
2319 3571 2428 3637 sed
2461 3570 2670 3656 ipsius
2701 3570 2899 3650 tertii,
2940 3592 3174 3658 nempe
3201 3573 3410 3639 insan-

1864 3691 1971 3768 tis,
2008 3689 2112 3756 cui
2145 3701 2402 3754 tenetur
2436 3707 2671 3774 parens
2705 3687 3053 3774 providere
3089 3689 3169 3755 de
3204 3710 3408 3756 reme-

1862 3806 1969 3872 dio
2012 3805 2376 3872 necessario
2418 3803 2496 3870 ad
2530 3804 2832 3882 salutem,
2881 3826 3009 3870 non
3065 3805 3277 3872 solum
3328 3827 3408 3873 ex

1863 3934 2189 4010 praecepto
2236 3921 2480 3999 divinO,
2510 3920 2619 3987 sed
2656 3921 2853 3987 etiam
2916 3920 3221 3998 naturali,
3275 3941 3404 3987 non

1863 4060 2052 4108 secus
2079 4060 2154 4105 ac
2184 4040 2264 4106 de
2294 4038 2645 4105 alimentis,
2680 4041 2758 4103 Et
2787 4039 2908 4104 hoc
2939 4038 3019 4104 de
3044 4039 3303 4124 justitia
3330 4060 3406 4105 co

1865 4158 2054 4221 modo
2084 4175 2213 4243 quo
2273 4166 2485 4239 potest
2528 4154 2924 4221 intervenire
2955 4153 3124 4220 inter
3157 4167 3407 4240 patrem

1861 4287 1925 4339 et
1955 4271 2159 4338 filium
2194 4270 2493 4358 justitia;
2544 4270 2656 4337 sed
2700 4271 3009 4358 Princeps
3058 4272 3256 4338 habet
3295 4293 3407 4358 po·

1859 4399 2159 4456 testatem
2208 4388 2564 4455 coactivam
2633 4400 2930 4474 respectu
2982 4388 3397 4455 subditorum

1859 4507 1937 4573 ad
1968 4506 2412 4574 defensionem
2465 4505 2859 4585 innocentis„
2905 4511 3056 4592 quia
3095 4506 3406 4591 yladium

1859 4624 1983 4688 Dei
2017 4634 2263 4709 portat,
2329 4622 2623 4709 alioquin
2675 4641 2802 4687 non
2854 4634 3028 4689 recte
3089 4623 3403 4689 consiste·
3484 4661 3715 4713 Potestas

1859 4750 1957 4804 ret
1990 4738 2211 4825 politia
2244 4760 2279 4805 a
2339 4743 2466 4805 Deo
2516 4738 2812 4805 instituta
2855 4740 3026 4805 inter
3066 4739 3396 4818 homineS,
3456 4725 3730 4791 Principis.

1860 4855 1912 4921 si
1954 4855 2260 4922 delictum
2318 4854 2653 4941 publicum
2710 4856 3121 4942 particularis
3172 4877 3399 4942 perso-

1862 4993 1963 5039 noe
2003 4984 2064 5038 et
2122 4972 2437 5058 subjectas
2499 4993 2624 5038 non
2675 4971 3087 5039 ordinaretur
3128 4995 3243 5059 per
3274 4973 3406 5039 sui-

1859 5087 2184 5155 ficientem
2214 5088 2690 5165 auctoritatem,
2728 5102 3045 5178 quantum
3080 5089 3158 5155 ad
3186 5086 3404 5177 posse,=

1859 5217 1922 5271 et
1964 5205 2249 5270 maxime
2280 5204 2336 5270 si
2378 5217 2477 5271 est
2530 5219 2752 5272 contra
2797 5209 2908 5294 jus
2976 5205 3175 5283 tertii,
3221 5207 3412 5293 quale

1860 5323 1926 5388 in
1982 5322 2313 5409 proposito
2379 5336 2479 5390 est
2538 5324 2748 5413 ipsius
2814 5325 3081 5391 infantis
3140 5338 3203 5392 et
3268 5324 3403 5404 Dei,

1862 5440 2011 5529 quia
2091 5462 2330 5526 parens
2399 5454 2656 5509 tenetur
2731 5442 2864 5510 filio
2941 5444 3174 5510 infanti
3244 5443 3408 5510 reci-

1865 5578 2082 5643 proce,
2130 5559 2301 5625 sicut
2334 5559 2509 5625 iilius
2560 5561 2855 5646 parenti;
2917 5581 3075 5647 ergo
3130 5560 3301 5628 sicut
3329 5582 3411 5629 ex
