4255 6375
789 362 909 431 398

486 529 590 581 Sed
609 527 768 605 ,tiam
803 543 934 604 per
985 528 1425 592 voluntariam
1475 532 1937 607 susceptionem
1987 534 2220 605 qratia
2300 536 2355 591 ee

461 611 784 708 sanctffieati-
813 647 1156 717 domorum,
1187 650 1353 710 unde
1379 649 1569 709 homo
1602 666 1686 710 ex
1728 652 1968 729 injusto
2012 651 2083 726 fit
2117 652 2354 728 justus,

568 736 679 771 One.

587 2414 664 2464 15.

812 766 869 822 et
897 778 983 823 ex
1010 765 1274 826 inimico
1319 768 1591 840 amicus,
1644 774 1712 827 ut
1767 769 1845 829 sit
1889 769 2092 830 haeres
2139 785 2357 830 secun-

808 880 966 939 dum
1004 896 1179 955 spem
1223 883 1366 942 vitae
1391 887 1663 955 aetcrnae,
1698 888 1765 945 et
1795 885 1928 946 baec
1959 886 2176 946 omnia
2208 902 2356 947 cau-

803 999 901 1056 sat
969 996 1034 1055 in
1092 1012 1171 1057 eo
1232 999 1620 1075 Baptismus.
1695 1002 1770 1064 Et
1824 1000 2014 1073 infra,
2089 1019 2356 1063 causam

801 1109 1145 1175 formalem
1190 1113 1696 1193 justificationis,
1761 1133 1882 1194 per
1951 1092 2357 1196 Baptismum

804 1226 989 1301 datie,
1037 1234 1269 1294 asserit
1302 1247 1450 1294 esse
1490 1235 1820 1308 justitiam
1876 1238 2014 1304 Dei,
2069 1252 2196 1296 non
2225 1251 2358 1312 qua

802 1346 935 1421 ipse
954 1348 1173 1421 justas
1201 1353 1288 1409 cst
1316 1349 1335 1426 (
1361 1351 1435 1410 ut.
1466 1364 1632 1410 vane
1666 1346 1964 1410 moderni
1994 1350 2357 1412 Novatores

800 1462 1165 1542 garriunt),
1210 1465 1324 1526 sed
1364 1480 1494 1539 qua
1552 1480 1666 1525 nos
1683 1465 1896 1540 justos
1951 1467 2144 1540 facit,
2194 1467 2362 1541 justi

801 1578 1222 1638 nominamur
1249 1585 1307 1640 et
1345 1594 1589 1652 sumus,
1630 1595 1776 1639 eam
1805 1581 1869 1640 in
1900 1581 2081 1641 nobis
2116 1582 2351 1656 recipi-

803 1699 991 1755 cnces.
1023 1694 1098 1755 Et
1138 1693 1306 1754 hanc
1347 1693 1664 1772 justitiam
1698 1695 1851 1757 dicit
1884 1711 2033 1757 esse
2079 1697 2356 1759 charita-

807 1814 940 1871 tem
985 1809 1126 1880 Dei,
1177 1824 1326 1888 quae
1361 1808 1746 1873 diffunditur
1797 1814 1859 1872 in
1896 1811 2202 1873 cordibus
2248 1829 2356 1873 eo·

773 1943 970 2007 rum,
1035 1927 1144 2004 qui
1193 1927 1658 2005 justificantur,
1714 1934 1915 2005 atque
1966 1928 2124 2005 ipsis
2168 1930 2353 1991 inbae-

803 2049 925 2111 ret‚
980 2043 1415 2122 subjungens,
1497 2046 1559 2104 in
1645 2045 1788 2119 ipsa
1861 2046 2353 2119 justificatione,

807 2175 952 2223 cum
981 2162 1351 2221 remissione
1376 2167 1795 2235 peccatorum
1831 2160 2028 2219 simul
2068 2163 2359 2237 recipere

803 2289 1001 2350 spem,
1046 2274 1238 2349 fidem
1271 2282 1326 2335 et
1354 2277 1756 2336 charitatem.

891 2391 1032 2452 Haec
1061 2391 1354 2452 doctrina
1408 2391 1594 2469 plana
1640 2398 1762 2461 est,
1805 2400 1870 2452 et
1920 2395 2217 2471 quamvis
2270 2393 2354 2456 de

798 2506 1267 2586 justificatione
1323 2507 1693 2571 adultorum
1746 2511 2072 2588 loquatur.
2136 2520 2357 2575 tamen

806 2623 1084 2701 perinde
1132 2623 1412 2686 intendit
1452 2625 1588 2687 haec
1638 2628 1833 2686 etiam
1886 2628 2357 2689 communicari

805 2736 1184 2809 infantibuS,
1256 2738 1366 2816 qui
1423 2736 1609 2799 aliter
1669 2753 1801 2800 non
1873 2737 2353 2814 discernuntur,

804 2855 926 2917 nisi
979 2853 1157 2931 quod
1213 2854 1279 2915 in
1346 2854 1587 2917 adultis
1645 2855 1948 2934 exigatur
2010 2856 2349 2934 dispositio

803 2971 1203 3032 antecedens
1237 2968 1796 3050 justificationem,
1849 2975 1914 3032 et
1962 2973 2349 3036 Sacramen-

804 3093 941 3147 tum
1000 3103 1119 3163 per
1165 3086 1346 3164 quod
1386 3083 1862 3167 justificantur;
1897 3085 2182 3149 infantes
2233 3104 2354 3149 au-

807 3209 934 3265 tem
968 3220 1099 3265 non
1139 3210 1290 3266 sunt
1341 3219 1619 3281 capaces
1665 3204 1836 3266 illius
1887 3204 2348 3283 dispositioniS,

806 3333 951 3396 quae
981 3318 1273 3378 consistit
1301 3318 1366 3378 in
1397 3319 1651 3380 actibus
1701 3318 1887 3379 liberi
1931 3318 2198 3393 arbitrii,
2247 3336 2353 3379 cu·

795 3433 910 3511 jus
939 3433 1003 3493 in
1036 3436 1131 3494 eis
1161 3448 1292 3493 non
1326 3439 1425 3492 est
1466 3448 1646 3493 usus.
1703 3431 1874 3494 idem
1929 3432 2155 3495 definit
2204 3451 2346 3494 can.

801 3552 863 3611 2.
898 3551 981 3611 Si
1019 3551 1160 3626 quis
1209 3549 1455 3610 dixerit
1503 3549 1789 3610 homines
1825 3551 2206 3626 justificari,
2252 3550 2352 3610 vel

802 3664 941 3726 sola
979 3666 1401 3740 imputatione
1435 3666 1705 3741 justiciae
1751 3665 2007 3737 Christi,
2064 3665 2164 3726 vel
2211 3666 2354 3727 sola

790 3787 1204 3855 peccatorum
1253 3781 1648 3847 remissione.
1712 3780 1981 3842 exclusa
2035 3781 2257 3856 qratia
2295 3786 2351 3840 et

800 3899 1138 3970 charitate,
1188 3915 1333 3974 quae
1363 3898 1752 3960 tricordibus
1782 3914 2008 3959 eorum
2045 3915 2168 3973 per
2197 3900 2344 3974 Spe?-

806 4018 1011 4074 re'tum
1057 4019 1352 4075 sanctum
1395 4014 1809 4089 infundatur,
1859 4019 2050 4090 atque
2081 4014 2217 4075 iltis
2259 4016 2349 4076 in·

800 4132 1060 4203 haereat,
1096 4136 1203 4193 aut
1253 4133 1451 4191 etiam
1493 4133 1784 4206 qratiam
1833 4148 1963 4207 qua
2028 4131 2347 4207 justifica·

802 4263 976 4319 mur,
1026 4264 1158 4309 csse
1223 4252 1469 4308 tantum
1494 4248 1791 4320 favorem
1832 4249 1973 4318 Dei,
2012 4247 2354 4308 anatliema

799 4365 899 4426 sit.
948 4365 1171 4425 Canon
1202 4363 1590 4425 universalis
1626 4370 1725 4425 est
1773 4362 2350 4441 comprehendens

800 4488 933 4543 tam
995 4480 1281 4544 infantes
1327 4498 1528 4560 quam
1584 4480 1871 4554 adult08,
1941 4481 2053 4559 qui
2116 4482 2347 4560 justiti-

799 4606 1052 4675 cantur,
1086 4601 1238 4680 quia
1267 4602 1408 4665 sine
1455 4601 1578 4664 illis
1628 4602 1890 4664 duobus
1939 4601 2172 4681 nequit
2218 4603 2347 4663 sal-

797 4720 935 4781 vari
956 4716 1333 4798 justificatio
1381 4733 1463 4779 ex
1513 4717 1958 4795 descriptione
2010 4717 2158 4796 ejus
2190 4733 2348 4795 sup-

804 4835 1013 4914 posita
1045 4852 1081 4896 a
1127 4834 1441 4897 Concili0.

886 4953 1042 5013 ltem
1071 4968 1219 5013 sess.
1265 4951 1324 5012 7.
1371 4955 1450 5015 de
1489 4953 1935 5013 Sam-amentis
1976 4953 2046 5012 in
2091 4966 2350 5027 qenere,

805 5083 945 5129 can.
977 5067 1038 5129 6.
1070 5067 1131 5130 7.
1166 5073 1223 5128 et
1252 5067 1311 5128 8.
1346 5064 1656 5129 definitur
1701 5067 2083 5129 universum
2131 5083 2349 5129 sacra-

803 5186 1028 5243 menta
1072 5198 1342 5244 causare
1400 5182 1680 5262 gratiam
1727 5198 1924 5261 quam
1982 5180 2355 5261 significant

804 5299 1063 5360 secluso
1120 5298 1333 5361 obice.
1380 5297 1697 5360 Eamdem
1742 5301 2055 5375 supponit
2110 5315 2252 5359 can.
2287 5297 2349 5357 6.

799 5418 879 5478 de
925 5418 1273 5491 BaptismO.
1321 5415 1399 5477 Et
1446 5433 1588 5477 can.
1642 5417 1733 5478 13.
1789 5410 2016 5476 definit
2067 5412 2353 5476 infantes

798 5530 1162 5609 baptizatos
1214 5532 1577 5610 computari
1603 5531 1778 5594 inter
1804 5529 2061 5622 fideles.
2097 5533 2175 5593 Et
2198 5546 2347 5593 sess.

1934 370 2080 433 ΜΒ.
2115 370 2218 433 tv.
2251 370 2847 435 SENTENTtARUM

2472 530 2564 592 14.
2615 550 2666 592 c.
2742 534 2801 594 l.
2876 533 3183 596 eamdem
3250 532 3584 595 veritatem
3651 533 3909 611 supponit,

2466 663 2712 727 nempe
2760 652 2829 712 in
2877 652 3201 729 Baptismo
3249 651 3388 714 dari
3435 653 3708 733 gratiam:
3747 654 3815 715 Si
3842 670 3912 719 aa.

2467 767 2704 842 inquit.
2750 768 2814 830 in
2873 770 3271 844 reqeneratis
3326 768 3607 829 omnibus
3659 771 3918 843 firmitudo

2470 896 2632 957 crya
2675 887 2881 945 Deum
2912 891 3089 954 esset,
3123 889 3191 945 uc
3221 885 3546 961 justitiam
3586 886 3645 943 in
3684 887 3925 959 Raptim

2470 997 2671 1071 ipsius
2712 998 3016 1073 beneficio
3044 1006 3100 1060 et
3157 1000 3403 1075 qratia,
3447 1004 3789 1074 susceptam,
3819 1014 3925 1059 con·

2468 1119 2709 1178 stanter
2748 1122 3100 1187 tuerentur,
3156 1121 3285 1177 etc.
3333 1114 3637 1193 Supponit
3684 1116 3832 1175 enim
3867 1115 3928 1173 ri·

2474 1239 2606 1296 tum
2637 1234 2937 1296 Ecclesiae
2987 1232 3356 1312 baptizandi
3390 1234 3699 1312 parvuIOS,
3744 1237 3802 1292 et
3823 1248 3927 1309 gra-

2470 1350 2626 1411 tiam
2668 1350 2992 1426 recipere,
3029 1364 3183 1410 nam
3211 1365 3399 1410 rarus
3432 1354 3530 1410 est
3554 1350 3708 1409 inter
3733 1345 3931 1417 fideles

2471 1466 2582 1544 qui
2629 1465 2891 1527 adultus
2921 1467 3303 1543 baptizatur.

2548 1580 2759 1660 Aliqui
2802 1581 3107 1643 moderni
3149 1584 3417 1659 propter
3445 1595 3547 1654 ea,
3588 1593 3726 1658 quae
3764 1578 3935 1639 dicun-

2474 1703 2576 1759 tur
2604 1700 2670 1757 in
2700 1714 2843 1773 cap.
2892 1699 3196 1772 Majores,
3240 1697 3317 1755 de
3350 1696 3686 1770 Raptim,
3745 1699 3803 1753 et
3835 1692 3934 1752 cle-

2470 1814 2752 1875 mentina
2811 1814 2863 1873 1.
2939 1814 3017 1873 de
3073 1825 3331 1872 summa
3398 1811 3697 1870 Trinitatc
3748 1814 3803 1867 et
3853 1807 3941 1881 lide

2469 1929 2826 2003 Catholica,
2877 1926 3103 1988 dicunt
3134 1942 3266 1987 non
3311 1941 3463 1987 esse
3509 1924 3589 1986 de
3629 1922 3773 1995 fide,
3795 1925 3939 2002 justi·

2472 2049 2625 2109 tiam
2698 2047 3059 2106 consistere
3135 2043 3203 2104 in
3259 2042 3487 2104 babitu
3556 2046 3617 2102 et
3669 2041 3944 2120 qualitate,

2468 2160 2702 2221 saltem
2759 2161 2824 2220 in
2856 2156 3119 2229 adultis,
3176 2157 3242 2217 in
3295 2155 3536 2234 quibus
3596 2160 3946 2232 potestesse

2459 2276 2712 2355 justitia
2759 2273 3070 2344 actualis;
3113 2274 3179 2333 in
3246 2268 3604 2332 infantibus
3659 2267 3947 2330 autemid

2470 2406 2618 2451 esse
2665 2389 2747 2451 de
2778 2387 2932 2451 tide.
2977 2389 3128 2449 Ilaec
3161 2387 3428 2464 quaestio
3493 2385 3694 2464 magis
3745 2383 3949 2461 spectat

2468 2506 2554 2567 ad
2605 2506 2948 2568 materiam
2998 2503 3082 2565 de
3117 2500 3616 2584 Justificatione,
3647 2519 3831 2580 quam
3863 2500 3949 2561 ibi

2470 2622 2623 2683 dem
2655 2621 3105 2683 disseruimus.
3164 2621 3284 2682 Alii
3318 2622 3717 2682 contrarium
3762 2618 3952 2679 docent

2472 2748 2784 2818 tanquam
2852 2739 3222 2815 proximum
3292 2735 3451 2798 fidei
3506 2736 3760 2809 saltem,
3806 2732 3954 2795 modo

2468 2857 2875 2918 abstineatur
2919 2856 3000 2916 ab
3030 2854 3140 2915 illa
3182 2851 3631 2932 appellatione
3658 2852 3890 2913 babitus
3913 2854 3958 2910 et

2471 2972 2823 3052 qualitatis

2550 3089 2711 3150 Viris
2743 3089 2998 3167 magnis
3041 3093 3107 3148 et
3137 3087 3471 3165 gravibuS,
3508 3093 3574 3148 et
3601 3087 3770 3148 bene
3806 3085 3959 3145 meri·

2470 3209 2547 3268 tis
2606 3206 2691 3266 de
2723 3205 2971 3277 schola,
3032 3203 3184 3264 nolo
3244 3219 3327 3263 ex
3385 3205 3651 3281 propria
3700 3200 3959 3278 opinione

2466 3321 2914 3402 piaejudicare.
2998 3317 3327 3381 Caeterum
3395 3318 3659 3381 videtur
3717 3317 3859 3378 mibi
3902 3329 3960 3374 ex

2467 3439 2796 3500 communi
2828 3450 3157 3497 consensu
3199 3435 3548 3496 veritatem
3580 3435 3743 3495 hanc
3795 3431 3961 3509 magis
3994 3485 4007 3507 k

2465 3563 2690 3616 tenere
2735 3555 2798 3614 in
2833 3551 3114 3622 adultis;
3152 3550 3235 3611 de
3288 3551 3530 3630 quibus
3574 3567 3764 3612 nemo
3814 3547 3959 3610 vide·

2466 3678 2569 3731 tur
2597 3668 2766 3730 inter
2813 3669 3128 3728 Doctores
3190 3665 3501 3743 antiquos
3575 3663 3960 3726 Scliolasticus

2466 3786 2623 3846 alias
2656 3784 3013 3845 dubitasse.
3051 3783 3123 3843 Et
3166 3783 3447 3859 primum
3477 3780 3544 3842 id
3580 3781 3872 3842 confirmo
3906 3792 3963 3837 ex
4003 3775 4082 3886 pm}

2462 3901 2847 3963 auctoritate
2880 3896 3333 3976 praedictorum
3366 3895 3730 3966 Canonurn,
3770 3901 3828 3959 in
3850 3897 3962 3973 qui-
3988 3903 4081 3957 camai

2465 4022 2587 4082 bus
2621 4024 2866 4080 tantum
2900 4016 3237 4078 dubitasse
3282 4015 3606 4093 quosdam
3640 4015 3963 4092 Theologos

2464 4136 2743 4198 docetur
2773 4133 2855 4195 de
2887 4132 3128 4193 etl'ectu
3158 4131 3389 4210 gratiae
3449 4135 3519 4192 et
3564 4131 3867 4192 donorum
3915 4129 3961 4187 in

2465 4250 2772 4329 parvuliS,
2817 4266 2900 4310 an
2944 4248 3102 4325 ipsis
3153 4247 3682 4308 communicetur
3728 4263 3835 4325 per
3877 4246 3962 4305 Ba·

2464 4367 2823 4444 ptismum?
2852 4365 2925 4425 Et
2948 4364 3110 4425 ratio
3146 4379 3376 4424 eorum
3405 4361 3552 4436 fuit,
3605 4369 3680 4424 ut
3722 4363 3961 4424 insinua·
4031 4407 4082 4444 ω,

2470 4492 2611 4557 tur,
2674 4487 2823 4564 quia
2899 4500 3058 4545 usus
3126 4481 3588 4559 praedictorum
3647 4485 3962 4550 habituum,
3998 4469 4081 4507 Μ

2466 4616 2708 4676 nempe
2780 4601 3002 4678 grati-„e
3028 4596 3080 4678 '(
3106 4614 3297 4678 quam
3370 4598 3493 4675 ipsi
3553 4599 3965 4678 supponebant

2466 4717 2827 4779 consistere
2875 4717 2941 4776 in
2994 4715 3331 4786 charitate,
3402 4719 3469 4776 et
3516 4730 3667 4776 esse
3721 4715 3959 4776 habitum

2465 4833 2901 4909 operativum,
2955 4830 3111 4908 quia
3170 4829 3462 4907 alioquin
3513 4827 3959 4892 fundamentum

2468 4967 2693 5012 eorum
2720 4966 2852 5011 non
2882 4948 3314 5025 subsisteret)
3356 4948 3503 5024 spei
3545 4956 3614 5012 et
3651 4948 3813 5020 fidei,
3863 4959 3963 5006 non

2469 5068 2679 5143 potuit
2709 5081 2857 5126 esse
2896 5064 2960 5123 in
2992 5061 3370 5133 infantibuS,
3406 5080 3485 5124 ex
3520 5063 3781 5128 defectu
3804 5069 3861 5125 et
3887 5060 3961 5122 in-

2470 5181 2829 5259 capacitate
2861 5179 3029 5241 illius
3060 5185 3287 5242 status,

2546 5296 2768 5361 Caeteri
2793 5302 3015 5358 autem
3042 5301 3173 5358 tam
3203 5298 3454 5376 antiqui
3487 5315 3690 5377 quam
3718 5292 3954 5361 moderni
4024 5314 4080 5392 Ἰιτ.

2466 5415 2693 5476 Doctoi
2710 5431 2781 5476 es
2804 5414 3241 5476 admittebant
3259 5413 3657 5481 infusionem
3679 5417 3952 5479 habituum
3968 5387 4082 5503 9,ss

2467 5536 2599 5593 tam
2637 5531 2703 5592 in
2744 5530 3101 5593 infantibus
3152 5531 3366 5610 quoad
3395 5548 3565 5608 rem,
3598 5535 3747 5598 licet
3780 5523 3948 5610 quoad
3984 5503 4081 5557 ω
