<?xml version="1.0" encoding="UTF-8"?>
<!DOCTYPE html PUBLIC "-//W3C//DTD XHTML 1.0 Transitional//EN"
    "http://www.w3.org/TR/xhtml1/DTD/xhtml1-transitional.dtd">
<html xmlns="http://www.w3.org/1999/xhtml" xml:lang="en" lang="en">
 <head>
  <title>
</title>
<meta http-equiv="Content-Type" content="text/html;charset=utf-8" />
  <meta name='ocr-system' content='tesseract 3.04.00' />
  <meta name='ocr-capabilities' content='ocr_page ocr_carea ocr_par ocr_line ocrx_word'/>
</head>
<body>
  <div class='ocr_page' id='page_1' title='image "./joannisdunsscot02waddgoog_0320.png"; bbox 0 0 4255 6375; ppageno 0'>
   <div class='ocr_carea' id='block_1_1' title="bbox 782 402 901 466">
    <p class='ocr_par' dir='ltr' id='par_1_1' title="bbox 782 402 901 466">
     <span class='ocr_line' id='line_1_1' title="bbox 782 402 901 466; baseline 0.017 -2"><span class='ocrx_word' id='word_1_1' title='bbox 782 402 901 466; x_wconf 84' lang='lat'>314</span> 
     </span>
    </p>
   </div>
   <div class='ocr_carea' id='block_1_2' title="bbox 777 563 2326 1353">
    <p class='ocr_par' dir='ltr' id='par_1_2' title="bbox 777 563 2326 1353">
     <span class='ocr_line' id='line_1_2' title="bbox 782 563 2324 654; baseline 0.001 -24"><span class='ocrx_word' id='word_1_2' title='bbox 782 563 1191 646; x_wconf 80' lang='lat' dir='ltr'>limitatione,</span> <span class='ocrx_word' id='word_1_3' title='bbox 1257 565 1622 653; x_wconf 90' lang='lat' dir='ltr'>intelligere</span> <span class='ocrx_word' id='word_1_4' title='bbox 1660 567 1961 645; x_wconf 82' lang='lat' dir='ltr'>sormam,</span> <span class='ocrx_word' id='word_1_5' title='bbox 2029 567 2135 633; x_wconf 90' lang='lat' dir='ltr'>vel</span> <span class='ocrx_word' id='word_1_6' title='bbox 2174 587 2324 654; x_wconf 82' lang='lat' dir='ltr'>quae</span> 
     </span>
     <span class='ocr_line' id='line_1_3' title="bbox 778 681 2326 768; baseline 0.001 -22"><span class='ocrx_word' id='word_1_7' title='bbox 778 681 1168 768; x_wconf 79' lang='lat' dir='ltr'>regulariter</span> <span class='ocrx_word' id='word_1_8' title='bbox 1213 683 1448 751; x_wconf 89' lang='lat' dir='ltr'>tradita</span> <span class='ocrx_word' id='word_1_9' title='bbox 1515 695 1637 763; x_wconf 84' lang='lat' dir='ltr'>est,</span> <span class='ocrx_word' id='word_1_10' title='bbox 1701 696 1765 750; x_wconf 91' lang='lat' dir='ltr'>et</span> <span class='ocrx_word' id='word_1_11' title='bbox 1817 684 2177 751; x_wconf 90' lang='lat' dir='ltr'>secundum</span> <span class='ocrx_word' id='word_1_12' title='bbox 2226 683 2326 749; x_wconf 91' lang='lat' dir='ltr'>le-</span> 
     </span>
     <span class='ocr_line' id='line_1_4' title="bbox 779 799 2319 884; baseline 0.003 -20"><span class='ocrx_word' id='word_1_13' title='bbox 779 819 928 884; x_wconf 86' lang='lat' dir='ltr'>gem</span> <span class='ocrx_word' id='word_1_14' title='bbox 987 799 1406 880; x_wconf 83' lang='lat' dir='ltr'>ordinariam,</span> <span class='ocrx_word' id='word_1_15' title='bbox 1461 820 1591 867; x_wconf 91' lang='lat' dir='ltr'>non</span> <span class='ocrx_word' id='word_1_16' title='bbox 1652 812 1868 868; x_wconf 85' lang='lat' dir='ltr'>autem</span> <span class='ocrx_word' id='word_1_17' title='bbox 1912 821 2138 868; x_wconf 90' lang='lat' dir='ltr'>casum</span> <span class='ocrx_word' id='word_1_18' title='bbox 2188 801 2319 868; x_wconf 90' lang='lat' dir='ltr'>dis·</span> 
     </span>
     <span class='ocr_line' id='line_1_5' title="bbox 779 915 2317 1004; baseline 0.001 -24"><span class='ocrx_word' id='word_1_19' title='bbox 779 915 1202 999; x_wconf 90' lang='lat' dir='ltr'>pensationis,</span> <span class='ocrx_word' id='word_1_20' title='bbox 1248 915 1352 981; x_wconf 88' lang='lat' dir='ltr'>vel</span> <span class='ocrx_word' id='word_1_21' title='bbox 1384 915 1559 1004; x_wconf 90' lang='lat' dir='ltr'>loqui</span> <span class='ocrx_word' id='word_1_22' title='bbox 1608 917 1802 983; x_wconf 90' lang='lat' dir='ltr'>etiam</span> <span class='ocrx_word' id='word_1_23' title='bbox 1849 928 2158 984; x_wconf 83' lang='lat' dir='ltr'>evacuata</span> <span class='ocrx_word' id='word_1_24' title='bbox 2182 918 2317 1004; x_wconf 91' lang='lat' dir='ltr'>jam</span> 
     </span>
     <span class='ocr_line' id='line_1_6' title="bbox 777 1029 2322 1120; baseline 0.003 -25"><span class='ocrx_word' id='word_1_25' title='bbox 777 1029 1288 1117; x_wconf 81' lang='lat' dir='ltr'>dispensatione,</span> <span class='ocrx_word' id='word_1_26' title='bbox 1326 1054 1475 1120; x_wconf 84' lang='lat' dir='ltr'>quae</span> <span class='ocrx_word' id='word_1_27' title='bbox 1509 1055 1636 1100; x_wconf 93' lang='lat' dir='ltr'>non</span> <span class='ocrx_word' id='word_1_28' title='bbox 1666 1034 1857 1101; x_wconf 90' lang='lat' dir='ltr'>debet</span> <span class='ocrx_word' id='word_1_29' title='bbox 1876 1045 2058 1100; x_wconf 84' lang='lat' dir='ltr'>extra</span> <span class='ocrx_word' id='word_1_30' title='bbox 2081 1045 2322 1101; x_wconf 88' lang='lat' dir='ltr'>statum</span> 
     </span>
     <span class='ocr_line' id='line_1_7' title="bbox 780 1150 2319 1237; baseline 0.001 -24"><span class='ocrx_word' id='word_1_31' title='bbox 780 1157 844 1213; x_wconf 92' lang='lat' dir='ltr'>et</span> <span class='ocrx_word' id='word_1_32' title='bbox 885 1161 1143 1235; x_wconf 89' lang='lat' dir='ltr'>tempus</span> <span class='ocrx_word' id='word_1_33' title='bbox 1191 1150 1517 1216; x_wconf 89' lang='lat' dir='ltr'>currentis</span> <span class='ocrx_word' id='word_1_34' title='bbox 1561 1151 1968 1217; x_wconf 85' lang='lat' dir='ltr'>necessitatis</span> <span class='ocrx_word' id='word_1_35' title='bbox 2001 1150 2319 1237; x_wconf 83' lang='lat' dir='ltr'>protrahi,</span> 
     </span>
     <span class='ocr_line' id='line_1_8' title="bbox 784 1265 2325 1353; baseline 0.002 -24"><span class='ocrx_word' id='word_1_36' title='bbox 784 1276 1089 1329; x_wconf 86' lang='lat' dir='ltr'>manente</span> <span class='ocrx_word' id='word_1_37' title='bbox 1141 1266 1204 1330; x_wconf 91' lang='lat' dir='ltr'>in</span> <span class='ocrx_word' id='word_1_38' title='bbox 1265 1265 1534 1352; x_wconf 90' lang='lat' dir='ltr'>reliquis</span> <span class='ocrx_word' id='word_1_39' title='bbox 1586 1266 1729 1353; x_wconf 92' lang='lat' dir='ltr'>lege</span> <span class='ocrx_word' id='word_1_40' title='bbox 1799 1280 1862 1332; x_wconf 90' lang='lat' dir='ltr'>et</span> <span class='ocrx_word' id='word_1_41' title='bbox 1911 1266 2325 1332; x_wconf 85' lang='lat' dir='ltr'>institutione</span> 
     </span>
    </p>
   </div>
   <div class='ocr_carea' id='block_1_3' title="bbox 461 1379 2324 1705">
    <p class='ocr_par' dir='ltr' id='par_1_3' title="bbox 461 1379 2324 1705">
     <span class='ocr_line' id='line_1_9' title="bbox 783 1379 1133 1445; baseline 0.003 -1"><span class='ocrx_word' id='word_1_42' title='bbox 783 1379 1133 1445; x_wconf 88' lang='lat' dir='ltr'>ordinaria.</span> 
     </span>
     <span class='ocr_line' id='line_1_10' title="bbox 544 1496 2323 1587; baseline 0.001 -24"><span class='ocrx_word' id='word_1_43' title='bbox 544 1514 654 1587; x_wconf 37' lang='grc'><strong>67..</strong></span> <span class='ocrx_word' id='word_1_44' title='bbox 870 1497 1110 1560; x_wconf 87' lang='lat' dir='ltr'>Verum</span> <span class='ocrx_word' id='word_1_45' title='bbox 1140 1510 1240 1563; x_wconf 88' lang='lat' dir='ltr'>est</span> <span class='ocrx_word' id='word_1_46' title='bbox 1269 1496 1521 1583; x_wconf 88' lang='lat' dir='ltr'>aliquos</span> <span class='ocrx_word' id='word_1_47' title='bbox 1562 1517 1688 1562; x_wconf 93' lang='lat' dir='ltr'>non</span> <span class='ocrx_word' id='word_1_48' title='bbox 1724 1517 1915 1583; x_wconf 87' lang='lat' dir='ltr'>posse</span> <span class='ocrx_word' id='word_1_49' title='bbox 1945 1496 2068 1562; x_wconf 90' lang='lat' dir='ltr'>hac</span> <span class='ocrx_word' id='word_1_50' title='bbox 2124 1518 2323 1583; x_wconf 92' lang='lat' dir='ltr'>gene-</span> 
     </span>
     <span class='ocr_line' id='line_1_11' title="bbox 461 1578 2324 1705; baseline 0 -27"><span class='ocrx_word' id='word_1_51' title='bbox 461 1578 700 1705; x_wconf 42' lang='lat' dir='ltr'>obffeegt‘iss.</span> <span class='ocrx_word' id='word_1_52' title='bbox 784 1610 900 1677; x_wconf 90' lang='lat' dir='ltr'>rali</span> <span class='ocrx_word' id='word_1_53' title='bbox 962 1610 1502 1698; x_wconf 85' lang='lat' dir='ltr'>interpretatione</span> <span class='ocrx_word' id='word_1_54' title='bbox 1556 1612 2050 1698; x_wconf 81' lang='lat' dir='ltr'>comprehendi,</span> <span class='ocrx_word' id='word_1_55' title='bbox 2106 1623 2178 1678; x_wconf 90' lang='lat' dir='ltr'>ut</span> <span class='ocrx_word' id='word_1_56' title='bbox 2224 1624 2324 1679; x_wconf 89' lang='lat' dir='ltr'>est</span> 
     </span>
    </p>
   </div>
   <div class='ocr_carea' id='block_1_4' title="bbox 440 1727 2332 5535">
    <p class='ocr_par' dir='ltr' id='par_1_4' title="bbox 777 1727 2322 2745">
     <span class='ocr_line' id='line_1_12' title="bbox 785 1727 2314 1815; baseline 0.001 -22"><span class='ocrx_word' id='word_1_57' title='bbox 785 1727 1168 1814; x_wconf 87' lang='lat' dir='ltr'>Fulgentius</span> <span class='ocrx_word' id='word_1_58' title='bbox 1202 1728 1314 1794; x_wconf 83' lang='lat' dir='ltr'>lib.</span> <span class='ocrx_word' id='word_1_59' title='bbox 1351 1729 1433 1794; x_wconf 82' lang='lat' dir='ltr'>de</span> <span class='ocrx_word' id='word_1_60' title='bbox 1470 1728 1940 1795; x_wconf 74' lang='lat' dir='ltr'>lucarnacionc</span> <span class='ocrx_word' id='word_1_61' title='bbox 1968 1742 2031 1794; x_wconf 81' lang='lat' dir='ltr'>et</span> <span class='ocrx_word' id='word_1_62' title='bbox 2066 1730 2314 1815; x_wconf 74' lang='lat' dir='ltr'>qratia,</span> 
     </span>
     <span class='ocr_line' id='line_1_13' title="bbox 781 1844 2322 1932; baseline 0.001 -23"><span class='ocrx_word' id='word_1_63' title='bbox 781 1854 846 1909; x_wconf 89' lang='lat' dir='ltr'>et</span> <span class='ocrx_word' id='word_1_64' title='bbox 876 1846 1341 1924; x_wconf 89' lang='lat' dir='ltr'>Damascenus,</span> <span class='ocrx_word' id='word_1_65' title='bbox 1378 1845 1488 1931; x_wconf 90' lang='lat' dir='ltr'>qui</span> <span class='ocrx_word' id='word_1_66' title='bbox 1538 1844 1865 1932; x_wconf 86' lang='lat' dir='ltr'>explicant</span> <span class='ocrx_word' id='word_1_67' title='bbox 1911 1845 2223 1932; x_wconf 87' lang='lat' dir='ltr'>baptizari</span> <span class='ocrx_word' id='word_1_68' title='bbox 2255 1845 2322 1910; x_wconf 93' lang='lat' dir='ltr'>in</span> 
     </span>
     <span class='ocr_line' id='line_1_14' title="bbox 782 1960 2318 2047; baseline 0.001 -22"><span class='ocrx_word' id='word_1_69' title='bbox 782 1960 1046 2026; x_wconf 90' lang='lat' dir='ltr'>nomine</span> <span class='ocrx_word' id='word_1_70' title='bbox 1093 1960 1334 2026; x_wconf 86' lang='lat' dir='ltr'>Christi</span> <span class='ocrx_word' id='word_1_71' title='bbox 1395 1980 1523 2027; x_wconf 93' lang='lat' dir='ltr'>non</span> <span class='ocrx_word' id='word_1_72' title='bbox 1570 1960 1809 2028; x_wconf 89' lang='lat' dir='ltr'>debere</span> <span class='ocrx_word' id='word_1_73' title='bbox 1864 1961 1959 2027; x_wconf 92' lang='lat' dir='ltr'>sic</span> <span class='ocrx_word' id='word_1_74' title='bbox 2014 1960 2318 2047; x_wconf 87' lang='lat' dir='ltr'>intelligi,</span> 
     </span>
     <span class='ocr_line' id='line_1_15' title="bbox 783 2076 2322 2165; baseline 0 -24"><span class='ocrx_word' id='word_1_75' title='bbox 783 2088 852 2142; x_wconf 90' lang='lat' dir='ltr'>ut</span> <span class='ocrx_word' id='word_1_76' title='bbox 889 2076 1131 2143; x_wconf 89' lang='lat' dir='ltr'>omissa</span> <span class='ocrx_word' id='word_1_77' title='bbox 1185 2077 1380 2153; x_wconf 77' lang='lat' dir='ltr'>fuerit</span> <span class='ocrx_word' id='word_1_78' title='bbox 1428 2096 1714 2165; x_wconf 89' lang='lat' dir='ltr'>unquam</span> <span class='ocrx_word' id='word_1_79' title='bbox 1748 2076 2073 2143; x_wconf 88' lang='lat' dir='ltr'>invocatio</span> <span class='ocrx_word' id='word_1_80' title='bbox 2110 2076 2322 2143; x_wconf 90' lang='lat' dir='ltr'>Trini-</span> 
     </span>
     <span class='ocr_line' id='line_1_16' title="bbox 777 2192 2320 2280; baseline 0.001 -23"><span class='ocrx_word' id='word_1_81' title='bbox 777 2192 950 2258; x_wconf 89' lang='lat' dir='ltr'>tatis.</span> <span class='ocrx_word' id='word_1_82' title='bbox 997 2192 1118 2259; x_wconf 88' lang='lat' dir='ltr'>Sed</span> <span class='ocrx_word' id='word_1_83' title='bbox 1165 2192 1268 2259; x_wconf 90' lang='lat' dir='ltr'>his</span> <span class='ocrx_word' id='word_1_84' title='bbox 1307 2193 1728 2279; x_wconf 80' lang='lat' dir='ltr'>opponimuS‚</span> <span class='ocrx_word' id='word_1_85' title='bbox 1767 2213 1915 2280; x_wconf 79' lang='lat' dir='ltr'>quae</span> <span class='ocrx_word' id='word_1_86' title='bbox 1964 2193 2135 2260; x_wconf 91' lang='lat' dir='ltr'>dicta</span> <span class='ocrx_word' id='word_1_87' title='bbox 2168 2204 2320 2258; x_wconf 92' lang='lat' dir='ltr'>sunt</span> 
     </span>
     <span class='ocr_line' id='line_1_17' title="bbox 783 2308 2321 2395; baseline 0 -20"><span class='ocrx_word' id='word_1_88' title='bbox 783 2330 898 2394; x_wconf 94' lang='lat' dir='ltr'>pro</span> <span class='ocrx_word' id='word_1_89' title='bbox 937 2308 1258 2375; x_wconf 88' lang='lat' dir='ltr'>sententia</span> <span class='ocrx_word' id='word_1_90' title='bbox 1305 2308 1654 2390; x_wconf 81' lang='lat' dir='ltr'>Ambrosii,</span> <span class='ocrx_word' id='word_1_91' title='bbox 1707 2309 1958 2387; x_wconf 83' lang='lat' dir='ltr'>Hilarii,</span> <span class='ocrx_word' id='word_1_92' title='bbox 2011 2308 2321 2395; x_wconf 87' lang='lat' dir='ltr'>Stephani</span> 
     </span>
     <span class='ocr_line' id='line_1_18' title="bbox 786 2423 2316 2513; baseline -0.001 -22"><span class='ocrx_word' id='word_1_93' title='bbox 786 2428 1000 2512; x_wconf 65' lang='lat' dir='ltr'>Papa-2,</span> <span class='ocrx_word' id='word_1_94' title='bbox 1053 2437 1246 2513; x_wconf 87' lang='lat' dir='ltr'>atque</span> <span class='ocrx_word' id='word_1_95' title='bbox 1288 2424 1621 2512; x_wconf 88' lang='lat' dir='ltr'>Cypriani,</span> <span class='ocrx_word' id='word_1_96' title='bbox 1688 2423 1936 2491; x_wconf 88' lang='lat' dir='ltr'>Nicolai</span> <span class='ocrx_word' id='word_1_97' title='bbox 1985 2427 2035 2492; x_wconf 94' lang='lat'>1.</span> <span class='ocrx_word' id='word_1_98' title='bbox 2102 2424 2316 2502; x_wconf 85' lang='lat' dir='ltr'>Bedae,</span> 
     </span>
     <span class='ocr_line' id='line_1_19' title="bbox 786 2540 2322 2629; baseline 0 -22"><span class='ocrx_word' id='word_1_99' title='bbox 786 2541 1090 2609; x_wconf 87' lang='lat' dir='ltr'>Bernardi</span> <span class='ocrx_word' id='word_1_100' title='bbox 1122 2553 1187 2608; x_wconf 90' lang='lat' dir='ltr'>et</span> <span class='ocrx_word' id='word_1_101' title='bbox 1228 2542 1804 2621; x_wconf 78' lang='lat' dir='ltr'>scholasticorum,</span> <span class='ocrx_word' id='word_1_102' title='bbox 1841 2541 1952 2629; x_wconf 90' lang='lat' dir='ltr'>qui</span> <span class='ocrx_word' id='word_1_103' title='bbox 1996 2540 2183 2607; x_wconf 89' lang='lat' dir='ltr'>aliter</span> <span class='ocrx_word' id='word_1_104' title='bbox 2215 2540 2322 2607; x_wconf 92' lang='lat' dir='ltr'>illa</span> 
     </span>
     <span class='ocr_line' id='line_1_20' title="bbox 779 2658 1809 2745; baseline 0.002 -22"><span class='ocrx_word' id='word_1_105' title='bbox 779 2658 918 2725; x_wconf 91' lang='lat' dir='ltr'>loca</span> <span class='ocrx_word' id='word_1_106' title='bbox 958 2658 1378 2745; x_wconf 88' lang='lat' dir='ltr'>intelligenda</span> <span class='ocrx_word' id='word_1_107' title='bbox 1425 2659 1809 2725; x_wconf 89' lang='lat' dir='ltr'>docuerunt.</span> 
     </span>
    </p>

    <p class='ocr_par' dir='ltr' id='par_1_5' title="bbox 776 2773 2328 4378">
     <span class='ocr_line' id='line_1_21' title="bbox 868 2773 2320 2863; baseline -0.003 -21"><span class='ocrx_word' id='word_1_108' title='bbox 868 2774 1152 2863; x_wconf 88' lang='lat' dir='ltr'>Objicies</span> <span class='ocrx_word' id='word_1_109' title='bbox 1227 2775 1420 2841; x_wconf 91' lang='lat' dir='ltr'>tertio</span> <span class='ocrx_word' id='word_1_110' title='bbox 1502 2774 1901 2841; x_wconf 91' lang='lat' dir='ltr'>contrarium</span> <span class='ocrx_word' id='word_1_111' title='bbox 1979 2773 2320 2840; x_wconf 82' lang='lat' dir='ltr'>definitum</span> 
     </span>
     <span class='ocr_line' id='line_1_22' title="bbox 779 2889 2322 2980; baseline -0.001 -24"><span class='ocrx_word' id='word_1_112' title='bbox 779 2910 926 2957; x_wconf 90' lang='lat' dir='ltr'>esse</span> <span class='ocrx_word' id='word_1_113' title='bbox 962 2911 997 2956; x_wconf 94' lang='lat' dir='ltr'>a</span> <span class='ocrx_word' id='word_1_114' title='bbox 1038 2889 1300 2978; x_wconf 86' lang='lat' dir='ltr'>Pelagio</span> <span class='ocrx_word' id='word_1_115' title='bbox 1349 2895 1539 2980; x_wconf 88' lang='lat' dir='ltr'>Papa,</span> <span class='ocrx_word' id='word_1_116' title='bbox 1597 2893 1661 2957; x_wconf 92' lang='lat' dir='ltr'>in</span> <span class='ocrx_word' id='word_1_117' title='bbox 1711 2890 1983 2978; x_wconf 89' lang='lat' dir='ltr'>epistola</span> <span class='ocrx_word' id='word_1_118' title='bbox 2021 2890 2099 2956; x_wconf 89' lang='lat' dir='ltr'>ad</span> <span class='ocrx_word' id='word_1_119' title='bbox 2158 2892 2322 2955; x_wconf 88' lang='lat' dir='ltr'>Gau-</span> 
     </span>
     <span class='ocr_line' id='line_1_23' title="bbox 777 3006 2324 3094; baseline -0.001 -22"><span class='ocrx_word' id='word_1_120' title='bbox 777 3006 1069 3073; x_wconf 86' lang='lat' dir='ltr'>dentium</span> <span class='ocrx_word' id='word_1_121' title='bbox 1101 3007 1522 3094; x_wconf 85' lang='lat' dir='ltr'>Episcopum,</span> <span class='ocrx_word' id='word_1_122' title='bbox 1557 3008 1830 3076; x_wconf 87' lang='lat' dir='ltr'>docente</span> <span class='ocrx_word' id='word_1_123' title='bbox 1869 3028 2005 3086; x_wconf 90' lang='lat' dir='ltr'>eos,</span> <span class='ocrx_word' id='word_1_124' title='bbox 2069 3007 2180 3094; x_wconf 90' lang='lat' dir='ltr'>qui</span> <span class='ocrx_word' id='word_1_125' title='bbox 2227 3006 2324 3071; x_wconf 91' lang='lat' dir='ltr'>di·</span> 
     </span>
     <span class='ocr_line' id='line_1_24' title="bbox 776 3122 2324 3203; baseline 0 -13"><span class='ocrx_word' id='word_1_126' title='bbox 776 3135 931 3191; x_wconf 90' lang='lat' dir='ltr'>cunt</span> <span class='ocrx_word' id='word_1_127' title='bbox 971 3122 1036 3190; x_wconf 93' lang='lat' dir='ltr'>in</span> <span class='ocrx_word' id='word_1_128' title='bbox 1071 3122 1335 3190; x_wconf 90' lang='lat' dir='ltr'>nomine</span> <span class='ocrx_word' id='word_1_129' title='bbox 1374 3124 1581 3192; x_wconf 90' lang='lat' dir='ltr'>solius</span> <span class='ocrx_word' id='word_1_130' title='bbox 1630 3124 1897 3203; x_wconf 91' lang='lat' dir='ltr'>Christi,</span> <span class='ocrx_word' id='word_1_131' title='bbox 1943 3137 2007 3191; x_wconf 91' lang='lat' dir='ltr'>et</span> <span class='ocrx_word' id='word_1_132' title='bbox 2038 3143 2167 3190; x_wconf 90' lang='lat' dir='ltr'>una</span> <span class='ocrx_word' id='word_1_133' title='bbox 2198 3124 2324 3190; x_wconf 91' lang='lat' dir='ltr'>im-</span> 
     </span>
     <span class='ocr_line' id='line_1_25' title="bbox 778 3242 2323 3328; baseline 0.001 -21"><span class='ocrx_word' id='word_1_134' title='bbox 778 3244 1106 3309; x_wconf 89' lang='lat' dir='ltr'>mersione</span> <span class='ocrx_word' id='word_1_135' title='bbox 1137 3263 1209 3308; x_wconf 90' lang='lat' dir='ltr'>se</span> <span class='ocrx_word' id='word_1_136' title='bbox 1247 3242 1449 3308; x_wconf 76' lang='lat' dir='ltr'>fuisse</span> <span class='ocrx_word' id='word_1_137' title='bbox 1489 3242 1870 3328; x_wconf 90' lang='lat' dir='ltr'>baptizatos,</span> <span class='ocrx_word' id='word_1_138' title='bbox 1905 3242 2120 3308; x_wconf 88' lang='lat' dir='ltr'>denuo</span> <span class='ocrx_word' id='word_1_139' title='bbox 2178 3262 2323 3308; x_wconf 89' lang='lat' dir='ltr'>esse</span> 
     </span>
     <span class='ocr_line' id='line_1_26' title="bbox 779 3358 2321 3445; baseline -0.001 -20"><span class='ocrx_word' id='word_1_140' title='bbox 779 3358 1198 3445; x_wconf 89' lang='lat' dir='ltr'>baptizandos</span> <span class='ocrx_word' id='word_1_141' title='bbox 1244 3359 1310 3423; x_wconf 90' lang='lat' dir='ltr'>in</span> <span class='ocrx_word' id='word_1_142' title='bbox 1341 3358 1609 3424; x_wconf 91' lang='lat' dir='ltr'>nomine</span> <span class='ocrx_word' id='word_1_143' title='bbox 1655 3358 2032 3436; x_wconf 90' lang='lat' dir='ltr'>Trinitatis;</span> <span class='ocrx_word' id='word_1_144' title='bbox 2087 3370 2152 3424; x_wconf 90' lang='lat' dir='ltr'>et</span> <span class='ocrx_word' id='word_1_145' title='bbox 2207 3362 2321 3423; x_wconf 90' lang='lat' dir='ltr'>Za-</span> 
     </span>
     <span class='ocr_line' id='line_1_27' title="bbox 776 3473 2324 3561; baseline -0.001 -21"><span class='ocrx_word' id='word_1_146' title='bbox 776 3475 1034 3542; x_wconf 86' lang='lat' dir='ltr'>charias</span> <span class='ocrx_word' id='word_1_147' title='bbox 1063 3475 1338 3561; x_wconf 89' lang='lat' dir='ltr'>epistola</span> <span class='ocrx_word' id='word_1_148' title='bbox 1369 3477 1394 3540; x_wconf 96' lang='lat'>1</span> <span class='ocrx_word' id='word_1_149' title='bbox 1426 3477 1473 3542; x_wconf 90' lang='lat'>1.</span> <span class='ocrx_word' id='word_1_150' title='bbox 1524 3475 1602 3541; x_wconf 90' lang='lat' dir='ltr'>ad</span> <span class='ocrx_word' id='word_1_151' title='bbox 1634 3473 2043 3541; x_wconf 90' lang='lat' dir='ltr'>Theodorum</span> <span class='ocrx_word' id='word_1_152' title='bbox 2096 3473 2324 3539; x_wconf 85' lang='lat' dir='ltr'>Archi-</span> 
     </span>
     <span class='ocr_line' id='line_1_28' title="bbox 779 3590 2326 3678; baseline -0.002 -21"><span class='ocrx_word' id='word_1_153' title='bbox 779 3591 1182 3678; x_wconf 90' lang='lat' dir='ltr'>episcopum,</span> <span class='ocrx_word' id='word_1_154' title='bbox 1245 3591 1643 3658; x_wconf 77' lang='lat' dir='ltr'>confirmans</span> <span class='ocrx_word' id='word_1_155' title='bbox 1684 3612 1833 3677; x_wconf 80' lang='lat' dir='ltr'>quae</span> <span class='ocrx_word' id='word_1_156' title='bbox 1873 3590 2141 3657; x_wconf 83' lang='lat' dir='ltr'>definita</span> <span class='ocrx_word' id='word_1_157' title='bbox 2173 3600 2326 3655; x_wconf 90' lang='lat' dir='ltr'>sunt</span> 
     </span>
     <span class='ocr_line' id='line_1_29' title="bbox 779 3705 2326 3795; baseline -0.001 -22"><span class='ocrx_word' id='word_1_158' title='bbox 779 3708 846 3774; x_wconf 90' lang='lat' dir='ltr'>in</span> <span class='ocrx_word' id='word_1_159' title='bbox 895 3708 1159 3795; x_wconf 89' lang='lat' dir='ltr'>Synodo</span> <span class='ocrx_word' id='word_1_160' title='bbox 1207 3708 1588 3794; x_wconf 84' lang='lat' dir='ltr'>Anglicana,</span> <span class='ocrx_word' id='word_1_161' title='bbox 1629 3705 1738 3774; x_wconf 89' lang='lat' dir='ltr'>ubi</span> <span class='ocrx_word' id='word_1_162' title='bbox 1786 3718 1887 3773; x_wconf 90' lang='lat' dir='ltr'>est</span> <span class='ocrx_word' id='word_1_163' title='bbox 1928 3705 2326 3773; x_wconf 89' lang='lat' dir='ltr'>determina-</span> 
     </span>
     <span class='ocr_line' id='line_1_30' title="bbox 778 3821 2322 3911; baseline -0.004 -20"><span class='ocrx_word' id='word_1_164' title='bbox 778 3836 918 3891; x_wconf 89' lang='lat' dir='ltr'>tum</span> <span class='ocrx_word' id='word_1_165' title='bbox 970 3825 1403 3911; x_wconf 89' lang='lat' dir='ltr'>Baptismum.</span> <span class='ocrx_word' id='word_1_166' title='bbox 1466 3825 1611 3890; x_wconf 90' lang='lat' dir='ltr'>sine</span> <span class='ocrx_word' id='word_1_167' title='bbox 1664 3821 2077 3889; x_wconf 90' lang='lat' dir='ltr'>invocatione</span> <span class='ocrx_word' id='word_1_168' title='bbox 2123 3822 2322 3887; x_wconf 89' lang='lat' dir='ltr'>trium</span> 
     </span>
     <span class='ocr_line' id='line_1_31' title="bbox 780 3937 2328 4028; baseline -0.003 -23"><span class='ocrx_word' id='word_1_169' title='bbox 780 3960 1204 4028; x_wconf 89' lang='lat' dir='ltr'>personarum</span> <span class='ocrx_word' id='word_1_170' title='bbox 1239 3961 1387 4007; x_wconf 90' lang='lat' dir='ltr'>esse</span> <span class='ocrx_word' id='word_1_171' title='bbox 1425 3940 1704 4018; x_wconf 89' lang='lat' dir='ltr'>nullum,</span> <span class='ocrx_word' id='word_1_172' title='bbox 1758 3950 1822 4004; x_wconf 87' lang='lat' dir='ltr'>et</span> <span class='ocrx_word' id='word_1_173' title='bbox 1859 3939 1913 4004; x_wconf 94' lang='lat' dir='ltr'>si</span> <span class='ocrx_word' id='word_1_174' title='bbox 1963 3937 2113 4024; x_wconf 89' lang='lat' dir='ltr'>quis</span> <span class='ocrx_word' id='word_1_175' title='bbox 2157 3937 2328 4003; x_wconf 89' lang='lat' dir='ltr'>dicat</span> 
     </span>
     <span class='ocr_line' id='line_1_32' title="bbox 780 4052 2325 4139; baseline -0.006 -13"><span class='ocrx_word' id='word_1_176' title='bbox 780 4058 1116 4126; x_wconf 91' lang='lat' dir='ltr'>Nicolaum</span> <span class='ocrx_word' id='word_1_177' title='bbox 1150 4060 1197 4124; x_wconf 91' lang='lat'>1.</span> <span class='ocrx_word' id='word_1_178' title='bbox 1253 4056 1440 4123; x_wconf 89' lang='lat' dir='ltr'>aliter</span> <span class='ocrx_word' id='word_1_179' title='bbox 1485 4055 1857 4122; x_wconf 84' lang='lat' dir='ltr'>decrevisse</span> <span class='ocrx_word' id='word_1_180' title='bbox 1900 4055 1965 4119; x_wconf 89' lang='lat' dir='ltr'>in</span> <span class='ocrx_word' id='word_1_181' title='bbox 2013 4052 2225 4139; x_wconf 91' lang='lat' dir='ltr'>capite</span> <span class='ocrx_word' id='word_1_182' title='bbox 2272 4052 2325 4117; x_wconf 86' lang='grc' dir='ltr'><em>Α</em></span> 
     </span>
     <span class='ocr_line' id='line_1_33' title="bbox 783 4169 2325 4261; baseline -0.006 -21"><span class='ocrx_word' id='word_1_183' title='bbox 783 4175 1070 4261; x_wconf 83' lang='lat' dir='ltr'>quodam</span> <span class='ocrx_word' id='word_1_184' title='bbox 1095 4173 1325 4239; x_wconf 82' lang='lat' dir='ltr'>Judaeo</span> <span class='ocrx_word' id='word_1_185' title='bbox 1363 4192 1586 4260; x_wconf 92' lang='lat' dir='ltr'>supra,</span> <span class='ocrx_word' id='word_1_186' title='bbox 1624 4171 1795 4237; x_wconf 90' lang='lat' dir='ltr'>sicut</span> <span class='ocrx_word' id='word_1_187' title='bbox 1823 4182 1888 4235; x_wconf 88' lang='lat' dir='ltr'>et</span> <span class='ocrx_word' id='word_1_188' title='bbox 1919 4169 2325 4256; x_wconf 89' lang='lat' dir='ltr'>Stephanum</span> 
     </span>
     <span class='ocr_line' id='line_1_34' title="bbox 781 4290 1408 4378; baseline -0.006 -20"><span class='ocrx_word' id='word_1_189' title='bbox 781 4291 952 4378; x_wconf 92' lang='lat' dir='ltr'>apud</span> <span class='ocrx_word' id='word_1_190' title='bbox 985 4290 1408 4377; x_wconf 78' lang='lat' dir='ltr'>cyprianum.</span> 
     </span>
    </p>

    <p class='ocr_par' dir='ltr' id='par_1_6' title="bbox 446 4402 2330 5207">
     <span class='ocr_line' id='line_1_35' title="bbox 869 4402 2329 4492; baseline -0.003 -21"><span class='ocrx_word' id='word_1_191' title='bbox 869 4404 1285 4492; x_wconf 87' lang='lat' dir='ltr'>Respondent</span> <span class='ocrx_word' id='word_1_192' title='bbox 1324 4404 1478 4470; x_wconf 90' lang='lat' dir='ltr'>hinc</span> <span class='ocrx_word' id='word_1_193' title='bbox 1525 4403 1677 4470; x_wconf 85' lang='lat' dir='ltr'>inde</span> <span class='ocrx_word' id='word_1_194' title='bbox 1715 4402 1980 4490; x_wconf 90' lang='lat' dir='ltr'>quidam</span> <span class='ocrx_word' id='word_1_195' title='bbox 2030 4414 2329 4467; x_wconf 89' lang='lat' dir='ltr'>auctores</span> 
     </span>
     <span class='ocr_line' id='line_1_36' title="bbox 780 4518 2330 4599; baseline -0.005 -10"><span class='ocrx_word' id='word_1_196' title='bbox 780 4543 952 4589; x_wconf 92' lang='lat' dir='ltr'>nunc</span> <span class='ocrx_word' id='word_1_197' title='bbox 972 4521 1308 4590; x_wconf 88' lang='lat' dir='ltr'>Nicolaum</span> <span class='ocrx_word' id='word_1_198' title='bbox 1332 4541 1612 4599; x_wconf 88' lang='lat' dir='ltr'>errasse,</span> <span class='ocrx_word' id='word_1_199' title='bbox 1651 4540 1828 4587; x_wconf 91' lang='lat' dir='ltr'>nunc</span> <span class='ocrx_word' id='word_1_200' title='bbox 1881 4518 2044 4586; x_wconf 86' lang='lat' dir='ltr'>alios</span> <span class='ocrx_word' id='word_1_201' title='bbox 2083 4518 2330 4585; x_wconf 88' lang='lat' dir='ltr'>anteri-</span> 
     </span>
     <span class='ocr_line' id='line_1_37' title="bbox 772 4637 2330 4723; baseline -0.002 -19"><span class='ocrx_word' id='word_1_202' title='bbox 772 4658 945 4717; x_wconf 87' lang='lat' dir='ltr'>ores,</span> <span class='ocrx_word' id='word_1_203' title='bbox 975 4637 1307 4723; x_wconf 87' lang='lat' dir='ltr'>Pelagium</span> <span class='ocrx_word' id='word_1_204' title='bbox 1341 4649 1404 4704; x_wconf 89' lang='lat' dir='ltr'>et</span> <span class='ocrx_word' id='word_1_205' title='bbox 1435 4637 1837 4716; x_wconf 89' lang='lat' dir='ltr'>Zachariam,</span> <span class='ocrx_word' id='word_1_206' title='bbox 1874 4649 1940 4702; x_wconf 90' lang='lat' dir='ltr'>et</span> <span class='ocrx_word' id='word_1_207' title='bbox 1961 4639 2330 4721; x_wconf 84' lang='lat' dir='ltr'>respondis·</span> 
     </span>
     <span class='ocr_line' id='line_1_38' title="bbox 770 4754 2326 4840; baseline -0.001 -19"><span class='ocrx_word' id='word_1_208' title='bbox 770 4775 843 4821; x_wconf 91' lang='lat' dir='ltr'>se</span> <span class='ocrx_word' id='word_1_209' title='bbox 876 4765 945 4820; x_wconf 89' lang='lat' dir='ltr'>ut</span> <span class='ocrx_word' id='word_1_210' title='bbox 986 4757 1292 4820; x_wconf 86' lang='lat' dir='ltr'>Doctores</span> <span class='ocrx_word' id='word_1_211' title='bbox 1332 4755 1648 4840; x_wconf 89' lang='lat' dir='ltr'>privatos,</span> <span class='ocrx_word' id='word_1_212' title='bbox 1708 4754 1807 4820; x_wconf 84' lang='lat' dir='ltr'>vel</span> <span class='ocrx_word' id='word_1_213' title='bbox 1850 4765 2026 4819; x_wconf 90' lang='lat' dir='ltr'>certe</span> <span class='ocrx_word' id='word_1_214' title='bbox 2072 4754 2172 4840; x_wconf 88' lang='lat' dir='ltr'>(ut</span> <span class='ocrx_word' id='word_1_215' title='bbox 2205 4756 2326 4819; x_wconf 89' lang='lat' dir='ltr'>mi·</span> 
     </span>
     <span class='ocr_line' id='line_1_39' title="bbox 773 4868 2326 4961; baseline 0 -25"><span class='ocrx_word' id='word_1_216' title='bbox 773 4871 906 4938; x_wconf 90' lang='lat' dir='ltr'>tius</span> <span class='ocrx_word' id='word_1_217' title='bbox 929 4870 1660 4961; x_wconf 52' lang='lat' dir='ltr'>quidamlrespondent)</span> <span class='ocrx_word' id='word_1_218' title='bbox 1699 4869 1862 4936; x_wconf 90' lang='lat' dir='ltr'>nihil</span> <span class='ocrx_word' id='word_1_219' title='bbox 1913 4868 2326 4959; x_wconf 79' lang='lat' dir='ltr'>definivisse,</span> 
     </span>
     <span class='ocr_line' id='line_1_40' title="bbox 772 4986 2324 5074; baseline -0.003 -16"><span class='ocrx_word' id='word_1_220' title='bbox 772 4987 885 5058; x_wconf 86' lang='lat' dir='ltr'>sed</span> <span class='ocrx_word' id='word_1_221' title='bbox 938 4988 1357 5074; x_wconf 88' lang='lat' dir='ltr'>respondisse</span> <span class='ocrx_word' id='word_1_222' title='bbox 1380 4989 1573 5074; x_wconf 83' lang='lat' dir='ltr'>juxta</span> <span class='ocrx_word' id='word_1_223' title='bbox 1614 4987 1911 5053; x_wconf 87' lang='lat' dir='ltr'>diversas</span> <span class='ocrx_word' id='word_1_224' title='bbox 1951 4986 2324 5072; x_wconf 80' lang='lat' dir='ltr'>opiniones,</span> 
     </span>
     <span class='ocr_line' id='line_1_41' title="bbox 446 5103 2326 5207; baseline -0.002 -33"><span class='ocrx_word' id='word_1_225' title='bbox 446 5141 737 5207; x_wconf 71' lang='lat' dir='ltr'>Responde·</span> <span class='ocrx_word' id='word_1_226' title='bbox 777 5106 1159 5193; x_wconf 83' lang='lat' dir='ltr'>Respondeo</span> <span class='ocrx_word' id='word_1_227' title='bbox 1205 5105 1267 5171; x_wconf 91' lang='lat' dir='ltr'>in</span> <span class='ocrx_word' id='word_1_228' title='bbox 1310 5105 1540 5191; x_wconf 91' lang='lat' dir='ltr'>primis</span> <span class='ocrx_word' id='word_1_229' title='bbox 1581 5103 1880 5170; x_wconf 87' lang='lat' dir='ltr'>diversos</span> <span class='ocrx_word' id='word_1_230' title='bbox 1921 5124 2070 5170; x_wconf 91' lang='lat' dir='ltr'>esse</span> <span class='ocrx_word' id='word_1_231' title='bbox 2107 5124 2326 5171; x_wconf 89' lang='lat' dir='ltr'>casus.</span> 
     </span>
    </p>

    <p class='ocr_par' dir='ltr' id='par_1_7' title="bbox 440 5210 2332 5535">
     <span class='ocr_line' id='line_1_42' title="bbox 505 5210 2332 5317; baseline -0.003 -26"><span class='ocrx_word' id='word_1_232' title='bbox 505 5210 673 5317; x_wconf 42' lang='lat' dir='ltr'>,fflss&#39;n</span> <span class='ocrx_word' id='word_1_233' title='bbox 777 5223 1079 5311; x_wconf 88' lang='lat' dir='ltr'>Pelagius</span> <span class='ocrx_word' id='word_1_234' title='bbox 1122 5223 1185 5289; x_wconf 94' lang='lat' dir='ltr'>in</span> <span class='ocrx_word' id='word_1_235' title='bbox 1227 5222 1334 5288; x_wconf 91' lang='lat' dir='ltr'>illa</span> <span class='ocrx_word' id='word_1_236' title='bbox 1375 5219 1652 5312; x_wconf 90' lang='lat' dir='ltr'>epistola</span> <span class='ocrx_word' id='word_1_237' title='bbox 1702 5221 1925 5309; x_wconf 85' lang='lat' dir='ltr'>(quam</span> <span class='ocrx_word' id='word_1_238' title='bbox 1976 5220 2135 5286; x_wconf 89' lang='lat' dir='ltr'>citat</span> <span class='ocrx_word' id='word_1_239' title='bbox 2182 5221 2332 5285; x_wconf 92' lang='lat' dir='ltr'>Gra-</span> 
     </span>
     <span class='ocr_line' id='line_1_43' title="bbox 440 5325 2325 5442; baseline -0.003 -34"><span class='ocrx_word' id='word_1_240' title='bbox 440 5325 738 5442; x_wconf 34' lang='lat' dir='ltr'>orffa-‘num</span> <span class='ocrx_word' id='word_1_241' title='bbox 775 5341 993 5408; x_wconf 87' lang='lat' dir='ltr'>tianus</span> <span class='ocrx_word' id='word_1_242' title='bbox 1051 5360 1194 5406; x_wconf 92' lang='lat' dir='ltr'>can.</span> <span class='ocrx_word' id='word_1_243' title='bbox 1244 5339 1461 5418; x_wconf 77' lang='lat' dir='ltr'>Multi,</span> <span class='ocrx_word' id='word_1_244' title='bbox 1522 5350 1586 5405; x_wconf 91' lang='lat' dir='ltr'>et</span> <span class='ocrx_word' id='word_1_245' title='bbox 1637 5342 1899 5405; x_wconf 90' lang='lat' dir='ltr'>Canone</span> <span class='ocrx_word' id='word_1_246' title='bbox 1959 5338 2038 5402; x_wconf 81' lang='lat' dir='ltr'>Si</span> <span class='ocrx_word' id='word_1_247' title='bbox 2064 5359 2325 5418; x_wconf 79' lang='lat' dir='ltr'>revera,</span> 
     </span>
     <span class='ocr_line' id='line_1_44' title="bbox 776 5453 2330 5535; baseline -0.002 -11"><span class='ocrx_word' id='word_1_248' title='bbox 776 5459 857 5525; x_wconf 92' lang='lat' dir='ltr'>de</span> <span class='ocrx_word' id='word_1_249' title='bbox 895 5470 1256 5535; x_wconf 90' lang='lat' dir='ltr'>consecrat,</span> <span class='ocrx_word' id='word_1_250' title='bbox 1310 5456 1468 5522; x_wconf 78' lang='lat' dir='ltr'>dist.</span> <span class='ocrx_word' id='word_1_251' title='bbox 1513 5460 1586 5521; x_wconf 77' lang='lat'>4.</span> <span class='ocrx_word' id='word_1_252' title='bbox 1649 5468 1714 5521; x_wconf 90' lang='lat' dir='ltr'>et</span> <span class='ocrx_word' id='word_1_253' title='bbox 1760 5456 1874 5520; x_wconf 90' lang='lat' dir='ltr'>lvo</span> <span class='ocrx_word' id='word_1_254' title='bbox 1915 5453 1981 5519; x_wconf 93' lang='lat' dir='ltr'>in</span> <span class='ocrx_word' id='word_1_255' title='bbox 2041 5475 2163 5521; x_wconf 91' lang='lat' dir='ltr'>suo</span> <span class='ocrx_word' id='word_1_256' title='bbox 2214 5458 2330 5521; x_wconf 91' lang='lat' dir='ltr'>De·</span> 
     </span>
    </p>
   </div>
   <div class='ocr_carea' id='block_1_5' title="bbox 776 5570 2331 5663">
    <p class='ocr_par' dir='ltr' id='par_1_8' title="bbox 776 5570 2331 5663">
     <span class='ocr_line' id='line_1_45' title="bbox 776 5570 2331 5663; baseline -0.006 -18"><span class='ocrx_word' id='word_1_257' title='bbox 776 5586 955 5645; x_wconf 84' lang='lat' dir='ltr'>creto</span> <span class='ocrx_word' id='word_1_258' title='bbox 1029 5596 1177 5663; x_wconf 83' lang='lat' dir='ltr'>cap.</span> <span class='ocrx_word' id='word_1_259' title='bbox 1247 5576 1403 5642; x_wconf 72' lang='lat'>⁶261.</span> <span class='ocrx_word' id='word_1_260' title='bbox 1474 5571 1649 5658; x_wconf 88' lang='lat' dir='ltr'>apud</span> <span class='ocrx_word' id='word_1_261' title='bbox 1715 5570 1879 5638; x_wconf 92' lang='lat' dir='ltr'>alios</span> <span class='ocrx_word' id='word_1_262' title='bbox 1934 5582 2154 5638; x_wconf 90' lang='lat' dir='ltr'>autem</span> <span class='ocrx_word' id='word_1_263' title='bbox 2202 5589 2331 5636; x_wconf 91' lang='lat' dir='ltr'>non</span> 
     </span>
    </p>
   </div>
   <div class='ocr_carea' id='block_1_6' title="bbox 448 4436 732 4553">
    <p class='ocr_par' dir='ltr' id='par_1_9' title="bbox 448 4436 732 4553">
     <span class='ocr_line' id='line_1_46' title="bbox 448 4436 732 4503; baseline -0.004 -15"><span class='ocrx_word' id='word_1_264' title='bbox 448 4436 732 4503; x_wconf 82' lang='lat' dir='ltr'>Responsio</span> 
     </span>
     <span class='ocr_line' id='line_1_47' title="bbox 458 4500 702 4553; baseline 0.012 -4"><span class='ocrx_word' id='word_1_265' title='bbox 458 4500 678 4550; x_wconf 84' lang='lat' dir='ltr'>aliorum</span> <span class='ocrx_word' id='word_1_266' title='bbox 690 4539 702 4553; x_wconf 93' lang='lat'>.</span> 
     </span>
    </p>
   </div>
   <div class='ocr_carea' id='block_1_7' title="bbox 1967 404 2874 469">
    <p class='ocr_par' dir='ltr' id='par_1_10' title="bbox 1967 404 2874 469">
     <span class='ocr_line' id='line_1_48' title="bbox 1967 404 2874 469; baseline 0.001 -1"><span class='ocrx_word' id='word_1_267' title='bbox 1967 405 2110 468; x_wconf 65' lang='grc' dir='ltr'>[ΑΒ.</span> <span class='ocrx_word' id='word_1_268' title='bbox 2150 405 2245 466; x_wconf 80' lang='lat' dir='ltr'>tv,</span> <span class='ocrx_word' id='word_1_269' title='bbox 2283 404 2702 468; x_wconf 77' lang='lat' dir='ltr'>SENTENTIA</span> <span class='ocrx_word' id='word_1_270' title='bbox 2715 404 2874 469; x_wconf 76' lang='lat' dir='ltr'>mm</span> 
     </span>
    </p>
   </div>
   <div class='ocr_carea' id='block_1_8' title="bbox 2433 565 4066 4601">
    <p class='ocr_par' dir='ltr' id='par_1_11' title="bbox 2433 565 4066 4601">
     <span class='ocr_line' id='line_1_49' title="bbox 2440 565 3925 658; baseline 0.004 -26"><span class='ocrx_word' id='word_1_271' title='bbox 2440 565 2740 653; x_wconf 88' lang='lat' dir='ltr'>habetur)</span> <span class='ocrx_word' id='word_1_272' title='bbox 2784 568 3134 656; x_wconf 88' lang='lat' dir='ltr'>respondet</span> <span class='ocrx_word' id='word_1_273' title='bbox 3170 570 3251 637; x_wconf 90' lang='lat' dir='ltr'>de</span> <span class='ocrx_word' id='word_1_274' title='bbox 3308 571 3659 649; x_wconf 84' lang='lat' dir='ltr'>hoereticis‚</span> <span class='ocrx_word' id='word_1_275' title='bbox 3711 570 3810 658; x_wconf 86' lang='lat' dir='ltr'>qui</span> <span class='ocrx_word' id='word_1_276' title='bbox 3843 571 3925 638; x_wconf 81' lang='lat' dir='ltr'>ba·</span> 
     </span>
     <span class='ocr_line' id='line_1_50' title="bbox 2441 685 3926 769; baseline 0.004 -20"><span class='ocrx_word' id='word_1_277' title='bbox 2441 685 2847 769; x_wconf 89' lang='lat' dir='ltr'>ptizabantur</span> <span class='ocrx_word' id='word_1_278' title='bbox 2926 687 2991 753; x_wconf 92' lang='lat' dir='ltr'>in</span> <span class='ocrx_word' id='word_1_279' title='bbox 3084 689 3351 755; x_wconf 90' lang='lat' dir='ltr'>nomine</span> <span class='ocrx_word' id='word_1_280' title='bbox 3434 690 3646 756; x_wconf 87' lang='lat' dir='ltr'>solum</span> <span class='ocrx_word' id='word_1_281' title='bbox 3702 691 3926 768; x_wconf 84' lang='lat' dir='ltr'>Christi,</span> 
     </span>
     <span class='ocr_line' id='line_1_51' title="bbox 2439 802 3926 887; baseline 0.004 -22"><span class='ocrx_word' id='word_1_282' title='bbox 2439 811 2504 866; x_wconf 93' lang='lat' dir='ltr'>et</span> <span class='ocrx_word' id='word_1_283' title='bbox 2598 802 3009 887; x_wconf 88' lang='lat' dir='ltr'>baptizabant</span> <span class='ocrx_word' id='word_1_284' title='bbox 3093 825 3222 871; x_wconf 93' lang='lat' dir='ltr'>una</span> <span class='ocrx_word' id='word_1_285' title='bbox 3306 805 3518 872; x_wconf 91' lang='lat' dir='ltr'>solum</span> <span class='ocrx_word' id='word_1_286' title='bbox 3628 804 3926 872; x_wconf 84' lang='lat' dir='ltr'>mersione.</span> 
     </span>
     <span class='ocr_line' id='line_1_52' title="bbox 2438 918 3928 1008; baseline 0.002 -26"><span class='ocrx_word' id='word_1_287' title='bbox 2438 919 2627 982; x_wconf 88' lang='lat' dir='ltr'>Forte</span> <span class='ocrx_word' id='word_1_288' title='bbox 2663 928 2882 983; x_wconf 91' lang='lat' dir='ltr'>autem</span> <span class='ocrx_word' id='word_1_289' title='bbox 2923 918 3170 1006; x_wconf 90' lang='lat' dir='ltr'>aliquid</span> <span class='ocrx_word' id='word_1_290' title='bbox 3211 920 3609 1008; x_wconf 86' lang='lat' dir='ltr'>adjiciebant</span> <span class='ocrx_word' id='word_1_291' title='bbox 3643 920 3851 986; x_wconf 81' lang='lat' dir='ltr'>formae</span> <span class='ocrx_word' id='word_1_292' title='bbox 3880 922 3928 985; x_wconf 89' lang='lat' dir='ltr'>in</span> 
     </span>
     <span class='ocr_line' id='line_1_53' title="bbox 2437 1034 3929 1124; baseline 0.002 -24"><span class='ocrx_word' id='word_1_293' title='bbox 2437 1034 2908 1120; x_wconf 84' lang='lat' dir='ltr'>professionem</span> <span class='ocrx_word' id='word_1_294' title='bbox 2959 1037 3225 1116; x_wconf 89' lang='lat' dir='ltr'>erroris,</span> <span class='ocrx_word' id='word_1_295' title='bbox 3291 1058 3488 1124; x_wconf 90' lang='lat' dir='ltr'>quem</span> <span class='ocrx_word' id='word_1_296' title='bbox 3551 1058 3662 1123; x_wconf 92' lang='lat' dir='ltr'>per</span> <span class='ocrx_word' id='word_1_297' title='bbox 3720 1036 3929 1103; x_wconf 69' lang='lat' dir='ltr'>unicam</span> 
     </span>
     <span class='ocr_line' id='line_1_54' title="bbox 2438 1150 3929 1238; baseline 0.001 -23"><span class='ocrx_word' id='word_1_298' title='bbox 2438 1150 2830 1217; x_wconf 88' lang='lat' dir='ltr'>mersionem</span> <span class='ocrx_word' id='word_1_299' title='bbox 2890 1151 3342 1238; x_wconf 88' lang='lat' dir='ltr'>designabant,</span> <span class='ocrx_word' id='word_1_300' title='bbox 3399 1173 3551 1218; x_wconf 85' lang='lat' dir='ltr'>nam</span> <span class='ocrx_word' id='word_1_301' title='bbox 3600 1163 3662 1217; x_wconf 89' lang='lat' dir='ltr'>et</span> <span class='ocrx_word' id='word_1_302' title='bbox 3708 1154 3820 1218; x_wconf 90' lang='lat' dir='ltr'>hoc</span> <span class='ocrx_word' id='word_1_303' title='bbox 3861 1152 3929 1217; x_wconf 76' lang='lat' dir='ltr'>ia-</span> 
     </span>
     <span class='ocr_line' id='line_1_55' title="bbox 2440 1264 4063 1354; baseline 0.001 -25"><span class='ocrx_word' id='word_1_304' title='bbox 2440 1264 2693 1330; x_wconf 90' lang='lat' dir='ltr'>miliare</span> <span class='ocrx_word' id='word_1_305' title='bbox 2731 1277 2831 1331; x_wconf 91' lang='lat' dir='ltr'>est</span> <span class='ocrx_word' id='word_1_306' title='bbox 2885 1266 3237 1347; x_wconf 82' lang='lat' dir='ltr'>haereticiS,</span> <span class='ocrx_word' id='word_1_307' title='bbox 3303 1267 3566 1354; x_wconf 87' lang='lat' dir='ltr'>quando</span> <span class='ocrx_word' id='word_1_308' title='bbox 3621 1267 3931 1333; x_wconf 83' lang='lat' dir='ltr'>deveniunt</span> <span class='ocrx_word' id='word_1_309' title='bbox 3969 1282 4063 1351; x_wconf 62' lang='lat' dir='ltr'>nau</span> 
     </span>
     <span class='ocr_line' id='line_1_56' title="bbox 2439 1345 4066 1469; baseline 0.004 -24"><span class='ocrx_word' id='word_1_310' title='bbox 2439 1380 2505 1445; x_wconf 95' lang='lat' dir='ltr'>in</span> <span class='ocrx_word' id='word_1_311' title='bbox 2565 1380 2986 1467; x_wconf 79' lang='lat' dir='ltr'>profundum,</span> <span class='ocrx_word' id='word_1_312' title='bbox 3047 1397 3119 1448; x_wconf 77' lang='lat' dir='ltr'>ut</span> <span class='ocrx_word' id='word_1_313' title='bbox 3184 1394 3359 1469; x_wconf 89' lang='lat' dir='ltr'>patet</span> <span class='ocrx_word' id='word_1_314' title='bbox 3414 1383 3495 1449; x_wconf 90' lang='lat' dir='ltr'>de</span> <span class='ocrx_word' id='word_1_315' title='bbox 3565 1383 3811 1449; x_wconf 84' lang='lat' dir='ltr'>Arianis</span> <span class='ocrx_word' id='word_1_316' title='bbox 3870 1404 3932 1448; x_wconf 83' lang='lat' dir='ltr'>ex</span> <span class='ocrx_word' id='word_1_317' title='bbox 3967 1345 4066 1452; x_wconf 52' lang='lat' dir='ltr'>ffl</span> 
     </span>
     <span class='ocr_line' id='line_1_57' title="bbox 2438 1470 4065 1592; baseline 0 -30"><span class='ocrx_word' id='word_1_318' title='bbox 2438 1496 2725 1563; x_wconf 91' lang='lat' dir='ltr'>Concilio</span> <span class='ocrx_word' id='word_1_319' title='bbox 2784 1496 3144 1565; x_wconf 81' lang='lat' dir='ltr'>Arelatensi</span> <span class='ocrx_word' id='word_1_320' title='bbox 3203 1500 3437 1585; x_wconf 89' lang='lat' dir='ltr'>prim0,</span> <span class='ocrx_word' id='word_1_321' title='bbox 3496 1499 3613 1586; x_wconf 87' lang='lat' dir='ltr'>qui</span> <span class='ocrx_word' id='word_1_322' title='bbox 3672 1470 4065 1592; x_wconf 52' lang='lat' dir='ltr'>jubenturffiffi</span> 
     </span>
     <span class='ocr_line' id='line_1_58' title="bbox 2435 1591 4066 1702; baseline 0.001 -25"><span class='ocrx_word' id='word_1_323' title='bbox 2435 1613 2708 1699; x_wconf 90' lang='lat' dir='ltr'>proinde</span> <span class='ocrx_word' id='word_1_324' title='bbox 2758 1614 3092 1700; x_wconf 88' lang='lat' dir='ltr'>baptizari,</span> <span class='ocrx_word' id='word_1_325' title='bbox 3149 1615 3301 1702; x_wconf 89' lang='lat' dir='ltr'>quia</span> <span class='ocrx_word' id='word_1_326' title='bbox 3341 1615 3663 1681; x_wconf 89' lang='lat' dir='ltr'>vitiabant</span> <span class='ocrx_word' id='word_1_327' title='bbox 3701 1616 3928 1682; x_wconf 86' lang='lat' dir='ltr'>formam</span> <span class='ocrx_word' id='word_1_328' title='bbox 3974 1591 4066 1700; x_wconf 50' lang='lat' dir='ltr'>⁸⁵2?ss¹</span> 
     </span>
     <span class='ocr_line' id='line_1_59' title="bbox 2436 1727 3931 1816; baseline 0 -23"><span class='ocrx_word' id='word_1_329' title='bbox 2436 1727 2500 1793; x_wconf 89' lang='lat' dir='ltr'>in</span> <span class='ocrx_word' id='word_1_330' title='bbox 2543 1729 2640 1795; x_wconf 89' lang='lat' dir='ltr'>sui</span> <span class='ocrx_word' id='word_1_331' title='bbox 2676 1730 2916 1795; x_wconf 88' lang='lat' dir='ltr'>erroris</span> <span class='ocrx_word' id='word_1_332' title='bbox 2947 1730 3257 1816; x_wconf 86' lang='lat' dir='ltr'>majorem</span> <span class='ocrx_word' id='word_1_333' title='bbox 3298 1730 3808 1816; x_wconf 82' lang='lat' dir='ltr'>expressionem.</span> <span class='ocrx_word' id='word_1_334' title='bbox 3837 1730 3931 1796; x_wconf 82' lang='lat' dir='ltr'>Sed</span> 
     </span>
     <span class='ocr_line' id='line_1_60' title="bbox 2435 1842 3973 1932; baseline 0.001 -25"><span class='ocrx_word' id='word_1_335' title='bbox 2435 1842 2635 1923; x_wconf 82' lang='lat' dir='ltr'>diceS,</span> <span class='ocrx_word' id='word_1_336' title='bbox 2709 1845 2883 1911; x_wconf 91' lang='lat' dir='ltr'>unde</span> <span class='ocrx_word' id='word_1_337' title='bbox 2941 1844 2999 1911; x_wconf 91' lang='lat' dir='ltr'>id</span> <span class='ocrx_word' id='word_1_338' title='bbox 3060 1844 3367 1932; x_wconf 79' lang='lat' dir='ltr'>colligis?</span> <span class='ocrx_word' id='word_1_339' title='bbox 3425 1843 3823 1931; x_wconf 87' lang='lat' dir='ltr'>Respondeo,</span> <span class='ocrx_word' id='word_1_340' title='bbox 3873 1865 3973 1917; x_wconf 58' lang='lat' dir='ltr'>ex,</span> 
     </span>
     <span class='ocr_line' id='line_1_61' title="bbox 2433 1959 3932 2048; baseline -0.001 -23"><span class='ocrx_word' id='word_1_341' title='bbox 2433 1960 2655 2027; x_wconf 85' lang='lat' dir='ltr'>verbis</span> <span class='ocrx_word' id='word_1_342' title='bbox 2710 1960 2925 2027; x_wconf 90' lang='lat' dir='ltr'>citatis</span> <span class='ocrx_word' id='word_1_343' title='bbox 2982 1960 3159 2028; x_wconf 91' lang='lat' dir='ltr'>illius</span> <span class='ocrx_word' id='word_1_344' title='bbox 3196 1960 3489 2048; x_wconf 81' lang='lat' dir='ltr'>epistolae</span> <span class='ocrx_word' id='word_1_345' title='bbox 3541 1981 3673 2026; x_wconf 92' lang='lat' dir='ltr'>non</span> <span class='ocrx_word' id='word_1_346' title='bbox 3728 1959 3932 2047; x_wconf 85' lang='lat' dir='ltr'>colligi,</span> 
     </span>
     <span class='ocr_line' id='line_1_62' title="bbox 2434 2076 3937 2164; baseline -0.002 -22"><span class='ocrx_word' id='word_1_347' title='bbox 2434 2088 2746 2143; x_wconf 83' lang='lat' dir='ltr'>caeterum</span> <span class='ocrx_word' id='word_1_348' title='bbox 2815 2076 3024 2164; x_wconf 91' lang='lat' dir='ltr'>magis</span> <span class='ocrx_word' id='word_1_349' title='bbox 3096 2076 3159 2143; x_wconf 89' lang='lat' dir='ltr'>id</span> <span class='ocrx_word' id='word_1_350' title='bbox 3238 2077 3769 2163; x_wconf 88' lang='lat' dir='ltr'>praesumendum</span> <span class='ocrx_word' id='word_1_351' title='bbox 3839 2088 3937 2152; x_wconf 63' lang='lat' dir='ltr'>est,</span> 
     </span>
     <span class='ocr_line' id='line_1_63' title="bbox 2434 2192 3935 2281; baseline -0.003 -22"><span class='ocrx_word' id='word_1_352' title='bbox 2434 2213 2629 2281; x_wconf 84' lang='lat' dir='ltr'>quam</span> <span class='ocrx_word' id='word_1_353' title='bbox 2698 2193 3097 2259; x_wconf 87' lang='lat' dir='ltr'>admittenda</span> <span class='ocrx_word' id='word_1_354' title='bbox 3163 2192 3481 2259; x_wconf 89' lang='lat' dir='ltr'>correctio</span> <span class='ocrx_word' id='word_1_355' title='bbox 3534 2195 3935 2265; x_wconf 85' lang='lat' dir='ltr'>Decretorum,</span> 
     </span>
     <span class='ocr_line' id='line_1_64' title="bbox 2436 2306 3940 2386; baseline -0.003 -12"><span class='ocrx_word' id='word_1_356' title='bbox 2436 2322 2501 2375; x_wconf 90' lang='lat' dir='ltr'>et</span> <span class='ocrx_word' id='word_1_357' title='bbox 2538 2308 2966 2375; x_wconf 88' lang='lat' dir='ltr'>contrarietas</span> <span class='ocrx_word' id='word_1_358' title='bbox 3006 2308 3071 2373; x_wconf 90' lang='lat' dir='ltr'>iu</span> <span class='ocrx_word' id='word_1_359' title='bbox 3115 2307 3384 2374; x_wconf 89' lang='lat' dir='ltr'>materia</span> <span class='ocrx_word' id='word_1_360' title='bbox 3435 2306 3611 2386; x_wconf 81' lang='lat' dir='ltr'>fidei,</span> <span class='ocrx_word' id='word_1_361' title='bbox 3666 2318 3731 2373; x_wconf 90' lang='lat' dir='ltr'>et</span> <span class='ocrx_word' id='word_1_362' title='bbox 3760 2325 3940 2371; x_wconf 84' lang='lat' dir='ltr'>essen-</span> 
     </span>
     <span class='ocr_line' id='line_1_65' title="bbox 2434 2420 3942 2491; baseline -0.004 -2"><span class='ocrx_word' id='word_1_363' title='bbox 2434 2424 2697 2491; x_wconf 89' lang='lat' dir='ltr'>tialibus</span> <span class='ocrx_word' id='word_1_364' title='bbox 2776 2423 3238 2490; x_wconf 77' lang='lat' dir='ltr'>sacramentis,</span> <span class='ocrx_word' id='word_1_365' title='bbox 3309 2426 3389 2489; x_wconf 86' lang='lat' dir='ltr'>Et</span> <span class='ocrx_word' id='word_1_366' title='bbox 3454 2422 3625 2489; x_wconf 88' lang='lat' dir='ltr'>sicut</span> <span class='ocrx_word' id='word_1_367' title='bbox 3682 2420 3942 2488; x_wconf 84' lang='lat' dir='ltr'>Nicolaus</span> 
     </span>
     <span class='ocr_line' id='line_1_66' title="bbox 2435 2535 3944 2626; baseline -0.005 -19"><span class='ocrx_word' id='word_1_368' title='bbox 2435 2562 2564 2608; x_wconf 93' lang='lat' dir='ltr'>non</span> <span class='ocrx_word' id='word_1_369' title='bbox 2634 2553 2808 2607; x_wconf 88' lang='lat' dir='ltr'>recte</span> <span class='ocrx_word' id='word_1_370' title='bbox 2875 2540 3115 2606; x_wconf 88' lang='lat' dir='ltr'>dicitur</span> <span class='ocrx_word' id='word_1_371' title='bbox 3172 2550 3398 2606; x_wconf 90' lang='lat' dir='ltr'>contra</span> <span class='ocrx_word' id='word_1_372' title='bbox 3475 2538 3807 2626; x_wconf 88' lang='lat' dir='ltr'>Pelagium</span> <span class='ocrx_word' id='word_1_373' title='bbox 3856 2535 3944 2601; x_wconf 83' lang='lat' dir='ltr'>do·</span> 
     </span>
     <span class='ocr_line' id='line_1_67' title="bbox 2433 2653 3943 2743; baseline -0.005 -20"><span class='ocrx_word' id='word_1_374' title='bbox 2433 2657 2847 2743; x_wconf 88' lang='lat' dir='ltr'>gmatizasse,</span> <span class='ocrx_word' id='word_1_375' title='bbox 2873 2657 2969 2725; x_wconf 92' lang='lat' dir='ltr'>sic</span> <span class='ocrx_word' id='word_1_376' title='bbox 2986 2657 3181 2724; x_wconf 89' lang='lat' dir='ltr'>etiam</span> <span class='ocrx_word' id='word_1_377' title='bbox 3208 2676 3417 2743; x_wconf 89' lang='lat' dir='ltr'>neque</span> <span class='ocrx_word' id='word_1_378' title='bbox 3439 2655 3744 2741; x_wconf 86' lang='lat' dir='ltr'>Pelagius</span> <span class='ocrx_word' id='word_1_379' title='bbox 3763 2653 3943 2719; x_wconf 87' lang='lat' dir='ltr'>dicen·</span> 
     </span>
     <span class='ocr_line' id='line_1_68' title="bbox 2433 2769 3942 2859; baseline -0.004 -20"><span class='ocrx_word' id='word_1_380' title='bbox 2433 2773 2557 2841; x_wconf 91' lang='lat' dir='ltr'>dus</span> <span class='ocrx_word' id='word_1_381' title='bbox 2596 2784 2697 2840; x_wconf 91' lang='lat' dir='ltr'>est</span> <span class='ocrx_word' id='word_1_382' title='bbox 2742 2786 2967 2841; x_wconf 91' lang='lat' dir='ltr'>contra</span> <span class='ocrx_word' id='word_1_383' title='bbox 3023 2774 3427 2859; x_wconf 89' lang='lat' dir='ltr'>Stephanum</span> <span class='ocrx_word' id='word_1_384' title='bbox 3467 2770 3716 2857; x_wconf 88' lang='lat' dir='ltr'>aliquid</span> <span class='ocrx_word' id='word_1_385' title='bbox 3770 2769 3942 2835; x_wconf 85' lang='lat' dir='ltr'>deter-</span> 
     </span>
     <span class='ocr_line' id='line_1_69' title="bbox 2437 2888 3943 2979; baseline -0.004 -23"><span class='ocrx_word' id='word_1_386' title='bbox 2437 2891 2747 2971; x_wconf 86' lang='lat' dir='ltr'>minasse,</span> <span class='ocrx_word' id='word_1_387' title='bbox 2812 2891 2948 2979; x_wconf 90' lang='lat' dir='ltr'>qui,</span> <span class='ocrx_word' id='word_1_388' title='bbox 3007 2902 3077 2958; x_wconf 91' lang='lat' dir='ltr'>ut</span> <span class='ocrx_word' id='word_1_389' title='bbox 3115 2890 3300 2957; x_wconf 91' lang='lat' dir='ltr'>docet</span> <span class='ocrx_word' id='word_1_390' title='bbox 3358 2888 3754 2976; x_wconf 86' lang='lat' dir='ltr'>Cyprianus,</span> <span class='ocrx_word' id='word_1_391' title='bbox 3801 2905 3943 2950; x_wconf 84' lang='lat' dir='ltr'>asse·</span> 
     </span>
     <span class='ocr_line' id='line_1_70' title="bbox 2435 3004 3945 3093; baseline -0.007 -19"><span class='ocrx_word' id='word_1_392' title='bbox 2435 3007 2566 3074; x_wconf 89' lang='lat' dir='ltr'>ruit</span> <span class='ocrx_word' id='word_1_393' title='bbox 2615 3007 3014 3093; x_wconf 90' lang='lat' dir='ltr'>Baptismum</span> <span class='ocrx_word' id='word_1_394' title='bbox 3065 3006 3370 3073; x_wconf 89' lang='lat' dir='ltr'>collatum</span> <span class='ocrx_word' id='word_1_395' title='bbox 3412 3007 3486 3072; x_wconf 83' lang='lat' dir='ltr'>in</span> <span class='ocrx_word' id='word_1_396' title='bbox 3524 3006 3791 3070; x_wconf 75' lang='lat' dir='ltr'>nomine</span> <span class='ocrx_word' id='word_1_397' title='bbox 3823 3004 3945 3067; x_wconf 73' lang='lat' dir='ltr'>lesu</span> 
     </span>
     <span class='ocr_line' id='line_1_71' title="bbox 2437 3117 3944 3212; baseline -0.005 -22"><span class='ocrx_word' id='word_1_398' title='bbox 2437 3143 2564 3190; x_wconf 92' lang='lat' dir='ltr'>non</span> <span class='ocrx_word' id='word_1_399' title='bbox 2610 3144 2756 3191; x_wconf 89' lang='lat' dir='ltr'>esse</span> <span class='ocrx_word' id='word_1_400' title='bbox 2806 3124 3199 3205; x_wconf 83' lang='lat' dir='ltr'>iterandum,</span> <span class='ocrx_word' id='word_1_401' title='bbox 3242 3122 3392 3212; x_wconf 86' lang='lat' dir='ltr'>quia</span> <span class='ocrx_word' id='word_1_402' title='bbox 3445 3142 3662 3209; x_wconf 91' lang='lat' dir='ltr'>neque</span> <span class='ocrx_word' id='word_1_403' title='bbox 3708 3117 3944 3207; x_wconf 85' lang='lat' dir='ltr'>Cypria-</span> 
     </span>
     <span class='ocr_line' id='line_1_72' title="bbox 2436 3237 3944 3326; baseline -0.004 -22"><span class='ocrx_word' id='word_1_404' title='bbox 2436 3259 2560 3306; x_wconf 91' lang='lat' dir='ltr'>nus</span> <span class='ocrx_word' id='word_1_405' title='bbox 2606 3240 2893 3326; x_wconf 84' lang='lat' dir='ltr'>maligne</span> <span class='ocrx_word' id='word_1_406' title='bbox 2925 3240 3388 3324; x_wconf 89' lang='lat' dir='ltr'>interpretatus</span> <span class='ocrx_word' id='word_1_407' title='bbox 3419 3250 3517 3303; x_wconf 83' lang='lat' dir='ltr'>est</span> <span class='ocrx_word' id='word_1_408' title='bbox 3551 3237 3944 3322; x_wconf 87' lang='lat' dir='ltr'>Stephanum,</span> 
     </span>
     <span class='ocr_line' id='line_1_73' title="bbox 2437 3354 3949 3443; baseline -0.005 -20"><span class='ocrx_word' id='word_1_409' title='bbox 2437 3357 2624 3443; x_wconf 88' lang='lat' dir='ltr'>quasi</span> <span class='ocrx_word' id='word_1_410' title='bbox 2699 3357 3064 3443; x_wconf 90' lang='lat' dir='ltr'>imponeret</span> <span class='ocrx_word' id='word_1_411' title='bbox 3139 3355 3311 3443; x_wconf 90' lang='lat' dir='ltr'>quod</span> <span class='ocrx_word' id='word_1_412' title='bbox 3377 3355 3538 3420; x_wconf 91' lang='lat' dir='ltr'>alias</span> <span class='ocrx_word' id='word_1_413' title='bbox 3614 3354 3949 3440; x_wconf 86' lang='lat' dir='ltr'>Stephanus</span> 
     </span>
     <span class='ocr_line' id='line_1_74' title="bbox 2438 3469 3950 3560; baseline -0.005 -22"><span class='ocrx_word' id='word_1_414' title='bbox 2438 3492 2567 3538; x_wconf 94' lang='lat' dir='ltr'>non</span> <span class='ocrx_word' id='word_1_415' title='bbox 2616 3472 2902 3559; x_wconf 89' lang='lat' dir='ltr'>scripsit,</span> <span class='ocrx_word' id='word_1_416' title='bbox 2967 3493 3181 3560; x_wconf 89' lang='lat' dir='ltr'>neque</span> <span class='ocrx_word' id='word_1_417' title='bbox 3227 3471 3420 3537; x_wconf 89' lang='lat' dir='ltr'>etiam</span> <span class='ocrx_word' id='word_1_418' title='bbox 3481 3469 3823 3536; x_wconf 87' lang='lat' dir='ltr'>dicendum</span> <span class='ocrx_word' id='word_1_419' title='bbox 3872 3477 3950 3532; x_wconf 82' lang='lat' dir='ltr'>est</span> 
     </span>
     <span class='ocr_line' id='line_1_75' title="bbox 2437 3585 3944 3673; baseline -0.007 -15"><span class='ocrx_word' id='word_1_420' title='bbox 2437 3612 2588 3658; x_wconf 89' lang='lat' dir='ltr'>eum</span> <span class='ocrx_word' id='word_1_421' title='bbox 2628 3610 2758 3657; x_wconf 91' lang='lat' dir='ltr'>non</span> <span class='ocrx_word' id='word_1_422' title='bbox 2806 3590 3206 3657; x_wconf 84' lang='lat' dir='ltr'>intellexisse</span> <span class='ocrx_word' id='word_1_423' title='bbox 3243 3589 3576 3656; x_wconf 88' lang='lat' dir='ltr'>decretum</span> <span class='ocrx_word' id='word_1_424' title='bbox 3640 3585 3944 3673; x_wconf 81' lang='lat' dir='ltr'>Stephani,</span> 
     </span>
     <span class='ocr_line' id='line_1_76' title="bbox 2439 3700 3950 3793; baseline -0.006 -20"><span class='ocrx_word' id='word_1_425' title='bbox 2439 3706 2611 3791; x_wconf 89' lang='lat' dir='ltr'>quod</span> <span class='ocrx_word' id='word_1_426' title='bbox 2662 3705 2728 3771; x_wconf 92' lang='lat' dir='ltr'>in</span> <span class='ocrx_word' id='word_1_427' title='bbox 2772 3706 2896 3772; x_wconf 91' lang='lat' dir='ltr'>hoc</span> <span class='ocrx_word' id='word_1_428' title='bbox 2933 3727 3016 3773; x_wconf 82' lang='lat' dir='ltr'>ex</span> <span class='ocrx_word' id='word_1_429' title='bbox 3074 3718 3254 3793; x_wconf 90' lang='lat' dir='ltr'>parte</span> <span class='ocrx_word' id='word_1_430' title='bbox 3292 3705 3663 3792; x_wconf 89' lang='lat' dir='ltr'>impugnat.</span> <span class='ocrx_word' id='word_1_431' title='bbox 3718 3700 3950 3788; x_wconf 83' lang='lat' dir='ltr'>Stepha-</span> 
     </span>
     <span class='ocr_line' id='line_1_77' title="bbox 2442 3818 3949 3889; baseline -0.005 0"><span class='ocrx_word' id='word_1_432' title='bbox 2442 3841 2565 3889; x_wconf 91' lang='lat' dir='ltr'>nus</span> <span class='ocrx_word' id='word_1_433' title='bbox 2596 3832 2813 3886; x_wconf 75' lang='lat' dir='ltr'>autem</span> <span class='ocrx_word' id='word_1_434' title='bbox 2869 3822 3231 3889; x_wconf 85' lang='lat' dir='ltr'>inhaerebat</span> <span class='ocrx_word' id='word_1_435' title='bbox 3271 3818 3730 3888; x_wconf 90' lang='lat' dir='ltr'>consuetudini</span> <span class='ocrx_word' id='word_1_436' title='bbox 3758 3830 3819 3883; x_wconf 90' lang='lat' dir='ltr'>et</span> <span class='ocrx_word' id='word_1_437' title='bbox 3847 3828 3949 3881; x_wconf 84' lang='lat' dir='ltr'>tra·</span> 
     </span>
     <span class='ocr_line' id='line_1_78' title="bbox 2438 3935 3950 4014; baseline -0.006 -9"><span class='ocrx_word' id='word_1_438' title='bbox 2438 3938 2694 4014; x_wconf 88' lang='lat' dir='ltr'>ditioni,</span> <span class='ocrx_word' id='word_1_439' title='bbox 2730 3937 3089 4004; x_wconf 80' lang='lat' dir='ltr'>decernens</span> <span class='ocrx_word' id='word_1_440' title='bbox 3130 3937 3307 4002; x_wconf 72' lang='lat' dir='ltr'>nihil</span> <span class='ocrx_word' id='word_1_441' title='bbox 3345 3935 3801 4002; x_wconf 72' lang='lat' dir='ltr'>innovandum</span> <span class='ocrx_word' id='word_1_442' title='bbox 3842 3948 3950 3996; x_wconf 72' lang='lat' dir='ltr'>esse</span> 
     </span>
     <span class='ocr_line' id='line_1_79' title="bbox 2437 4053 3946 4142; baseline -0.005 -22"><span class='ocrx_word' id='word_1_443' title='bbox 2437 4067 2683 4142; x_wconf 82' lang='lat' dir='ltr'>proeeer</span> <span class='ocrx_word' id='word_1_444' title='bbox 2748 4055 2844 4134; x_wconf 84' lang='lat' dir='ltr'>id,</span> <span class='ocrx_word' id='word_1_445' title='bbox 2923 4053 3097 4141; x_wconf 83' lang='lat' dir='ltr'>quod</span> <span class='ocrx_word' id='word_1_446' title='bbox 3159 4053 3483 4119; x_wconf 79' lang='lat' dir='ltr'>traditum</span> <span class='ocrx_word' id='word_1_447' title='bbox 3540 4065 3661 4119; x_wconf 78' lang='lat' dir='ltr'>esc.</span> <span class='ocrx_word' id='word_1_448' title='bbox 3722 4055 3946 4122; x_wconf 88' lang='lat' dir='ltr'>Contra,</span> 
     </span>
     <span class='ocr_line' id='line_1_80' title="bbox 2438 4168 3949 4260; baseline -0.008 -20"><span class='ocrx_word' id='word_1_449' title='bbox 2438 4172 2807 4260; x_wconf 89' lang='lat' dir='ltr'>Cyprianus</span> <span class='ocrx_word' id='word_1_450' title='bbox 2858 4191 2985 4236; x_wconf 90' lang='lat' dir='ltr'>non</span> <span class='ocrx_word' id='word_1_451' title='bbox 3019 4168 3501 4248; x_wconf 88' lang='lat' dir='ltr'>consuetudini,</span> <span class='ocrx_word' id='word_1_452' title='bbox 3537 4169 3654 4236; x_wconf 90' lang='lat' dir='ltr'>sed</span> <span class='ocrx_word' id='word_1_453' title='bbox 3699 4168 3949 4252; x_wconf 88' lang='lat' dir='ltr'>Scriptu-</span> 
     </span>
     <span class='ocr_line' id='line_1_81' title="bbox 2441 4283 3947 4376; baseline -0.007 -20"><span class='ocrx_word' id='word_1_454' title='bbox 2441 4291 2557 4368; x_wconf 86' lang='lat' dir='ltr'>ris,</span> <span class='ocrx_word' id='word_1_455' title='bbox 2594 4307 2757 4376; x_wconf 89' lang='lat' dir='ltr'>quas</span> <span class='ocrx_word' id='word_1_456' title='bbox 2847 4307 2926 4373; x_wconf 90' lang='lat' dir='ltr'>pr</span> <span class='ocrx_word' id='word_1_457' title='bbox 2968 4307 3041 4352; x_wconf 90' lang='lat' dir='ltr'>se</span> <span class='ocrx_word' id='word_1_458' title='bbox 3088 4284 3266 4372; x_wconf 86' lang='lat' dir='ltr'>loqui</span> <span class='ocrx_word' id='word_1_459' title='bbox 3306 4285 3602 4372; x_wconf 88' lang='lat' dir='ltr'>putabat,</span> <span class='ocrx_word' id='word_1_460' title='bbox 3659 4283 3947 4350; x_wconf 78' lang='lat' dir='ltr'>inhaeren·</span> 
     </span>
     <span class='ocr_line' id='line_1_82' title="bbox 2439 4395 3948 4488; baseline -0.011 -14"><span class='ocrx_word' id='word_1_461' title='bbox 2439 4407 2594 4474; x_wconf 88' lang='lat' dir='ltr'>dum</span> <span class='ocrx_word' id='word_1_462' title='bbox 2667 4404 2925 4481; x_wconf 79' lang='lat' dir='ltr'>docuit3</span> <span class='ocrx_word' id='word_1_463' title='bbox 2992 4422 3153 4488; x_wconf 87' lang='lat' dir='ltr'>ergo</span> <span class='ocrx_word' id='word_1_464' title='bbox 3224 4401 3595 4488; x_wconf 83' lang='lat' dir='ltr'>Stephanus</span> <span class='ocrx_word' id='word_1_465' title='bbox 3641 4395 3948 4486; x_wconf 85' lang='lat' dir='ltr'>supposuit</span> 
     </span>
     <span class='ocr_line' id='line_1_83' title="bbox 2442 4515 3947 4601; baseline -0.009 -13"><span class='ocrx_word' id='word_1_466' title='bbox 2442 4544 2519 4589; x_wconf 86' lang='lat' dir='ltr'>ex</span> <span class='ocrx_word' id='word_1_467' title='bbox 2585 4519 2932 4586; x_wconf 85' lang='lat' dir='ltr'>traditione</span> <span class='ocrx_word' id='word_1_468' title='bbox 2995 4515 3409 4584; x_wconf 89' lang='lat' dir='ltr'>retinendum</span> <span class='ocrx_word' id='word_1_469' title='bbox 3460 4534 3606 4581; x_wconf 88' lang='lat' dir='ltr'>esse</span> <span class='ocrx_word' id='word_1_470' title='bbox 3667 4515 3947 4601; x_wconf 83' lang='lat' dir='ltr'>Baptisma</span> 
     </span>
    </p>
   </div>
   <div class='ocr_carea' id='block_1_9' title="bbox 2439 4633 3381 4706">
    <p class='ocr_par' dir='ltr' id='par_1_12' title="bbox 2439 4633 3381 4706">
     <span class='ocr_line' id='line_1_84' title="bbox 2439 4633 3381 4706; baseline -0.01 0"><span class='ocrx_word' id='word_1_471' title='bbox 2439 4639 2660 4706; x_wconf 88' lang='lat' dir='ltr'>datum</span> <span class='ocrx_word' id='word_1_472' title='bbox 2701 4639 2776 4703; x_wconf 80' lang='lat' dir='ltr'>in</span> <span class='ocrx_word' id='word_1_473' title='bbox 2805 4637 3074 4703; x_wconf 83' lang='lat' dir='ltr'>nomine</span> <span class='ocrx_word' id='word_1_474' title='bbox 3105 4633 3381 4701; x_wconf 76' lang='lat' dir='ltr'>Christi.</span> 
     </span>
    </p>
   </div>
   <div class='ocr_carea' id='block_1_10' title="bbox 2441 4766 3939 5676">
    <p class='ocr_par' dir='ltr' id='par_1_13' title="bbox 2441 4766 3939 5676">
     <span class='ocr_line' id='line_1_85' title="bbox 2530 4766 3938 4857; baseline -0.002 -19"><span class='ocrx_word' id='word_1_475' title='bbox 2530 4771 2858 4857; x_wconf 89' lang='lat' dir='ltr'>Stephano</span> <span class='ocrx_word' id='word_1_476' title='bbox 2890 4770 3164 4837; x_wconf 90' lang='lat' dir='ltr'>accessit</span> <span class='ocrx_word' id='word_1_477' title='bbox 3215 4766 3574 4834; x_wconf 89' lang='lat' dir='ltr'>Concilium</span> <span class='ocrx_word' id='word_1_478' title='bbox 3642 4767 3938 4836; x_wconf 78' lang='lat' dir='ltr'>Nicenum.</span> 
     </span>
     <span class='ocr_line' id='line_1_86' title="bbox 2441 4878 3939 4974; baseline -0.008 -20"><span class='ocrx_word' id='word_1_479' title='bbox 2441 4888 2611 4974; x_wconf 89' lang='lat' dir='ltr'>quod</span> <span class='ocrx_word' id='word_1_480' title='bbox 2688 4886 2981 4955; x_wconf 89' lang='lat' dir='ltr'>decrevit</span> <span class='ocrx_word' id='word_1_481' title='bbox 3047 4907 3177 4953; x_wconf 92' lang='lat' dir='ltr'>non</span> <span class='ocrx_word' id='word_1_482' title='bbox 3274 4905 3423 4952; x_wconf 89' lang='lat' dir='ltr'>esse</span> <span class='ocrx_word' id='word_1_483' title='bbox 3489 4878 3939 4974; x_wconf 87' lang='lat' dir='ltr'>rebaptizandos</span> 
     </span>
     <span class='ocr_line' id='line_1_87' title="bbox 2442 4995 3938 5090; baseline -0.008 -20"><span class='ocrx_word' id='word_1_484' title='bbox 2442 5003 2806 5081; x_wconf 81' lang='lat' dir='ltr'>haereticos,</span> <span class='ocrx_word' id='word_1_485' title='bbox 2845 5016 3081 5090; x_wconf 84' lang='lat' dir='ltr'>praeter</span> <span class='ocrx_word' id='word_1_486' title='bbox 3128 5002 3577 5090; x_wconf 90' lang='lat' dir='ltr'>Cataphryges</span> <span class='ocrx_word' id='word_1_487' title='bbox 3627 5013 3691 5070; x_wconf 93' lang='lat' dir='ltr'>et</span> <span class='ocrx_word' id='word_1_488' title='bbox 3727 4995 3938 5065; x_wconf 86' lang='lat' dir='ltr'>Paulia-</span> 
     </span>
     <span class='ocr_line' id='line_1_88' title="bbox 2443 5119 3932 5205; baseline -0.007 -20"><span class='ocrx_word' id='word_1_489' title='bbox 2443 5121 2672 5200; x_wconf 91' lang='lat' dir='ltr'>nistas,</span> <span class='ocrx_word' id='word_1_490' title='bbox 2763 5129 2828 5186; x_wconf 87' lang='lat' dir='ltr'>et</span> <span class='ocrx_word' id='word_1_491' title='bbox 2918 5132 2985 5186; x_wconf 88' lang='lat' dir='ltr'>ut</span> <span class='ocrx_word' id='word_1_492' title='bbox 3061 5123 3366 5186; x_wconf 90' lang='lat' dir='ltr'>Doctores</span> <span class='ocrx_word' id='word_1_493' title='bbox 3445 5119 3932 5205; x_wconf 83' lang='lat' dir='ltr'>interpretantur,</span> 
     </span>
     <span class='ocr_line' id='line_1_89' title="bbox 2443 5225 3934 5325; baseline -0.003 -22"><span class='ocrx_word' id='word_1_494' title='bbox 2443 5237 2593 5325; x_wconf 89' lang='lat' dir='ltr'>quia</span> <span class='ocrx_word' id='word_1_495' title='bbox 2634 5236 2725 5303; x_wconf 92' lang='lat' dir='ltr'>illi</span> <span class='ocrx_word' id='word_1_496' title='bbox 2773 5257 2901 5303; x_wconf 87' lang='lat' dir='ltr'>non</span> <span class='ocrx_word' id='word_1_497' title='bbox 2968 5237 3316 5303; x_wconf 87' lang='lat' dir='ltr'>utebantur</span> <span class='ocrx_word' id='word_1_498' title='bbox 3359 5235 3577 5322; x_wconf 88' lang='lat' dir='ltr'>aliqua</span> <span class='ocrx_word' id='word_1_499' title='bbox 3620 5235 3832 5312; x_wconf 80' lang='lat' dir='ltr'>forma,</span> <span class='ocrx_word' id='word_1_500' title='bbox 3885 5225 3934 5290; x_wconf 78' lang='lat' dir='ltr'>hi</span> 
     </span>
     <span class='ocr_line' id='line_1_90' title="bbox 2444 5343 3934 5439; baseline -0.005 -21"><span class='ocrx_word' id='word_1_501' title='bbox 2444 5373 2599 5419; x_wconf 90' lang='lat' dir='ltr'>vero</span> <span class='ocrx_word' id='word_1_502' title='bbox 2651 5355 2921 5419; x_wconf 84' lang='lat' dir='ltr'>formam</span> <span class='ocrx_word' id='word_1_503' title='bbox 2958 5352 3313 5431; x_wconf 80' lang='lat' dir='ltr'>falsabant;</span> <span class='ocrx_word' id='word_1_504' title='bbox 3366 5351 3539 5439; x_wconf 89' lang='lat' dir='ltr'>quod</span> <span class='ocrx_word' id='word_1_505' title='bbox 3588 5349 3837 5439; x_wconf 80' lang='lat' dir='ltr'>perinde</span> <span class='ocrx_word' id='word_1_506' title='bbox 3875 5343 3934 5408; x_wconf 76' lang='lat' dir='ltr'>de</span> 
     </span>
     <span class='ocr_line' id='line_1_91' title="bbox 2446 5469 3931 5558; baseline -0.008 -21"><span class='ocrx_word' id='word_1_507' title='bbox 2446 5470 2611 5550; x_wconf 82' lang='lat' dir='ltr'>istis,</span> <span class='ocrx_word' id='word_1_508' title='bbox 2658 5470 2737 5536; x_wconf 92' lang='lat' dir='ltr'>de</span> <span class='ocrx_word' id='word_1_509' title='bbox 2784 5471 3024 5558; x_wconf 88' lang='lat' dir='ltr'>quibus</span> <span class='ocrx_word' id='word_1_510' title='bbox 3081 5469 3380 5556; x_wconf 91' lang='lat' dir='ltr'>Pelagius</span> <span class='ocrx_word' id='word_1_511' title='bbox 3425 5469 3489 5535; x_wconf 93' lang='lat' dir='ltr'>in</span> <span class='ocrx_word' id='word_1_512' title='bbox 3542 5490 3662 5536; x_wconf 91' lang='lat' dir='ltr'>suo</span> <span class='ocrx_word' id='word_1_513' title='bbox 3715 5470 3931 5534; x_wconf 76' lang='lat' dir='ltr'>Deci-eto</span> 
     </span>
     <span class='ocr_line' id='line_1_92' title="bbox 2443 5584 3927 5676; baseline -0.005 -23"><span class='ocrx_word' id='word_1_514' title='bbox 2443 5587 2602 5676; x_wconf 86' lang='lat' dir='ltr'>agit,</span> <span class='ocrx_word' id='word_1_515' title='bbox 2641 5584 3171 5676; x_wconf 68' lang='lat' dir='ltr'>praesumendum</span> <span class='ocrx_word' id='word_1_516' title='bbox 3213 5586 3421 5675; x_wconf 89' lang='lat' dir='ltr'>magis</span> <span class='ocrx_word' id='word_1_517' title='bbox 3452 5587 3728 5666; x_wconf 81' lang='lat' dir='ltr'>videtur,</span> <span class='ocrx_word' id='word_1_518' title='bbox 3776 5597 3927 5671; x_wconf 86' lang='lat' dir='ltr'>quam</span> 
     </span>
    </p>
   </div>
  </div>
 </body>
</html>
