4255 6375
782 387 891 467 1323

769 561 991 635 tione
1026 563 1433 639 sensibilis
1479 565 1835 639 instituti
1871 565 1964 637 ad
2009 564 2333 656 signan-

772 679 983 751 dum.
1033 682 1400 754 Primum
1458 683 1879 776 probatur,
1933 701 2096 753 non
2158 679 2329 772 qui-

772 799 950 870 dem
1002 800 1208 891 quod
1271 799 1627 891 signatio
1670 805 1885 873 esset
1945 797 2333 892 simplici-

777 916 906 986 ter
961 914 1124 988 alia
1190 920 1267 996 et
1337 917 1501 989 alia
1563 919 1936 1010 respectu
1985 916 2331 989 alterius

780 1028 1295 1124 simpliciter,
1358 1053 1545 1105 nam
1597 1055 1694 1106 ex
1739 1055 1892 1126 quo
1936 1034 2016 1106 in
2076 1034 2334 1126 quali-

783 1146 912 1220 bet
944 1147 1121 1240 lege
1155 1148 1306 1221 fuit
1344 1149 1736 1223 medicina
1779 1156 2068 1226 contra
2110 1171 2333 1223 eum-

778 1263 954 1335 dem
991 1264 1391 1347 morbum,
1438 1285 1600 1337 non
1645 1267 1798 1340 fuit
1847 1266 2335 1361 simpliciter

773 1380 1010 1465 aliud,
1111 1383 1312 1475 quod
1394 1383 1874 1475 signabatur
1949 1406 2095 1477 per
2171 1385 2335 1456 tale

786 1501 1406 1575 Sacramentum
1447 1500 1528 1572 in
1564 1499 1725 1572 alia
1776 1503 1852 1573 et
1898 1502 2059 1573 alia
2110 1502 2330 1593 lege3

775 1616 909 1689 sed
938 1617 1204 1690 debuit
1246 1617 1738 1708 significatio
1780 1639 1956 1690 esse
1989 1616 2154 1691 alia
2210 1640 2336 1690 re-

775 1739 1051 1827 spectu
1091 1735 1460 1817 alterius,
1497 1736 1927 1809 secundum
1953 1736 2218 1808 minus
2255 1738 2335 1809 et

775 1851 1035 1942 magis
1066 1851 1398 1925 variati.
1439 1852 1657 1934 Quod
1694 1853 2112 1946 probatur,
2146 1853 2336 1945 quia

781 1968 861 2039 in
948 1986 1338 2060 processu
1425 1967 1983 2058 generationis
2050 1967 2338 2041 huma-

771 2104 894 2155 nae
927 2101 1250 2175 semper
1280 2081 1542 2156 crevit
1574 2083 1868 2157 notitia
1920 2085 2330 2167 veritatis,

773 2204 860 2275 ut
905 2203 1126 2294 patet
1174 2222 1310 2294 per
1346 2201 1834 2293 Gregorium
1909 2227 2107 2291 super
2174 2208 2337 2272 Eze-

772 2322 1095 2400 chielem,·
1126 2337 1325 2409 ergo
1360 2338 1813 2410 congruum
1858 2317 2011 2393 fuit
2044 2318 2124 2389 in
2158 2319 2335 2411 lege

777 2432 1224 2526 posteriori
1285 2434 1606 2526 signum
1651 2434 2121 2509 institutum
2172 2437 2337 2509 evi-

779 2548 1097 2622 dentius
1134 2549 1462 2642 signare
1506 2549 1968 2641 signatum;
2025 2553 2156 2624 lex
2198 2572 2334 2625 au-

779 2668 945 2739 tem
1008 2667 1424 2759 posterior
1491 2687 1814 2760 semper
1859 2667 2014 2743 fuit
2083 2668 2333 2761 perfe-

778 2782 1018 2865 ctior,
1079 2782 1267 2874 quia
1331 2785 1546 2857 Deus
1618 2783 1986 2859 ordinate
2055 2805 2327 2876 agens,

783 2898 1148 2990 procedit
1204 2900 1295 2972 de
1367 2897 1848 2992 imperfecto
1920 2901 2014 2972 ad
2082 2900 2333 2995 perfe-

785 3016 1054 3095 ctum;
1155 3014 1286 3086 lex
1355 3016 1451 3105 (e)
1536 3000 1808 3089 autem
1889 3017 2333 3109 perfectior

783 3129 1136 3222 requirit
1199 3130 1610 3224 adjutoria
1681 3130 2179 3224 persectiora
2239 3136 2332 3207 ad

777 3248 900 3321 sui
940 3247 1628 3330 observationem;
1672 3268 1872 3341 ergo
1903 3250 2033 3323 lex
2067 3255 2333 3343 poste-

782 3364 962 3436 rior
1013 3364 1284 3438 debuit
1346 3363 1640 3437 habere
1712 3370 2332 3439 Sacramentum

782 3482 1115 3573 signans
1155 3482 1725 3575 perfectiorem
1770 3484 2155 3575 gratiam.
2206 3486 2333 3559 Sic

780 3617 977 3690 ergo
1011 3617 1466 3691 congruum
1508 3600 1661 3675 fuit
1707 3601 1788 3672 in
1829 3601 1992 3672 alia
2040 3605 2118 3674 et
2171 3602 2335 3675 alia

785 3716 960 3807 lege
1058 3736 1236 3788 esse
1323 3717 1869 3808 signationem
1938 3717 2184 3790 aliam
2254 3721 2332 3790 et

781 3831 1028 3905 aliam
1067 3830 1713 3906 manifestiorem
1749 3833 1826 3905 in
1862 3835 2329 3927 posteriori,

782 3952 863 4023 et
906 3953 1274 4040 respectu
1314 3947 1616 4040 signati
1649 3949 2196 4041 perfectioris.

872 4068 992 4138 Ex
1076 4064 1227 4139 hoc
1303 4066 1710 4159 sequitur,
1790 4068 1993 4160 quod
2067 4068 2334 4144 decuit

781 4205 960 4257 esse
1014 4182 1232 4256 aliud
1279 4186 1358 4256 et
1410 4184 1625 4257 aliud
1685 4187 2328 4269 Sacramentum,

783 4305 1175 4396 quantum
1207 4302 1299 4374 ad
1335 4301 1712 4374 sensibile
1746 4303 2107 4394 signam,
2146 4324 2333 4376 nam

783 4418 1044 4510 magis
1078 4437 1529 4511 congruum
1569 4421 1692 4491 est
1726 4420 1819 4491 ad
1854 4418 2334 4510 signandum

783 4533 1361 4628 perfectiorem
1424 4533 1807 4625 gratiam,
1860 4538 1941 4607 et
2004 4532 2331 4606 manife—

784 4650 991 4726 stius
1068 4649 1571 4742 signandum,
1642 4672 1940 4723 novum
2010 4651 2333 4742 signum

788 4767 1122 4859 imponi,
1188 4786 1430 4858 quam
1488 4767 1910 4859 antiquum
1971 4787 2336 4840 remane-

791 4904 904 4955 re.
968 4883 1413 4974 Antiquum
1470 4882 1686 4956 enim
1727 4905 1824 4956 ex
1867 4884 2136 4975 prima
2187 4884 2334 4955 im-

792 5000 1196 5093 positione
1240 4998 1462 5072 nullo
1527 5000 1758 5072 modo
1810 5000 2075 5092 potuit
2120 5001 2337 5073 aliud

792 5119 1122 5209 signare
1183 5137 1423 5210 quam
1485 5116 1811 5209 primo;
1876 5119 2141 5211 ipsum
2203 5139 2338 5190 au·

792 5242 953 5310 tem
1028 5235 1408 5327 primum,
1484 5254 1621 5306 seu
1691 5233 1896 5306 idem
1960 5237 2338 5313 sensibile

793 5351 983 5444 poni
1042 5349 1123 5423 in
1186 5351 1531 5424 secunda
1573 5350 1777 5444 lege,
1829 5354 1924 5426 ad
1968 5355 2183 5429 aliud
2235 5357 2338 5430 si-

795 5469 1199 5560 gnandum
1286 5490 1525 5562 quam
1602 5471 1897 5563 primo,
1977 5474 2104 5545 vel
2175 5475 2336 5547 alio

799 5584 1031 5658 modo
1065 5585 1569 5676 signandum,
1601 5608 1762 5662 non
1792 5594 1974 5664 erat
2010 5591 2126 5665 ita
2158 5612 2339 5665 con-

1915 407 2055 468 LlB.
2087 406 2187 467 lV.
2233 404 2836 468 SENTENTIARUM

2452 583 2772 656 gruum,
2832 565 3042 639 sicut
3091 563 3307 638 aliud
3350 562 3679 658 imponi,
3733 567 3819 637 ut
3869 584 3989 657 pa·

2451 684 2566 754 tet
2598 680 2849 755 etiam
2901 682 2981 752 in
3035 680 3290 774 signis
3343 680 3731 775 practicis
3771 679 3993 753 insti-

2449 796 2650 871 tutis
2715 819 2762 870 a
2836 798 3095 882 nobiS,
3171 799 3375 892 quod
3427 799 3991 872 rationabilius

2448 923 2572 992 est
2625 918 2719 989 ad
2771 917 3385 1009 significandum
3425 913 3992 1010 perfectiorem

2448 1035 2831 1107 effectum
2892 1038 3297 1116 nostrum,
3352 1038 3431 1107 et
3484 1032 3991 1106 manifestius

2450 1151 2869 1243 imponere
2892 1170 3189 1223 novum
3219 1149 3566 1241 signum,
3592 1169 3831 1241 quam
3866 1168 3990 1220 an·

2447 1268 2763 1360 tiquum
2811 1286 3256 1349 remanere,
3305 1270 3447 1340 aut
3491 1265 3710 1338 aliud
3769 1265 3989 1357 prius

2450 1383 2923 1477 impositum
2976 1383 3066 1455 de
3115 1403 3323 1456 novo
3387 1382 3828 1476 imponere.

2537 1502 2651 1573 Ad
2684 1503 3194 1591 argumenta.
3235 1500 3346 1571 Ad
3393 1501 3751 1592 primum
3789 1498 3984 1579 dico,
4010 1490 4127 1596 ΜΨ

2451 1620 2653 1710 quod
2702 1616 3120 1691 Deus'non
3169 1620 3351 1689 erat
3382 1635 3629 1688 causa
3666 1562 4174 1693 directa&

2450 1754 2593 1805 nec
2644 1733 2966 1806 occasio
3020 1733 3641 1815 idololatrandi3
3705 1752 3867 1805 non
3930 1753 3994 1803 e-

2448 1850 2615 1923 nim
2648 1851 3007 1925 instituit
3040 1850 3182 1923 illa
3214 1849 3629 1923 sensibilia
3662 1850 3894 1942 quasi
3926 1849 3997 1920 in

2450 1968 2565 2040 eis
2591 1967 2722 2049 sit,
2756 1968 2883 2040 vel
2917 1968 3389 2041 crederetur
3420 1966 3723 2059 aliquid
3754 1965 3997 2038 numi·

2453 2086 2601 2170 niS,
2628 2087 2758 2159 sed
2792 2084 3149 2158 instituit
3187 2084 3325 2157 illa
3360 2088 3751 2177 tanquam
3776 2082 3997 2174 signa

2450 2200 2792 2277 effectus
2828 2202 2951 2273 sui
2994 2200 3343 2285 creandi,
3405 2221 3501 2273 ex
3559 2199 3849 2292 quibus
3883 2220 3997 2272 co-

2451 2320 2710 2412 gnitio
2772 2324 2853 2393 et
2909 2317 3254 2391 directio
3314 2314 3667 2391 viatoris
3727 2320 3996 2409 posset

2449 2436 2729 2508 haberi
2765 2436 2858 2508 ad
2902 2435 3414 2527 quaerendam
3468 2433 3845 2506 salutem.
3892 2431 3992 2504 Ad
4078 2442 4081 2443 *

2451 2554 2884 2626 secundum
2987 2553 3561 2644 argumentum
3658 2548 3987 2623 inferius

2450 2671 2781 2764 patebit.

2537 2787 2652 2860 Ad
2736 2786 3074 2861 tertium
3162 2784 3363 2867 dico,
3438 2783 3647 2876 quod
3723 2784 4174 2898 nunustu‘quffi

2447 2903 2661 2975 alius
2720 2924 2765 2976 a
2824 2904 2991 2976 Deo
3086 2905 3264 2974 erat
3323 2901 3783 2994 legislator,
3837 2868 4174 2980 nisisofoeadael

2448 3020 2660 3095 sicut
2737 3041 3004 3115 praeco
3077 3020 3635 3112 praenuntians
3702 3018 3978 3110 legem,
4036 2989 4167 3038 pm*

2446 3141 2523 3210 et
2612 3138 2725 3212 ita
2822 3137 3088 3231 potuit
3162 3159 3341 3212 esse
3410 3137 3982 3231 pronuntiator

2448 3259 3169 3330 Sacramentorum
3247 3255 3486 3349 hujus
3562 3253 3793 3345 legis,
3864 3250 3984 3324 sed

2446 3391 2607 3442 non
2652 3371 3104 3445 institutor.
3159 3373 3273 3444 Ad
3315 3375 3725 3465 quartum,
3778 3370 3983 3462 patet

2447 3513 2528 3555 ex
2560 3503 2795 3577 quarlo
2834 3493 3143 3572 amicale,
3182 3489 3370 3581 quia
3411 3487 3627 3560 aliud
3667 3490 3746 3559 et
3784 3484 3979 3558 aliud

2447 3601 2598 3675 fuit
2642 3604 3109 3679 institutum
3172 3607 3798 3680 Sacramentum
3848 3622 3980 3697 pro

2449 3725 2818 3814 tempore
2849 3724 3192 3796 alterius
3233 3728 3312 3797 et
3367 3724 3715 3798 alterius
3758 3723 3975 3816 legis,

2450 3837 2741 3911 saltem
2825 3839 2916 3912 de
3000 3838 3142 3912 illo
3231 3842 3778 3925 sacramentO,
3854 3859 3980 3934 per

2449 3956 2654 4047 quod
2721 3956 2960 4031 fiebat
3028 3956 3505 4050 principalis
3574 3957 3977 4034 distinctio

2447 4073 2651 4164 legis
2687 4093 2733 4144 a
2767 4073 2966 4164 lege,
3006 4073 3191 4166 quia
3242 4073 3321 4145 in
3374 4074 3513 4146 illo
3548 4075 3978 4149 debuerunt

2446 4189 2813 4261 homines
2862 4190 3217 4283 ejusdem
3258 4190 3488 4281 legis,
3530 4198 3612 4266 et
3653 4194 3873 4267 inter
3908 4212 3981 4265 se

2447 4306 2905 4388 convenire,
2942 4310 3022 4379 et
3065 4306 3162 4378 ab
3194 4306 3379 4378 aliis
3415 4307 3764 4382 alterius
3797 4307 3981 4400 legis

2445 4422 2860 4513 distingui.

2889 4616 3541 4685 COMMENTARIUS.

2533 4776 2625 4864 (d)
2669 4778 2761 4841 De
2793 4790 3052 4863 quarm,
3099 4788 3222 4845 etc.
3273 4780 3405 4845 Hoc
3462 4791 3693 4866 quarto
3722 4781 3978 4850 articulo
4022 4776 4174 4892 λήξω

2447 4891 2796 4978 distinguit
2845 4891 3055 4977 primo
3108 4893 3615 4960 Sacramentum
3693 4896 3759 4961 in
3839 4914 3973 4964 suas
4038 4907 4169 4982 quatias

2446 5004 2961 5092 significationes
3020 5017 3083 5071 et
3120 5006 3511 5092 significata,
3582 5030 3733 5097 quae
3773 5025 3875 5078 est
3898 4970 4174 5085 dj-„{„'¹,‘0}',ss{4

2448 5121 2617 5187 visio
2655 5120 2836 5187 vocis
2867 5121 3265 5207 aequivocae3
3310 5122 3485 5190 aliud
3525 5144 3685 5211 ergo
3729 5139 3833 5193 est
3876 5126 3971 5192 im·
4004 5101 4174 5168 ἕψω

2450 5242 2710 5328 proprie
2756 5240 3027 5319 dictum,
3072 5255 3137 5308 et
3165 5244 3286 5310 sub
3326 5243 3449 5311 hoc
3495 5246 3973 5332 comprehendit

2450 5356 2764 5445 quidquid
2851 5357 3225 5425 institutum
3303 5371 3399 5426 est
3461 5361 3541 5426 ad
3590 5361 3869 5446 cultum,
3923 5374 3974 5426 et

2450 5495 2579 5540 non
2613 5474 2889 5541 habebat
2947 5472 3299 5541 efficaciam
3359 5487 3583 5541 contra
3642 5479 3970 5551 morbum;

2449 5615 2531 5661 ex
2579 5613 2707 5681 quo
2766 5594 2924 5662 satis
2955 5605 3176 5681 aperte
3206 5603 3380 5681 patet
3420 5592 3592 5681 quod
3650 5615 3855 5684 supra
3904 5614 3972 5662 ex
