4255 6375
471 3726 775 3780 Declaratur

551 3803 698 3839 error

521 3853 735 3917 Pelagii.

523 3916 729 3968 Primus

561 3994 708 4029 error

497 4040 759 4093 Secundus

556 4119 722 4156 error.

468 5105 662 5156 Divisio
703 5109 790 5157 Ρο-

465 5170 787 5235 lagianorum

833 397 954 462 384

832 576 917 624 ex
977 577 1108 641 quo
1179 563 1485 645 indigent
1552 566 1902 645 Baptismo,
1976 573 2052 630 ut
2119 569 2379 633 liberari

824 679 1101 756 possint.
1186 682 1532 747 Secundus
1572 682 1857 749 ”sensus
1951 694 2073 763 est,
2157 693 2378 750 utrum

824 799 1174 860 conveniat
1228 815 1344 862 eos
1388 802 1701 880 baptizari
1746 803 1775 862 ἳ
1817 803 2094 879 Tertius,
2161 812 2377 868 utrum

821 914 907 975 sit
987 914 1302 995 aliquodq
1335 910 1747 998 'praeceptum
1809 921 2187 999 baptizandi
2230 939 2376 1002 par·

820 1026 1034 1102 vulos,
1078 1028 1173 1092 ita
1213 1036 1288 1092 ut
1325 1039 1664 1108 parentes,
1716 1038 1783 1095 et
1837 1035 2127 1098 Ecclesia
2185 1041 2376 1100 tene-

822 1148 967 1206 atur
1023 1147 1117 1209 eis
1163 1146 1247 1209 de
1292 1148 1417 1212 hoc
1460 1151 1760 1215 remedio
1805 1153 2218 1232 providere?

899 1263 1220 1326 Neutrum
1290 1266 1528 1329 horum
1611 1269 1871 1351 attingit
1938 1271 2043 1333 hic
2106 1273 2370 1347 Doctor,

819 1384 943 1447 sed
998 1388 1718 1470 supponitssutrumque
1778 1411 1859 1454 ex
1915 1396 2101 1472 praxi
2143 1395 2374 1457 Eccle-

818 1503 951 1577 siae‚
1010 1506 1163 1582 quia
1210 1520 1330 1567 suo
1392 1515 1689 1586 tempore
1739 1511 1916 1574 nulla
1974 1509 2095 1573 fuit
2152 1528 2373 1574 neces-

819 1619 980 1680 sitas
1067 1620 1213 1683 haec
1285 1623 1748 1698 examinandi;
1839 1625 2094 1703 antiqui
2192 1630 2371 1690 enim

819 1750 1080 1797 errores
1163 1733 1436 1801 fuerunt
1529 1741 1817 1813 extincti,
1918 1747 1988 1803 et
2069 1745 2371 1821 quamvls

820 1852 1335 1932 pelagianismus
1442 1871 1592 1917 cum
1669 1857 1794 1920 illis
1880 1859 2071 1921 etiam
2171 1856 2372 1921 fuerit

820 1970 1146 2032 extinctus
1229 1987 1348 2047 per
1417 1972 1702 2034 Concilia
1802 1981 1868 2036 et
1939 1977 2187 2053 Patres,
2275 1987 2369 2044 ta-

818 2102 975 2147 men
1043 2093 1117 2149 ut
1174 2086 1447 2149 effectus
1505 2090 1811 2167 Baptismi
1871 2091 2158 2173 ejusque
2247 2115 2370 2160 ne-

824 2203 1095 2264 cessitas
1153 2202 1549 2278 declaretur,
1608 2203 1873 2268 disserit
1941 2214 2167 2272 contra
2245 2214 2369 2274 Pe-

818 2310 1142 2390 lagianos,
1203 2314 1492 2375 breviter
1545 2328 1932 2390 supponens
1991 2334 2136 2395 quae
2210 2320 2366 2383 defi-

815 2427 952 2488 nita
993 2432 1150 2489 sunt
1211 2426 1526 2490 adversus
1577 2429 1936 2510 Pelagium,
1999 2434 2108 2512 qui
2156 2439 2368 2515 magis

817 2558 902 2603 ex
956 2543 1255 2607 instituto
1342 2545 1652 2608 disseruit
1736 2554 1959 2611 contra
2015 2551 2366 2615 veritatem

814 2662 1074 2738 peccati
1131 2662 1489 2742 originaliS,
1550 2664 1739 2744 cujus
1810 2665 2184 2730 remedium
2268 2677 2369 2733 est

813 2777 1124 2855 primario
1200 2781 1268 2839 et
1318 2794 1398 2840 ex
1441 2779 1714 2857 speciali
1769 2781 2181 2846 institutione
2237 2787 2364 2847 Ba-

816 2894 1119 2970 ptismuS,
1164 2900 1237 2956 ut
1296 2896 1378 2957 ab
1430 2894 1569 2957 aliis
1625 2896 2064 2961 Sacramentis
2129 2899 2366 2963 distin-

815 3010 1059 3090 guitur,
1110 3012 1263 3089 quia
1308 3017 1408 3074 est
1433 3014 1852 3092 regeneratio
1904 3018 1969 3077 in
2014 3016 2363 3093 Christum,

819 3128 888 3187 et
928 3142 1046 3204 per
1086 3141 1238 3189 eum
1295 3125 1367 3189 fit
1406 3128 1748 3191 translatio
1798 3131 1880 3192 ab
1924 3148 1996 3192 co
2039 3139 2235 3209 scam,
2298 3136 2367 3196 in

820 3259 946 3321 quo
991 3246 1133 3321 quis
1187 3246 1477 3307 nascitur
1528 3246 1709 3322 filius
1752 3248 1952 3310 Adam
2007 3250 2076 3311 in
2123 3256 2366 3313 statum

820 3360 1188 3436 adoptionis
1240 3360 1539 3437 filiorum
1615 3363 1752 3435 Dei,
1831 3368 1906 3425 ut
1979 3364 2178 3430 docet
2231 3369 2367 3431 Tri-

822 3474 1170 3537 dentinum
1208 3493 1358 3540 sess.
1402 3479 1463 3541 6.
1512 3496 1654 3557 cap.
1701 3481 1764 3544 7.

902 3609 1010 3670 His
1065 3610 1442 3688 suppositis,
1503 3611 1811 3694 Pelagius
1866 3616 2156 3696 negabat
2204 3632 2366 3695 pec-

826 3732 1042 3787 catum
1104 3726 1448 3808 originale,
1502 3736 1576 3791 ut
1625 3738 1805 3808 patet
1860 3749 1942 3794 ex
1998 3735 2365 3814 Augustino

822 3841 935 3904 lib.
996 3845 1073 3905 dc
1129 3846 1296 3906 dono
1319 3860 1569 3921 persev.
1603 3862 1750 3923 cap.
1800 3846 1859 3910 3.
1907 3849 2023 3910 lib.
2069 3852 2149 3912 de
2183 3868 2363 3928 pecc.

820 3961 987 4038 oriy.
1049 3966 1117 4023 et
1176 3959 1265 4023 lib
1333 3964 1386 4023 1.
1442 3964 1522 4025 dc
1566 3970 1985 4039 peccatorum
2029 3969 2243 4028 merit.
2311 3973 2369 4031 et

815 4078 1067 4140 remiss.
1116 4095 1238 4155 cap
1293 4078 1352 4140 8.
1400 4083 1457 4140 et
1499 4080 1797 4157 deinceps
1837 4099 2037 4158 usquc
2066 4084 2157 4144 ad
2178 4084 2371 4160 finem

817 4194 995 4258 libri.
1093 4197 1401 4260 Secundo
1499 4196 1782 4263 docebat
1876 4206 2370 4281 consequenter

814 4326 952 4373 non
1020 4311 1336 4391 baptizari
1411 4315 1723 4390 parvulos
1784 4316 1851 4376 in
1907 4316 2369 4380 remissionem

814 4431 1079 4504 peccati
1158 4428 1515 4509 originalis.
1586 4432 1997 4512 Augustinus
2069 4432 2246 4495 enim
2305 4437 2373 4494 et

816 4545 1040 4607 Patres
1121 4546 1452 4625 urgebant
1538 4545 2090 4609 consuetudinem
2148 4546 2368 4609 Eccle-

817 4659 958 4733 siae,
1027 4676 1172 4739 quae
1226 4660 1600 4738 baptizabat
1653 4664 1963 4741 parvulos
2011 4662 2079 4725 in
2136 4666 2368 4726 remis-

817 4774 1075 4837 sionem
1141 4782 1591 4853 peccatorum,
1638 4785 1706 4841 et
1747 4777 1910 4841 illud
1964 4780 2368 4842 necessitate

816 4891 1130 4969 Baptismi
1180 4910 1195 4953 ε
1241 4894 1377 4955 m'si
1428 4894 1572 4970 quis
1623 4899 1891 4956 renatus
1949 4894 2180 4969 fuerit,
2240 4898 2367 4956 etc.

818 5023 946 5069 non
997 5007 1268 5070 intrabit
1310 5009 1380 5070 in
1419 5024 1698 5086 rcqnum
1738 5010 2077 5083 coelorum,
2102 5009 2369 5072 Joannis

816 5124 878 5186 3.
940 5124 1081 5202 Quo
1145 5131 1538 5207 argumento
1598 5124 1787 5190 divisi
1872 5131 2027 5191 sunt
2070 5127 2367 5207 Pelagia-

818 5241 907 5314 ni,
983 5256 1137 5303 nam
1205 5241 1477 5321 quidam
1541 5241 1855 5307 dicebant
1927 5243 2243 5322 baptizari
2300 5244 2366 5305 in

815 5355 1269 5421 remissionem
1323 5361 1582 5437 peccati
1627 5374 1762 5422 non
1807 5360 2168 5438 originalis,
2247 5359 2370 5423 sed

816 5475 1114 5547 actualis,
1202 5474 1386 5554 quod
1492 5481 1630 5538 tum
1714 5476 2193 5552 committebat,
2280 5480 2368 5541 ita

813 5591 1223 5673 Augustinus
1275 5610 1420 5673 cap.
1491 5594 1587 5658 17.
1631 5592 1755 5659 Alii
1807 5608 1966 5661 vero
2025 5595 2368 5676 negabant

4080 152 4095 357 l

2489 572 2801 653 baptizari
2832 578 2899 637 in
2920 577 3382 642 remissionem
3410 582 3843 658 peccatorum,
3877 583 3968 645 sed
4084 570 4095 711 *¹

2490 695 2562 750 ut
2637 691 2959 756 intrarent
3014 695 3081 756 in
3138 712 3421 777 regnum
3478 697 3809 772 coelorum,
3850 698 3967 777 ipsis

2493 813 2971 876 constituentes
3041 817 3241 879 vitam
3324 819 3589 880 beatam
3662 824 3832 882 extra
3892 837 3966 882 re-

2485 940 2697 1005 gnum
2755 930 3114 1012 coelorum23
3175 933 3264 995 ita
3320 934 3727 1013 Augustinus
3753 953 3875 1011 cap.
3903 937 3970 998 18.

2484 1045 2585 1108 20.
2645 1048 2744 1111 30.
2817 1052 2885 1111 et
2934 1051 3034 1113 34.
3094 1052 3440 1132 Utriusque
3500 1053 3739 1115 erroris
3791 1054 3971 1131 Aucto·

2484 1178 2593 1224 res
2674 1160 2946 1228 fuerunt
3014 1165 3347 1230 Caelestius
3431 1172 3496 1229 et
3553 1167 3868 1246 Pelagius,
3922 1174 3969 1228 ut
4092 1202 4095 1261 4

2486 1280 2812 1359 colligitur
2868 1300 2951 1345 ex
2992 1283 3357 1364 Augustino
3413 1285 3478 1346 in
3531 1283 3783 1355 libello,
3823 1300 3968 1362 quem

2484 1407 2831 1470 Coelestius
2919 1412 3126 1488 gestis
3205 1409 3679 1474 Ecclesiasticis
3750 1409 3973 1488 alligavit

2483 1522 2701 1585 Romae
2782 1523 2904 1585 sub
3004 1525 3290 1600 Zozim0,
3361 1525 3633 1588 admisit
3718 1527 3971 1601 parvulos

2482 1642 2793 1719 baptizari
2874 1644 2942 1705 in
3025 1645 3479 1708 remissionem
3568 1649 3967 1723 peccatorum,
4020 1673 4068 1709 m

2482 1774 2738 1841 negans
2793 1767 3014 1825 tamen
3088 1765 3155 1824 in
3230 1762 3325 1824 eis
3407 1768 3761 1840 peccatum
3826 1765 3969 1842 origi·

2481 1873 2683 1947 nale;
2742 1877 2832 1937 ita
2881 1876 3283 1955 Augustinus
3359 1878 3436 1939 de
3501 1880 3735 1954 qratia
3789 1878 3976 1941 Christi
3998 1852 4065 1913 ⁰³⁴4

2480 1992 2593 2053 lib.
2673 1995 2731 2056 1.
2793 2011 2939 2071 cap.
2987 1996 3087 2057 33.
3155 1995 3458 2076 Pelagius
3515 2013 3684 2059 vero
3758 1997 3975 2059 alterius

2480 2113 2717 2175 erroris
2760 2112 2884 2175 fuit
2953 2120 3202 2187 auctor,
3262 2129 3416 2175 nam
3483 2119 3663 2176 teste
3722 2117 3974 2194 Augusti·

2481 2244 2564 2291 no
2622 2232 2734 2293 lib.
2805 2233 2869 2294 2.
2942 2234 3021 2295 dc
3067 2240 3327 2311 peccato
3382 2236 3549 2311 oriq.
3608 2251 3735 2311 cap
3774 2234 3868 2296 21.
3905 2234 3975 2294 in-

2480 2353 2854 2431 terrogatus
2914 2350 2997 2414 de
3055 2352 3364 2429 parvulis,
3398 2354 3511 2430 qui
3568 2352 3978 2415 moriebantur

2479 2467 2546 2527 in
2628 2470 2903 2543 peccato
2975 2467 3276 2546 originali
3342 2465 3599 2545 absque
3675 2468 3976 2543 Baptismo.

2479 2589 2609 2652 quo
2639 2575 2834 2648 irent,
2882 2572 3250 2652 respondit,
3285 2591 3417 2637 non
3467 2576 3562 2635 ire
3626 2576 3693 2634 in
3754 2586 3975 2651 regnum
4056 2642 4059 2645 ,

2478 2691 2788 2754 coelorum
2832 2695 2992 2764 sci0,
3034 2708 3166 2770 quo
3210 2707 3366 2754 vero
3437 2698 3596 2753 eant
3645 2707 3724 2754 se
3779 2691 3977 2753 nescire

2480 2798 2763 2872 dicebat,
2817 2805 2944 2861 etc.
2991 2800 3067 2862 Et
3098 2800 3204 2861 hic
3243 2807 3345 2863 est
3399 2800 3721 2862 articulus
3769 2802 3979 2878 quintus
4034 2828 4059 2872 ἦ,

2476 2916 2855 2993 propositus
2886 2915 3104 2978 eidem
3135 2916 3202 2977 in
3226 2915 3510 2978 Concilio
3544 2915 3975 2994 Diospolitanoz

2480 3032 2831 3096 damnatur
2899 3032 3120 3113 quoad
3191 3040 3544 3113 utrumque
3624 3049 3885 3096 sensum
3938 3031 3982 3091 in

2476 3145 2848 3213 Milevitano
2889 3166 3031 3212 can.
3062 3149 3125 3212 2.
3187 3150 3256 3210 et
3298 3149 3365 3210 in
3395 3145 3699 3210 Tfident.
3770 3163 3896 3210 cau.
3940 3144 3981 3203 4.

2481 3268 2757 3332 docebat
2866 3273 3211 3347 peccatum
3305 3264 3457 3328 Adae
3540 3282 3680 3328 non
3782 3263 3984 3343 origine

2480 3382 2755 3446 transire
2813 3386 2877 3445 in
2934 3389 3259 3461 posteros,
3291 3380 3414 3443 sed
3466 3383 3856 3445 imitatione.
3881 3379 4033 3440 Ati-P

2480 3501 2784 3580 gustinus
2854 3499 2965 3560 lib.
3033 3500 3087 3562 l.
3147 3499 3227 3559 dc
3291 3503 3535 3574 peccat.
3616 3498 3877 3568 meritis,
3944 3479 4053 3586 df

2479 3617 2729 3678 remiss.
2808 3631 2953 3692 cap.
3013 3614 3079 3676 6.
3179 3612 3465 3675 infantes
3536 3614 3729 3675 nasci
3808 3615 3866 3672 in
3925 3594 4030 3670 com

2481 3736 2682 3807 statu,
2726 3733 2792 3794 in
2857 3747 2987 3810 quo
3060 3728 3183 3791 fuit
3252 3730 3502 3807 primus
3574 3744 3819 3807 parens
3866 3734 3980 3787 ante

2479 3851 2871 3924 peccatum;
2914 3851 3017 3908 est
3050 3846 3363 3907 articulus
3405 3846 3642 3907 tertius
3700 3840 3981 3919 Diospoli-

2480 3969 2638 4037 tanl,
2672 3971 2738 4028 et
2777 3982 2917 4027 can.
2956 3965 3010 4027 l.
3062 3964 3461 4034 Arausicani,
3509 3962 3801 4043 negabat
3832 3960 3980 4020 etiam
4094 3961 4095 3966 ’

2480 4098 2703 4159 poenas
2759 4079 3011 4166 peccati
3041 4078 3400 4160 originalis,
3450 4076 3638 4156 quod
3695 4074 3779 4138 ad
3830 4073 3982 4134 alium
4094 4085 4095 4098 ¹

2479 4199 2701 4259 locum
2748 4202 3029 4276 spectat.

2561 4312 2868 4375 Secunda
2933 4310 3207 4374 haeresis
3283 4309 3451 4371 circa
3525 4305 3809 4369 infantes
3880 4313 3979 4363 non

2480 4428 2843 4508 baptizatos
2898 4427 3019 4490 fuit
3079 4426 3394 4489 vincentii
3452 4425 3757 4496 VictoriS,
3825 4429 4048 4498 quemv-

2479 4549 2887 4622 Augustinus
2954 4543 3363 4624 impugnavit
3422 4541 3631 4602 tribus
3712 4539 3874 4599 libris
3919 4532 3978 4593 de

2485 4661 2698 4722 anima
2733 4666 2800 4722 et
2829 4661 2975 4739 ejus
3006 4660 3287 4738 origine.
3335 4657 3447 4718 Hic
3493 4655 3759 4717 admisit
3800 4664 3982 4730 pecca·

2487 4781 2618 4837 tum
2678 4775 2996 4855 originale
3039 4774 3108 4836 in
3162 4772 3539 4844 infantibus,
3596 4768 3720 4831 sed
3757 4763 3981 4828 asseruit

2481 4893 2778 4966 ulterius,
2868 4895 2920 4953 sl
2998 4892 3139 4954 sine
3200 4890 3524 4968 Baptismo
3599 4883 3976 4949 decederent.

2482 5004 2716 5066 salvari
2746 5007 2811 5065 in
2843 5000 3151 5082 paradiso
3181 5017 3305 5079 per
3347 4999 3724 5063 oblationes
3753 4999 3974 5060 Sancto·

2482 5142 2649 5195 rum,
2683 5140 2828 5204 quae
2880 5142 2999 5203 pro
3049 5123 3214 5201 ipsis
3266 5122 3537 5197 fiebant,
3609 5123 3726 5184 ubi
3778 5117 3975 5182 detine·

2481 5243 2722 5305 bantur
2749 5257 2965 5320 usque
3015 5241 3099 5303 ad
3139 5240 3316 5303 diem
3364 5238 3624 5320 judicii,
3669 5240 3810 5317 post
3841 5224 3974 5312 quod

2480 5358 2811 5422 transituri
2843 5361 2998 5420 sunt
3025 5360 3093 5421 in
3122 5372 3435 5436 regnum.

2558 5475 2773 5537 Tertia
2830 5474 3104 5535 haeresis
3172 5477 3373 5552 negat
3440 5470 3827 5547 Baptismum
3891 5460 3963 5521 in·
4016 5473 4063 5588 1⁸

2480 5591 2750 5669 fantum,
2795 5596 2869 5655 ut
2920 5591 3151 5655 Petrus
3204 5589 3475 5652 Brusius
3531 5585 3711 5667 apud
3749 5584 3960 5645 Bernar-
4094 5631 4095 5708 ἰ

4092 5817 4095 5938 A

4040 6005 4095 6272 l

2008 406 2156 473 LIB.
2189 408 2292 470 1V.
2322 408 2925 477 SENTENTIARUM
