4255 6375
1413 387 1611 450 DlST.
1660 384 1705 446 1.
1741 384 2100 461 QUAESTto
2148 387 2248 449 vl.
3342 373 3462 444 235

238 564 347 623 tus
381 556 719 640 sacrificii
757 554 935 643 qnod
978 554 1245 642 profuit
1284 552 1557 632 adultiS,
1604 571 1799 639 quam

246 673 575 740 habebant
605 694 685 739 ex
717 672 1125 740 institutione
1141 682 1202 738 et
1232 669 1672 758 acceptatione
1710 668 1803 734 di-

250 811 427 858 vina.

1907 550 2096 617 aliam
2148 549 2644 618 instructionem
2677 559 2788 618 aut
2816 547 3228 617 traditionem
3261 543 3443 612 suffi-
3553 572 3732 638 Neque

1905 669 2154 736 cienter
2211 667 2510 756 regulare
2595 679 2916 745 naturam,
3002 666 3067 732 in
3146 664 3226 731 iis
3300 684 3447 751 quae
3508 638 3794 763 'ffi'vfftcuffi'

1907 796 2092 852 erant
2130 784 2380 851 ordinis
2419 781 2960 871 supernaturaliS,
3001 792 3067 848 ut
3099 780 3452 868 experien-
3485 759 3790 815 sufficiehat.

145 970 197 1022 §a
334 906 521 985 Quod
583 919 800 973 autem
870 904 1132 993 quidam
1194 905 1474 972 referant
1536 903 1799 971 electio-

145 1051 158 1082 ι
250 1045 395 1091 nem
459 1034 527 1089 et
568 1022 963 1088 oblationem
1000 1020 1495 1101 sacrificiorum,
1541 1042 1799 1088 eorum-

145 1174 226 1208 ουρ
248 1162 372 1229 que
439 1138 965 1225 designationem
1016 1137 1094 1204 ad
1163 1137 1541 1205 instinctum
1603 1137 1799 1203 inter-

145 1245 166 1271 ²'
248 1276 397 1322 num
438 1257 792 1343 cujusque,
828 1254 931 1320 vel
974 1254 1049 1321 ad
1093 1254 1302 1340 ipsius
1336 1254 1644 1322 Ecclesiae
1688 1254 1802 1321 de-

244 1370 779 1438 terminationem
836 1391 953 1457 pro
1011 1368 1121 1436 illo
1180 1381 1376 1448 statu,
1450 1390 1579 1436 non
1632 1381 1805 1437 recte

240 1487 504 1554 videtur
567 1486 934 1567 fundatum,
989 1488 1138 1576 quia
1180 1487 1244 1553 in
1298 1509 1374 1554 eo
1415 1498 1586 1553 statu
1636 1487 1806 1554 sicut

247 1603 404 1671 sides
444 1615 510 1671 et
544 1603 837 1692 cognitio
888 1604 997 1671 Dei
1043 1604 1163 1670 suit
1205 1603 1423 1671 minus
1462 1604 1790 1690 explicita,

246 1720 331 1786 ita
399 1741 535 1786 non
598 1719 983 1807 expediebat
1039 1720 1337 1788 homines
1392 1721 1801 1788 committere

247 1837 578 1924 sibiipsis,
652 1839 717 1904 in
781 1838 861 1905 iis
921 1837 1360 1925 potissimum,
1417 1859 1564 1927 quoe
1621 1850 1806 1906 erant

248 1954 624 2022 necessaria
664 1954 742 2020 ad
795 1955 1097 2035 salutem,
1157 1967 1221 2021 et
1261 1967 1330 2021 ut
1380 1955 1501 2021 rite
1546 1954 1799 2038 fierent,

145 2100 203 2150 uo
248 2070 679 2158 supponenda
739 2082 872 2136 erat
922 2072 1031 2137 Dei
1082 2070 1439 2157 acceptatio
1496 2082 1559 2138 et
1617 2071 1803 2138 insti·

145 2171 198 2276 ξξο
247 2188 407 2254 tutio
462 2188 659 2274 juxta
701 2187 1020 2254 rationem
1072 2188 1389 2267 Doctoris,
1454 2209 1602 2275 quae
1670 2208 1798 2254 non

145 2290 218 2340 ἦ·
251 2303 457 2392 potuit
510 2303 726 2384 aliter,
791 2325 983 2392 quam
1045 2324 1159 2391 per
1216 2303 1679 2370 revelationem
1738 2317 1802 2372 et

247 2421 734 2488 institutionem
778 2420 1002 2488 haberi
1031 2444 1047 2501 ς
1081 2421 1291 2509 magis
1349 2443 1506 2508 ergo
1547 2423 1801 2509 pericu·

249 2538 379 2605 lum
427 2538 684 2606 erroris
723 2538 843 2605 fuit
876 2538 939 2604 in
990 2560 1066 2605 eo
1105 2550 1307 2619 statu,
1358 2550 1673 2628 quantum
1723 2541 1800 2607 ad

252 2654 415 2735 haec,
492 2654 644 2721 sine
706 2654 1104 2722 revelatione
1161 2655 1407 2738 divina,
1472 2677 1666 2745 quam
1737 2657 1804 2724 in

251 2770 394 2838 aliis
434 2770 873 2858 sequentibus
959 2771 1260 2853 statibUS‚
1316 2772 1380 2838 in
1424 2774 1663 2861 quibus
1699 2795 1804 2841 co-

252 2887 458 2976 gnitio
496 2886 801 2955 veritatis
832 2888 1061 2955 crevit.

146 3063 216 3108 tus
339 3003 619 3081 Quodsi
653 3003 758 3071 ille
811 3004 1159 3072 instinctus
1208 3019 1344 3072 erat
1394 3007 1798 3089 naturaliter,

145 3122 210 3172 ¹¹³³
258 3132 505 3189 certum
550 3132 655 3190 est
684 3142 814 3187 non
855 3122 1147 3211 potuisse
1185 3145 1265 3191 ex
1307 3124 1414 3191 illo
1457 3124 1803 3215 principiO,

145 3252 214 3299 nt.
261 3237 509 3306 lumine
545 3251 797 3306 naturae
827 3239 1114 3329 cognito,
1151 3251 1298 3329 post
1345 3241 1599 3330 lapsum
1641 3243 1812 3310 circa

1906 901 1992 968 tia
2050 910 2329 983 constat,
2379 900 2461 967 de
2505 900 2688 988 lapsu
2721 899 3062 966 hominum
3101 897 3279 965 illius
3324 910 3454 965 sta-

1906 1031 2012 1088 tus
2047 1018 2111 1085 in
2164 1017 2594 1085 idololatriam
2647 1028 2710 1083 et
2755 1016 2938 1083 vitia.
3000 1014 3180 1092 Quod
3232 1015 3283 1081 si
3319 1025 3458 1081 erat

1907 1133 2198 1212 divinuS,
2264 1153 2391 1199 non
2426 1131 2832 1199 sufficienter
2870 1130 3064 1197 etiam
3125 1130 3454 1216 regularet

1912 1251 2296 1331 Ecclesiam,
2347 1271 2495 1339 quae
2545 1248 2672 1315 fide
2725 1258 2789 1314 et
2845 1247 3021 1313 cultu
3077 1245 3347 1326 visibili,
3400 1257 3463 1312 et

1914 1368 2271 1436 universali
2330 1366 2501 1434 uniri
2559 1364 2807 1445 debuit,
2886 1364 3036 1453 quia
3100 1362 3450 1429 instinctus

1915 1485 2326 1575 particularis
2392 1485 2471 1551 ad
2548 1485 2691 1551 haec
2761 1505 2887 1549 non
2947 1481 3212 1559 sufficit,
3251 1501 3461 1568 neque

1918 1614 2132 1692 potest
2162 1602 2567 1670 sufficienter
2599 1599 2908 1681 discerni,
2949 1598 3002 1665 si
3046 1598 3129 1663 sit
3160 1617 3453 1675 securuS,

1916 1718 2040 1785 nisi
2099 1741 2179 1784 ex
2239 1717 2485 1805 regulis
2543 1716 2739 1784 certis
2836 1726 2901 1782 et
2970 1711 3458 1781 universalibus

1917 1833 2067 1901 fidei
2100 1834 2457 1922 reguletur.

2002 1957 2242 2020 Verum
2301 1951 2382 2018 de
2439 1961 2611 2017 statu
2643 1948 2812 2035 legis
2877 1957 3128 2014 naturae
3169 1967 3297 2012 non
3362 1955 3462 2012 est

1912 2071 2112 2159 hujus
2144 2069 2266 2136 loci
2286 2068 2635 2144 disserere,
2674 2065 2834 2132 alias
2857 2075 3073 2131 autem
3101 2062 3247 2129 data
3278 2082 3458 2128 occa·

1911 2188 2094 2254 sione
2126 2186 2188 2253 id
2242 2186 2372 2253 fiet.
2424 2184 2561 2251 Alia
2611 2184 2795 2271 plura
2828 2183 2935 2248 hic
2975 2179 3297 2268 disputari
3358 2201 3457 2245 so-

1914 2303 2048 2370 lent
2086 2303 2167 2370 de
2197 2300 2634 2370 Sacramentis
2665 2301 2732 2366 in
2777 2319 3046 2387 genere,
3092 2317 3239 2383 quae
3299 2295 3464 2361 infra

1918 2422 1998 2488 de
2029 2421 2312 2509 singulis
2352 2420 2416 2486 in
2451 2419 2670 2507 specie
2700 2427 3091 2506 tangentur;
3128 2416 3236 2481 hic
3285 2415 3460 2481 enim

1918 2538 2132 2625 legem
2175 2536 2526 2603 commenti
2580 2535 2943 2622 sequimur,
3004 2542 3198 2619 prout
3242 2541 3462 2598 textus

1919 2654 2211 2721 Doctoris
2260 2650 2786 2720 subministravit
2818 2648 3177 2727 materiam,
3242 2668 3465 2735 quam-

1920 2772 2024 2838 vis
2093 2770 2277 2858 plura
2353 2768 2718 2835 incidenter
2775 2765 2948 2833 illata
3017 2785 3095 2830 ex
3162 2763 3459 2829 consulto

1924 2888 2262 2977 praeterire
2348 2885 2561 2964 libuit,
2626 2904 2708 2950 ne
2784 2882 3193 2948 occasionem
3254 2879 3465 2966 magis

1924 3025 2244 3094 quaerere,
2282 3023 2474 3091 quam
2527 3012 2776 3068 rectum
2820 3019 3085 3066 cursum
3147 2995 3334 3084 sequi
3369 2995 3465 3061 vi-

1921 3124 2251 3192 deremur.
2289 3121 2481 3187 Plura
2532 3117 2612 3184 de
2643 3115 3080 3184 Sacramentis
3123 3135 3313 3180 novae
3373 3114 3462 3180 le-

1920 3241 2026 3329 gis
2060 3240 2125 3307 in
2183 3246 2444 3328 genere'
2485 3237 2552 3303 i'n
2597 3235 2895 3324 sequenti
2931 3232 3454 3321 explicabuntur.
