4255 6375
877 405 995 470 454
2057 404 2205 467 Lm.
2233 403 2337 468 W.
2381 400 2976 468 summanum

885 565 996 640 sti
1062 565 1333 639 dicens
1385 592 1401 636 ε
1477 571 2035 657 Quotiescumque,
2111 569 2266 639 etc.
2338 567 2419 637 et
2531 563 2955 638 tinuerunt
2983 564 3103 638 bis
3138 583 3415 658 poenas
3450 585 3592 660 pro
3634 567 3774 651 fide,
3817 588 3939 662 pro-

876 681 1303 755 conferens
1335 682 1452 755 eis
1489 687 1675 775 post
1723 681 2418 755 resurrectionem
2533 685 2717 774 pter
2748 701 2948 774 quas
2993 686 3263 755 tamen
3311 702 3475 754 non
3516 689 3683 757 sunt
3711 687 3941 758 mortui.

875 803 1370 894 potestatem
1438 797 1928 881 absolvendi,
1993 800 2226 871 Joan.
2305 799 2418 871 20.
2514 798 2614 872 ‘Si
2651 804 2921 873 autem
2956 799 3428 893 Baptismus
3498 800 3947 890 sanguinissit

885 921 1180 996 Quorum
1225 920 1644 997 remiseritis,
1692 918 1845 990 etc.
1909 914 2256 988 contulit
2305 914 2421 986 eis
2536 916 3015 1007 completus,
3117 915 3305 1008 quia
3410 916 3526 988 sic
3614 915 3948 1009 baptizatus

879 1032 1128 1107 etiam
1164 1031 1522 1105 officium
1553 1031 2011 1124 baptizandi
2045 1031 2425 1104 solemni·
2540 1031 2921 1111 moritur,
2959 1035 3040 1105 et
3072 1052 3231 1104 non
3267 1034 3625 1105 remanet
3651 1032 3952 1104 nobiscum

881 1153 1036 1231 ter,
1075 1148 1364 1224 Matth.
1403 1149 1555 1223 ult.
1603 1153 1849 1218 Euntes
1896 1153 2248 1239 baptizate,
2269 1153 2422 1223 etc.
2538 1147 2833 1231 viator,
2879 1167 3042 1220 non
3081 1152 3206 1221 est
3267 1147 3665 1239 obligatus
3710 1146 3787 1218 ad
3837 1167 3957 1239 pra-

890 1267 1084 1340 ordo
1173 1271 1446 1340 autem
1543 1265 1980 1340 sacerdotii
2045 1267 2430 1359 supponit
2541 1267 2864 1356 ceptum
2906 1264 3297 1346 viatoris;
3346 1267 3832 1338 Sacramenta
3881 1282 3957 1333 au·

887 1384 1400 1475 Baptismum
1463 1383 1755 1455 saltem
1857 1383 1947 1456 de
2032 1401 2428 1474 congruo,
2543 1384 2707 1454 tem
2767 1400 2930 1453 non
2997 1381 3291 1455 habent
3360 1382 3644 1463 locum,
3706 1380 3840 1452 nisi
3874 1400 3963 1472 pro

889 1506 1176 1569 Excrav.
1220 1502 1302 1568 de
1349 1502 1576 1567 Presb.
1613 1523 1745 1568 non
1787 1501 1965 1589 bapt.
2002 1523 2058 1568 c.
2124 1502 2427 1569 Veniens.
2547 1507 2766 1576 statu
2798 1502 2975 1586 viae,
3014 1507 3101 1576 ut
3144 1504 3455 1576 tactum
3497 1507 3616 1575 est
3650 1504 3965 1569 distinctione

979 1616 1145 1688 Nec
1238 1613 1559 1687 videtur
1660 1614 2135 1695 necessitas,
2228 1615 2436 1708 quod
2545 1623 2793 1709 prima.

893 1731 1271 1805 Christus
1327 1753 1508 1804 curn
1553 1732 1971 1824 Apostolis
2025 1731 2105 1803 in
2138 1731 2291 1805 hoc
2330 1732 2419 1804 di·
2638 1734 2752 1807 Ad
2784 1734 2998 1807 aliud
3027 1732 3230 1818 dicO,
3265 1734 3473 1827 quod
3503 1733 3751 1805 nullus
3774 1728 3964 1821 recipit

898 1849 1436 1942 spensaverit,
1539 1851 1724 1944 quia
1800 1848 2024 1922 nulla
2118 1847 2441 1922 videtur
2551 1852 2866 1925 frustra
2932 1851 3470 1944 Baptismum‚
3554 1849 3724 1938 quia
3794 1845 3967 1938 gratia

901 1967 1115 2041 ratio
1185 1967 1696 2059 dispensandi
1775 1987 1919 2041 nec
1980 1965 2258 2058 aliqua
2313 1985 2442 2039 ne·

900 2084 1269 2165 cessitas,
1351 2085 1481 2157 vel
1566 2084 1886 2159 utilitas
1975 2086 2441 2164 consecuta,

903 2223 1086 2276 cum
1140 2222 1284 2276 nec
1325 2203 1482 2295 ipsi
1521 2209 1793 2278 essent
1833 2202 2247 2295 gratiores
2280 2203 2447 2275 Deo

905 2340 1050 2413 per
1097 2319 1250 2395 hoc
1323 2321 1524 2413 quod
1589 2341 1749 2393 non
1808 2319 2224 2413 baptizati,
2306 2338 2450 2390 nec

903 2438 1249 2513 fuissent
1308 2439 1811 2513 efficaciores
1896 2440 2299 2512 Doctores
2371 2434 2451 2507 in

909 2557 1293 2632 Ecclesia.
1347 2560 1519 2629 Imo
1555 2556 1897 2639 videtur,
1945 2555 2151 2648 quod
2186 2554 2452 2627 minus

589 2706 836 2772 Magister
909 2674 1306 2757 efficaces,
1363 2675 1548 2768 quia
1602 2673 1866 2746 minus
1924 2674 2145 2746 valet
2208 2673 2454 2764 Magi·

617 2783 819 2824 ¹¹²⁰m¹¹²
912 2799 1084 2868 ster
1153 2790 1522 2875 moraliS,
1598 2791 1732 2881 qui
1782 2809 1943 2862 non
1981 2789 2159 2863 vult
2210 2809 2454 2881 opere

913 2911 1252 3004 implere
1370 2908 1576 3001 quod
1679 2907 1935 2989 docet,
2020 2905 2453 2978 secundum

907 3030 1425 3121 Gregorium.
1490 3024 1867 3101 Christus
1904 3021 2154 3096 etiam
2190 3021 2270 3094 in
2341 3041 2453 3093 se-

906 3147 1083 3241 ipso
1131 3144 1392 3219 voluit
1445 3142 1954 3237 Baptismum
2007 3137 2449 3232 suscipere,

908 3267 1201 3340 saltem
1270 3263 1636 3343 Joannis,
1704 3264 2142 3352 antequam
2195 3261 2454 3351 legem

911 3382 1308 3478 Baptismi
1398 3380 1582 3453 aliis
1675 3380 2159 3472 imponeret,
2270 3377 2457 3469 quia

915 3504 1092 3576 Act.
1173 3506 1243 3573 1.
1315 3498 1672 3573 dicitur:
1726 3500 1938 3586 Coepic
1991 3500 2180 3564 Iesus
2234 3500 2461 3583 facere

918 3635 978 3690 ec
1037 3623 1296 3688 docere.

1006 3732 1569 3810 Consimiliter
1654 3727 2266 3858 supponendum
2336 3732 2461 3802 est

618 2847 816 2948 αἷὲθὲῗ.

621 3726 832 3819 flectam

591 3829 858 3944 Vifsiggm
917 3852 1009 3925 de
1058 3854 1312 3923 Beata
1359 3847 1723 3939 Virgine,
1786 3844 1944 3917 nisi
2016 3842 2230 3916 forte
2283 3842 2462 3936 ipsa

563 3960 629 4009 ¹³³
599 3955 888 4021 aptium
922 3972 1028 4045 sit
1071 3972 1412 4060 excepta
1481 3963 1577 4035 ab
1641 3961 1783 4036 illa
1851 3961 2052 4053 lege,
2116 3963 2198 4035 et
2238 3960 2328 4033 de
2368 3980 2463 4032 ea

567 4086 722 4139 d⁰b¹0
753 4023 876 4138 δαδὶ·
917 4091 1208 4162 fuisset
1244 4085 1460 4158 ratio
1503 4080 2041 4175 dispensandi,
2087 4078 2275 4172 quia
2309 4076 2467 4150 for-

917 4215 996 4284 te
1047 4204 1326 4279 habuit
1382 4204 1461 4275 in
1533 4200 2061 4292 conceptione
2121 4197 2268 4270 filii
2339 4196 2464 4270 sui

922 4327 1146 4400 illam
1255 4319 1836 4415 plenitudinem
1941 4316 2261 4408 gratiae,
2371 4314 2466 4386 ad

925 4464 1165 4539 quam
1231 4442 1448 4513 Deus
1533 4433 1930 4528 disposuit
2037 4451 2218 4504 eam
2290 4450 2471 4523 per-

706 4714 756 4765 4.
921 4581 1381 4756 νθέἒῖἓὶίυᾱ
1402 4674 1578 4748 dico
1607 4668 1730 4761 (d),
1770 4667 1976 4760 quod
2007 4666 2470 4758 baptizatus

600 4777 740 4898 132³ss
767 4778 882 4906 ξω,
929 4795 1352 4890 Baptismo
1406 4785 1852 4880 sanguinis,
1900 4783 1968 4856 si
2020 4786 2309 4875 postea
2348 4787 2473 4856 est

631 4911 842 5025 ⁸ffi⁰P²⁰
933 4914 1354 4989 nobiscum
1386 4908 1687 4986 viator,
1751 4905 2101 4984 tenetur,
2149 4898 2469 4984 affectu,

576 5029 870 5215 mihffdepr
872 5045 904 5081 0
933 5039 1014 5108 et
1051 5050 1200 5126 pro
1245 5030 1457 5111 loco,
1500 5026 1581 5098 et
1686 5024 2055 5112 tempore
2107 5015 2474 5108 recipere

581 5242 709 5278 conv
657 5161 904 5275 21⁰¹&-
934 5150 1226 5227 effectu
1263 5140 1910 5220 Sacramentum,
1991 5134 2064 5208 id
2113 5138 2264 5215 est,
2322 5133 2475 5204 Ba-

940 5268 1330 5363 ptismum
1371 5257 1754 5335 fluminis:
1772 5253 1925 5325 hoc
1968 5255 2244 5324 autem
2270 5249 2476 5342 quod

890 5372 1424 5471 supponitui
1473 5371 1598 5441 est
1637 5366 1837 5437 bene
1871 5357 2281 5453 possibile,
2320 5357 2474 5430 sic-

931 5494 1017 5564 ut
1085 5492 1177 5563 de
1249 5480 1720 5579 quibusdam
1829 5471 2160 5566 legitur,
2271 5470 2477 5563 quod

935 5601 1122 5671 sunt
1153 5594 1349 5669 facti
1372 5592 1493 5664 bis
1526 5586 2066 5663 confessores,
2080 5579 2270 5674 quia
2305 5597 2476 5650 sus-

583 5290 881 5419 qm3rart·3

2558 1972 2664 2046 ibi
2708 1978 3083 2064 augetur,
3112 1970 3271 2044 nisi
3302 1966 3755 2064 pervenerit
3780 1963 3854 2039 ad
3884 1968 3973 2035 ter-

2562 2092 2867 2166 minum
2923 2114 2938 2172 ;
2975 2095 3055 2163 et
3091 2089 3157 2161 si
3202 2086 3416 2162 forte
3454 2088 3676 2181 prius
3707 2105 3977 2180 pervene-

2566 2210 2699 2290 rit,
2746 2206 3070 2282 additur
3113 2204 3218 2277 ibi
3286 2204 3690 2284 meritum,
3733 2201 3981 2274 obedien·

2561 2326 2657 2399 do
2694 2327 3099 2419 praecepto
3141 2321 3439 2396 divino,
3476 2323 3639 2393 Nec
3683 2319 3887 2390 etiam
3913 2321 3981 2388 est

2563 2441 2877 2516 frustra
2914 2443 3093 2534 post
3141 2436 3707 2533 plenitudinem
3764 2433 3981 2526 gratia,

2565 2558 2631 2630 si
2669 2557 2847 2650 quis
2889 2575 3068 2629 eam
3112 2554 3472 2637 haberet,
3514 2553 3779 2625 addere
3825 2566 3983 2642 opera

2570 2672 3023 2748 meritoria.

2654 2793 2766 2866 Ad
2810 2791 3024 2865 aliud
3067 2789 3270 2870 dico,
3310 2787 3518 2881 quod
3570 2786 3701 2859 ille
3747 2802 3877 2858 non
3922 2783 3983 2854 in·

2557 2910 2927 3004 juriatur
2994 2910 3525 2980 sacramento
3579 2928 3593 2985 ;
3661 2921 3788 2974 nec
3842 2899 3982 2976 facit.

2569 3026 2774 3122 quod
2854 3027 2959 3098 sit
3003 3023 3299 3096 falsum
3354 3023 3698 3114 signum,
3738 3018 3885 3112 quia
3909 3011 3985 3086 vel

2569 3143 2678 3217 ibi
2710 3139 3133 3216 confertur
3173 3139 3445 3233 gratia
3470 3137 3752 3231 aliqua,
3781 3137 3847 3208 et
3869 3136 3959 3207 tun

2566 3266 2691 3335 est
2744 3261 3065 3351 signum
3098 3257 3556 3352 practicum
3614 3244 3989 3329 verumzvel

2568 3376 2815 3459 nulla,
2890 3377 2957 3448 si
3036 3376 3207 3467 jam
3279 3372 3509 3466 prius
3568 3374 3737 3444 erat
3811 3364 3958 3460 grati

2568 3493 2953 3590 perfecta,
3026 3493 3105 3564 et
3183 3495 3374 3564 tunc
3453 3494 3580 3563 est
3635 3489 3976 3580 signumv.

2573 3632 2755 3684 rum
2799 3610 3451 3704 practicum,non
3492 3607 3835 3698 respectu
3866 3600 3979 3691 ejuq

2574 3729 2780 3820 quod
2844 3730 2967 3799 est
3040 3725 3315 3817 gratia
3420 3725 3499 3795 in
3565 3726 3732 3809 fieri,
3797 3713 3960 3790 sedi

2577 3866 2733 3913 8886.

2669 3959 2751 4036 Si
2784 3962 3061 4034 autem
3117 3957 3531 4051 objicitur,
3585 3953 3772 4049 quod
3806 3947 3950 4024 salte

2579 4098 2742 4150 non
2773 4077 3011 4150 habet
3055 4094 3329 4150 secum
3363 4074 3891 4169 significatum,
3915 4056 3979 4133 sc'

2578 4194 2767 4268 licet
2818 4191 3315 4268 ablutionem
3374 4210 3422 4263 a
3476 4192 3816 4284 peccato,
3876 4181 3981 4254 dico

2584 4308 2791 4402 quod
2850 4309 2991 4382 illa
3043 4308 3353 4382 ablutio
3415 4306 3887 4399 significatur
3930 4314 3958 4359 V

2583 4433 2774 4502 tunc
2862 4426 2939 4498 in
3014 4428 3191 4513 sieri,
3291 4425 3418 4497 vel
3484 4426 3842 4516 tanquam
3897 4431 3958 4505 qu

2582 4564 2793 4618 nunc
2836 4542 3034 4625 infit,
3096 4543 3224 4616 vel
3326 4546 3707 4636 tanquam
3768 4526 3967 4608 infiend

2588 4663 2977 4756 quantum
3009 4664 3134 4734 est
3166 4681 3264 4732 ex
3298 4662 3536 4757 parte
3583 4651 3960 4733 sacrament

2588 4780 2655 4854 si
2734 4779 3043 4869 scilicet
3114 4776 3420 4871 aliquid
3479 4775 3785 4855 inesset,
3828 4789 3862 4842 a
3905 4783 3962 4855 qu

2588 4898 2860 4971 anima
2891 4901 3106 4970 esset
3150 4894 3572 4967 abluenda.

3028 5094 3679 5161 COMMENTARIUS.

2678 5347 2763 5433 (c)
2795 5345 2899 5411 Ad
2924 5346 3221 5432 primum
3270 5354 3744 5432 augumentum,
3771 5347 3862 5401 etc.
3892 5323 3973 5392 Dm

2588 5461 2760 5547 quod
2792 5461 3127 5547 probabile
3156 5472 3252 5527 est
3283 5460 3628 5547 Apostolos
3668 5457 3832 5524 ruisse
3866 5434 3968 5526 bflpfi

2585 5588 2783 5658 zama,
2827 5577 2980 5664 quia
3013 5576 3277 5643 fuerunt
3306 5576 3586 5642 ordinati
3633 5565 3919 5641 Sacerdotes
3942 5564 3979 5613 ¹¹¹
