4255 6375
1470 424 1666 488 DlS'l'.
1702 422 1746 486 1.
1796 419 2158 500 QUAEsTlo
2203 424 2279 486 V.
3430 424 3539 486 163

318 585 544 667 realis,
590 609 740 676 quae
797 588 884 654 sit
942 587 1335 674 principium
1394 586 1657 675 agendi,
1703 586 1873 652 sicut

321 722 446 770 nec
485 703 855 791 subjectum
898 704 1070 770 reale
1100 704 1274 791 ejus,

1984 608 2140 653 vum
2189 609 2304 674 per
2334 588 2643 655 virtutem
2694 589 3205 676 superadditam,
3274 587 3529 675 recipe·
3567 617 3855 682 Argumen-

1980 723 2051 768 re
2107 704 2341 791 ipsam,
2411 720 2761 792 antequam
2842 705 3122 791 attingat
3189 704 3524 781 effectum,
3588 683 3872 791 est‘ffitm

134 827 168 876 t.
217 888 255 938 fi
417 819 495 904 (f)
537 820 693 886 Item
732 842 977 908 queem,
1016 826 1139 888 etc.
1187 824 1338 886 llaec
1376 832 1476 886 est
1546 819 1734 885 tertia
1768 839 1874 884 ra-
1985 817 2148 885 alias
2183 842 2309 885 non
2351 834 2523 888 esset
2558 822 3062 888 instrumentum
3112 822 3235 887 hoc
3293 821 3484 887 modo
3520 844 3535 900 ;
3611 804 3846 915 assrfflt

136 903 295 1015 giis?
325 932 421 1000 tio
461 937 756 1003 Doctoris
805 936 974 1016 talis,
1005 937 1110 1003 vel
1156 936 1262 1003 illa
1304 935 1517 1002 virtus
1569 948 1877 1003 causatur
1989 936 2043 1001 si
2087 957 2247 1023 ergo
2278 947 2630 1024 antequam
2662 937 3025 1024 applicetur
3064 950 3127 1004 et
3166 948 3541 1004 assumatur
3595 928 3870 1054 sssgssffiffii

324 1051 398 1114 in
447 1050 641 1138 signo
672 1052 968 1119 sensibili
1024 1066 1172 1120 ante
1203 1074 1398 1120 usum
1482 1066 1544 1118 et
1591 1051 1877 1140 applica·

321 1168 573 1235 tionem
613 1170 783 1256 ejuS‚
827 1170 930 1236 vel
973 1170 1037 1236 in
1082 1171 1220 1257 ipsa
1286 1171 1765 1257 applicatione;
1821 1172 1874 1238 si

323 1284 642 1371 primum,
688 1307 844 1373 ergo
902 1287 1195 1355 causatio
1237 1289 1383 1374 ejus
1435 1301 1534 1354 est
1565 1309 1725 1373 pure
1759 1288 1876 1353 mi-

323 1401 649 1467 raculosa.
691 1404 869 1469 Patet
901 1404 1393 1490 consequentia,
1442 1404 1594 1492 quia
1663 1404 1734 1469 lit
1767 1424 1879 1490 per

321 1529 548 1585 actum
598 1519 923 1600 divinum,
972 1521 1113 1587 sine
1147 1522 1391 1607 praevia
1442 1521 1876 1607 dispositione

321 1645 644 1721 perpetua
710 1648 821 1702 aut
882 1637 1097 1702 stabili
1180 1658 1329 1703 cum
1417 1637 1727 1717 Ecclesia,
1800 1637 1875 1703 ad

321 1772 527 1839 quam
572 1753 950 1819 naturaliter
978 1766 1389 1841 sequeretur,
1434 1754 1602 1820 sicut
1632 1754 1880 1819 anima-

321 1867 419 1934 tio
461 1869 540 1934 ad
573 1890 833 1958 corpus.
881 1870 946 1935 Si
991 1871 1055 1936 in
1098 1871 1238 1957 ipsa
1288 1871 1745 1958 applicatione,
1782 1871 1879 1935 vi-

321 1984 525 2052 detur
557 1986 1076 2066 inconveniens;
1115 1988 1367 2054 nullum
1410 1987 1584 2054 enim
1630 1986 1879 2053 instru-

320 2116 626 2168 mentum
679 2102 822 2170 ideo
862 2115 963 2170 est
1007 2115 1230 2189 aptum
1275 2103 1636 2170 formaliter
1675 2102 1753 2167 ad
1790 2103 1883 2169 ef-

318 2219 597 2299 fectum,
639 2219 788 2304 quia
820 2220 971 2306 quis
1005 2240 1082 2286 eo
1127 2220 1360 2303 utitur,
1396 2219 1546 2306 quia
1589 2218 1883 2306 aptitudo

317 2336 747 2402 instrumenti
789 2336 1098 2422 praecedit
1130 2358 1323 2403 usum
1359 2338 1503 2424 ejus
1564 2336 1879 2403 naturali-

319 2463 472 2529 ter;
508 2472 638 2517 non
681 2453 854 2518 enim
887 2453 1039 2539 quia
1073 2453 1397 2540 immergo
1439 2474 1742 2541 puerum,
1791 2452 1882 2517 si-

323 2588 412 2633 ve
445 2566 599 2655 quia
639 2579 786 2634 utor
823 2568 1040 2654 aliquo
1070 2569 1361 2635 sensibili
1404 2568 1486 2635 ad
1525 2581 1738 2635 actum
1773 2571 1883 2635 Sa-

325 2685 681 2764 cramenti,
739 2684 880 2751 ideo
930 2687 1162 2774 recipit
1218 2687 1556 2767 virtutem,
1615 2708 1741 2751 non
1786 2702 1886 2753 est

328 2822 500 2888 ergo
538 2800 692 2868 dare
723 2802 982 2888 quando
1023 2802 1314 2889 recipiat,
1351 2817 1475 2870 etc.

426 2917 701 2984 Videtur
740 2917 883 2983 haec
922 2917 1085 2983 ratio
1120 2938 1248 2983 non
1280 2918 1694 2998 concludere,
1733 2918 1882 3004 quia

332 3033 537 3100 etiam
584 3034 722 3119 ipse
762 3037 995 3099 Doctor
1044 3033 1331 3100 admittit
1390 3035 1884 3100 Sacramentum

332 3170 488 3218 esse
546 3149 1061 3218 instrumentum
1116 3150 1465 3217 causandae
1515 3151 1770 3237 gratiae,
1825 3164 1889 3217 et

329 3288 484 3334 esse
515 3267 1010 3353 dispositionem
1065 3267 1405 3355 praeviam,
1451 3267 1554 3333 vel
1620 3288 1885 3334 causam

333 3384 653 3451 moralem
695 3385 946 3471 gratiae,
996 3396 1058 3450 et
1097 3386 1194 3452 sic
1225 3386 1386 3450 ratio
1426 3383 1726 3463 adducta,
1786 3384 1888 3451 vel

333 3518 470 3572 non
534 3510 722 3585 urget
786 3498 1223 3577 adversariOS,
1305 3498 1409 3564 vel
1478 3497 1748 3584 perinde
1805 3498 1884 3564 ad

337 3614 639 3681 eamdem
709 3614 1105 3702 respondere
1170 3615 1452 3702 cogitur.
1554 3616 1891 3681 Diceretur

337 3753 501 3818 ergo
541 3730 713 3818 quod
764 3730 932 3797 sicut
978 3753 1079 3797 res
1119 3731 1226 3796 illa
1266 3730 1600 3797 sensibilis
1641 3752 1722 3797 ex
1775 3752 1891 3796 na-

336 3861 489 3914 tura
523 3848 640 3926 rei,
667 3860 731 3913 et
760 3847 1119 3914 secundum
1182 3848 1470 3934 propria,
1522 3867 1650 3912 non
1693 3847 1893 3912 habet

338 3983 616 4030 causare
646 3961 948 4028 effectum
997 3963 1604 4050 supernaturalem,
1666 3963 1778 4028 sed
1812 3983 1892 4028 ex

338 4078 590 4144 virtute
647 4077 1054 4145 extrinsecus
1085 4077 1498 4157 adveniente,
1565 4078 1709 4144 sive
1759 4098 1893 4142 mo-

343 4195 503 4261 ralis
525 4194 634 4274 sit,
672 4195 815 4261 sive
848 4195 1066 4275 realis,
1107 4194 1375 4281 perinde
1443 4194 1666 4261 inesse
1701 4215 1894 4261 unam

342 4328 411 4379 et
438 4313 732 4393 alteram,
797 4312 938 4379 sive
997 4324 1148 4379 ante
1180 4333 1398 4391 usum,
1453 4312 1595 4379 sive
1637 4312 1702 4378 in
1755 4313 1897 4399 ipso

346 4452 474 4499 usu
532 4454 548 4510 ;
594 4441 657 4497 et
696 4430 865 4516 quod
915 4430 1154 4496 dicitur
1214 4428 1294 4495 de
1324 4449 1476 4510 una,
1519 4429 1770 4496 dicetur
1820 4430 1899 4495 de

346 4545 578 4622 altera,
615 4556 894 4629 excepta
923 4544 1238 4611 realitate.

443 4657 898 4745 Respondetur
947 4671 1163 4726 tamen
1213 4661 1528 4727 rationem
1597 4683 1742 4729 esse
1797 4685 1902 4729 ur-

192 4761 315 4797 ⁰⁵¹⁰·
350 4789 642 4863 gentem,
718 4777 1008 4862 procedit
1072 4778 1246 4844 enim
1308 4777 1386 4844 de
1466 4779 1902 4846 instrumento

355 4893 656 4980 physiCO,
693 4904 758 4959 et
788 4893 1058 4980 physice
1096 4907 1406 4960 causante
1456 4897 1762 4981 gratiam,
1801 4896 1904 4961 vel

356 5010 662 5077 effectum
756 5011 1321 5097 supernaturalem
1403 5034 1517 5098 per
1594 5013 1903 5079 virtutem

355 5125 871 5212 superadditam.
955 5127 1139 5192 Unde
1239 5139 1698 5214 argumentum
1777 5149 1905 5194 non

362 5257 466 5309 est
523 5243 767 5309 directe
798 5257 1024 5310 contra
1083 5265 1218 5325 eos,
1255 5247 1364 5331 qui
1434 5258 1676 5332 negant
1718 5246 1907 5312 talem

357 5359 673 5426 virtutem
706 5360 1079 5446 superaddi,
1109 5361 1212 5427 vel
1235 5382 1372 5426 eam
1410 5382 1557 5427 esse
1590 5360 1905 5441 innatam,

358 5495 558 5562 quam
614 5487 851 5541 vocant
931 5476 1282 5562 potentiam
1352 5476 1906 5560 obedientialem;

356 5604 616 5678 oportet
647 5614 804 5681 ergo
833 5593 1367 5674 instrumentum,
1415 5594 1587 5682 quod
1620 5592 1691 5660 lit
1739 5595 1900 5661 acti-

1988 1052 2068 1119 ad
2102 1074 2319 1133 usum,
2356 1055 2584 1141 recipit
2619 1055 2792 1120 illam
2826 1055 3132 1121 virtutem
3166 1054 3533 1140 physicam,
3564 1051 3879 1163 instrgpen-

1990 1182 2299 1237 causatur
2373 1170 2784 1248 miraculose,
2842 1171 2998 1257 quia
3036 1172 3115 1237 ad
3157 1171 3334 1237 illam
3371 1170 3535 1237 nihil

1990 1283 2278 1370 disponit
2327 1285 2392 1350 in
2429 1297 2681 1351 natura.
2730 1289 2863 1351 Iloc
2893 1285 3067 1351 enim
3103 1297 3201 1351 est
3265 1305 3535 1351 causare
3612 1277 3842 1395 33ξὲἃῇῑέ

1991 1399 2237 1486 aliquid
2316 1401 2727 1479 miraculose,
2775 1412 2846 1467 ut
2914 1413 3090 1487 patet
3140 1422 3219 1467 ex
3265 1405 3536 1468 Doctore
3560 1407 3891 1458 miraculose?

1989 1517 2064 1579 in
2093 1520 2158 1581 3.
2195 1516 2262 1582 d.
2301 1519 2407 1581 24.
2448 1518 2554 1582 ubi
2610 1516 2809 1583 simili
2872 1517 3123 1583 ratione
3191 1517 3538 1603 impugnat

1989 1630 2364 1715 opinionem
2399 1632 2682 1711 llenrici,
2722 1631 3084 1719 quistatuit
3123 1632 3341 1699 lumen
3366 1631 3538 1698 infu-

1990 1767 2138 1811 sum
2172 1745 2458 1813 medium
2504 1747 2673 1813 inter
2701 1747 2922 1814 lumen
2956 1747 3186 1835 gloriae
3220 1758 3282 1813 et
3316 1746 3539 1826 sidem,

1991 1862 2069 1927 ad
2125 1863 2654 1949 cognoscendum
2722 1863 3082 1942 credibilia,
3163 1864 3243 1929 de
3300 1864 3546 1951 quibus

1992 1980 2269 2045 habetur
2302 1980 2486 2064 lides,
2526 1980 2634 2045 ubi
2676 1980 2803 2047 ait:
2844 1981 2897 2077 si
2942 1984 3111 2047 Deus
3163 1979 3539 2047 infunderet

1994 2094 2151 2159 illud
2211 2116 2338 2161 non
2399 2095 2464 2160 in
2524 2095 2877 2181 BaptismO,
2916 2096 3029 2162 sed
3092 2094 3350 2183 quando
3391 2095 3539 2183 quis

1995 2211 2351 2297 applicaret
2386 2223 2671 2277 mentem
2711 2212 2787 2277 ad
2824 2212 3115 2278 studium
3158 2212 3543 2299 Scripturae,

2000 2326 2172 2413 quod
2239 2327 2478 2392 infusio
2546 2328 2690 2413 ejus
2743 2347 2872 2392 non
2948 2341 3046 2393 est
3095 2328 3539 2397 miraculosa:

1999 2442 2282 2518 Quando
2312 2444 2487 2508 enim
2530 2445 2700 2508 Deus
2737 2444 3014 2524 assistit,
3054 2444 3287 2531 inquit,
3340 2456 3542 2532 utqe-
3615 2459 3745 2521 Quid
3773 2462 3840 2511 sit
3916 2422 3931 2434 ⁸

1993 2559 2248 2623 uerutis
2268 2580 2465 2623 causa
2495 2559 2584 2623 ad
2613 2560 2901 2645 aliquem
2933 2561 3236 2645 effectum
3262 2583 3547 2627 causan-
3600 2522 3864 2637 Jffffiiiz.

1995 2674 2175 2752 dum,
2247 2676 2307 2739 si
2364 2686 2611 2740 natura
2685 2674 3002 2760 disponit,
3082 2697 3214 2742 non
3290 2677 3542 2745 dicitur
3677 2650 3795 2700 ⁵⁰⁸³

1993 2792 2392 2856 miraculose
2426 2792 2713 2869 causari,
2790 2813 2904 2855 nec
2960 2792 3135 2858 illud
3204 2805 3546 2861 causatum

1996 2906 2249 2973 dicitur
2302 2909 2839 2992 supernaturale,

1998 3025 2236 3103 turale,

2934 2909 3050 2975 sed
3116 2913 3356 2997 maqiS,
3433 2933 3551 2977 na·

2342 3037 2411 3089 ut
2475 3038 2657 3111 patet
2724 3026 2805 3091 de
2881 3049 3159 3114 corpore
3236 3032 3552 3117 oryanico

1996 3152 2056 3206 et
2123 3144 2462 3226 infusione
2528 3145 2798 3224 animae,
2877 3155 3002 3212 etc.
3078 3145 3175 3216 sic
3226 3148 3421 3216 etiam
3478 3151 3552 3216 in

1998 3261 2062 3322 2.
2099 3259 2168 3325 d.
2206 3263 2269 3324 9.
2352 3271 2578 3346 quoesc.
2635 3265 2698 3326 2.
2757 3275 2951 3348 negat
2990 3283 3202 3349 agens
3255 3265 3548 3331 naturale

1995 3374 2344 3460 disponere
2386 3396 2577 3461 posse
2642 3376 2720 3442 ad
2774 3377 3056 3446 formam
3159 3393 3547 3465 supernatu-

1998 3491 2228 3558 ralem.

2090 3609 2304 3674 Sumit
2359 3609 2584 3675 eodem
2639 3611 2826 3677 modo
2890 3612 2995 3678 hic
3061 3613 3550 3699 productionem
3697 3617 3777 3669 36-

2005 3724 2463 3791 miraculosam
2504 3725 2894 3812 simpliciter
2945 3728 3546 3813 supernaturalem,

2004 3839 2080 3904 ad
2112 3840 2301 3926 cujus
2339 3840 2696 3907 terminum
2760 3842 2925 3908 nihil
2963 3842 3252 3929 disponit
3315 3844 3380 3909 in
3430 3865 3543 3910 na-

2008 3976 2153 4030 tura
2199 3988 2213 4042 ;
2250 3965 2555 4051 intelligit
2588 3977 2804 4033 autem
2860 3967 3355 4053 dispositionem
3400 3968 3550 4047 late,

2009 4112 2126 4176 pro
2157 4087 2336 4157 omni
2398 4092 2633 4158 effectu
2691 4091 2920 4178 priori,
2976 4093 3086 4180 qui
3149 4093 3440 4181 exigitur
3478 4094 3557 4161 ad

2009 4217 2461 4302 posteriorem,
2504 4217 2645 4284 sive
2685 4240 2765 4283 ex
2808 4230 3040 4285 natura
3108 4219 3227 4297 rei,
3264 4221 3407 4288 sive
3473 4241 3554 4286 ex

2008 4342 2551 4408 determinatione
2588 4364 2829 4422 causae,
2889 4344 3071 4410 verbi
3133 4346 3365 4431 gratia,
3414 4346 3552 4425 Dei,

2014 4479 2083 4531 ut
2123 4469 2156 4550 g
2193 4467 2512 4552 sequenti,
2547 4468 2621 4532 in
2659 4471 3087 4554 responsione
3124 4471 3214 4535 ad
3254 4472 3551 4556 primam

2012 4595 2457 4676 qucestionem,
2492 4603 2695 4678 patet,
2736 4596 2811 4659 in
2838 4596 2995 4677 sine.

2105 4716 2288 4782 Unde
2361 4717 2796 4786 excluduntur
2884 4720 3103 4806 plures
3190 4723 3548 4804 instantiae,
3613 4719 3910 4847 sffffeeffrffiiu-

2016 4843 2167 4929 quia
2206 4844 2415 4929 gratia
2473 4844 2890 4913 sanctificans
2972 4848 3204 4932 prima,
3245 4851 3561 4936 supponit
3687 4847 3820 4956 ‘322⁸

2017 4966 2510 5053 dispositionem
2581 4969 2704 5035 hoc
2770 4970 2983 5051 mod0,
3054 4991 3288 5060 nempe
3330 4977 3560 5040 Sacra·
3606 4967 3893 5019 miraculosi

3609 5049 3666 5082 su
3769 5036 3894 5081 nunt

2019 5104 2312 5160 mentum
2350 5093 2413 5158 in
2449 5115 2516 5160 re
2547 5094 2650 5160 vel
2684 5094 2750 5159 in
2811 5108 2983 5177 vom,
3029 5119 3178 5164 cum
3221 5111 3365 5166 actu
3412 5121 3560 5186 per·
3606 5047 3891 5160 ‘lignatio-

2023 5221 2211 5287 fectae
2277 5219 2614 5286 charitatis
2668 5233 2777 5286 aut
2843 5224 3255 5293 contritionis
3318 5251 3333 5307 ;
3398 5227 3561 5296 fides
3690 5172 3824 5206 nem.

2023 5346 2333 5431 supponit
2365 5343 2724 5412 doctrinam
2810 5361 2873 5412 et
2914 5348 3447 5433 praedicationem
3492 5376 3568 5422 ac

2024 5470 2487 5535 revelationem
2513 5470 2930 5556 objectivam,
2966 5487 3391 5560 augmentum
3423 5500 3572 5565 gra-

2026 5598 2140 5663 tiae
2169 5610 2234 5663 et
2270 5598 2523 5685 gloriae,
2581 5597 2646 5665 in
2690 5599 2929 5667 adultis
2962 5603 3268 5670 meritum
3317 5606 3575 5693 propri-
