4255 6375
116 638 227 691 stin.

116 1913 248 1947 umen-

116 2025 229 2075 uuili.

133 3156 256 3258 ³5}
129 3082 255 3131 ἔ·

135 4899 177 4953 δ

137 5027 194 5080 lm·

137 5153 194 5204 i·

133 5209 268 5462 a}

135 5673 138 5698 t

135 5717 138 5742 Ι

1341 446 1539 510 Dts'r.
1590 448 1660 510 ll.
1711 447 2071 524 QUAES‘rio
2121 448 2163 511 l.

277 609 579 672 meritum
610 609 774 690 ejus.
823 608 1008 673 Unde
1048 609 1221 673 idem
1263 611 1667 690 Augustinus
1716 611 1807 672 13.

279 728 606 790 deTrinit.
657 745 798 804 cap.
853 730 946 791 15.
994 730 1228 791 asserit
1279 729 1808 791 incarnationem

278 843 468 906 fuisse
550 860 873 906 summam
947 848 1225 926 gratiam
1304 846 1479 908 inter
1557 844 1813 923 reliqua

276 977 472 1037 opera
547 964 687 1035 Dei,
761 964 940 1042 quod
1022 979 1156 1026 non
1246 962 1460 1025 solum
1540 960 1816 1041 intelligi

277 1077 495 1149 debet,
544 1082 861 1156 quantum
918 1077 1003 1140 ad
1047 1079 1499 1143 excellentiam
1551 1083 1619 1139 et
1671 1092 1817 1155 per-

277 1189 648 1264 fectionem,
693 1193 814 1255 sed
862 1198 1177 1272 quantum
1227 1192 1312 1255 ad
1359 1192 1634 1256 modum
1684 1209 1817 1271 quo

279 1325 356 1370 ex
397 1324 584 1371 mera
631 1309 744 1370 Dei
808 1310 1103 1374 bonitate
1160 1314 1508 1390 processit,
1556 1315 1622 1372 et
1663 1325 1815 1388 gra-

287 1427 432 1487 tuite
493 1428 750 1505 absque
807 1428 983 1490 omni
1029 1430 1263 1490 merito
1324 1418 1406 1490 ‘ex
1463 1432 1647 1506 parte
1705 1441 1821 1487 no·

284 1548 434 1614 stra;
516 1542 702 1621 quod
775 1544 999 1621 plures
1067 1545 1358 1607 rationes
1433 1545 1821 1606 Sanctorum

283 1658 528 1720 Patrum
597 1660 902 1738 probant,
983 1676 1128 1739 quae
1193 1677 1311 1739 pro
1386 1662 1821 1740 congruentia

282 1774 421 1838 facti
464 1792 589 1837 suo
648 1775 792 1837 loco
855 1774 1301 1838 adducuntur.

353 1893 528 1954 Sicut
578 1908 738 1971 ergo
787 1892 1046 1955 vocatio
1095 1892 1180 1955 ad
1226 1891 1427 1954 fidem
1475 1908 1609 1954 non
1660 1907 1818 1968 sup·

285 2011 454 2085 ponit
482 2008 759 2087 aliquod
810 2008 1139 2080 meritum,
1173 2024 1251 2071 ac
1281 2007 1561 2086 proinde
1591 2008 1825 2071 dicitur

281 2126 551 2203 gratuita
609 2129 924 2204 respectu
970 2127 1181 2188 vocati
1226 2125 1311 2187 ad
1358 2124 1580 2198 fidem,
1634 2125 1820 2187 radix

284 2248 341 2304 et
406 2243 802 2322 principium
861 2243 1030 2323 eju8‚
1091 2246 1261 2306 sicut
1318 2248 1384 2304 et
1455 2244 1596 2321 ipsa
1653 2240 1822 2305 fides

282 2364 683 2437 caeterorum,
731 2377 875 2439 quae
944 2362 1011 2422 in
1055 2357 1523 2440 justificatione
1580 2359 1824 2421 subse-

280 2483 607 2554 quuntur;
657 2477 746 2539 ita
801 2477 1100 2539 similiter
1161 2477 1288 2540 dici
1347 2475 1551 2537 debet
1607 2491 1643 2536 a
1685 2472 1825 2536 for-

284 2592 414 2654 tiori
492 2591 720 2672 quoad
793 2594 1332 2666 incarnationem,
1395 2591 1583 2671 cujus
1645 2588 1824 2651 ordi-

282 2712 445 2773 natio
511 2711 581 2772 in
659 2727 876 2773 massa
946 2709 1334 2789 perditionis
1392 2707 1546 2771 nihil
1618 2708 1824 2785 potuit

284 2843 657 2905 supponere
725 2828 880 2890 boni
942 2832 1179 2906 praeter
1229 2827 1438 2888 solam
1495 2830 1819 2895 naturam,

287 2959 423 3023 quae
467 2950 748 3024 peccato
801 2941 924 3007 fuit
976 2944 1331 3007 universim
1388 2943 1631 3005 vitiata.

356 3063 426 3124 Et
463 3061 520 3123 si
550 3060 742 3122 dicas
781 3059 1002 3139 quoad
1031 3060 1464 3123 intentionem
1497 3056 1564 3120 id
1595 3073 1823 3119 verum

293 3194 446 3252 esse,
517 3192 661 3240 non
719 3177 938 3257 quoad
1008 3176 1495 3249 executionem,
1567 3158 1816 3249 contra,

292 3293 638 3358 incarnatio
707 3301 780 3357 ut
855 3294 1292 3357 determinate
1379 3291 1689 3370 ponenda
1748 3295 1816 3354 in

290 3427 421 3482 esse,
473 3421 536 3476 et
581 3413 682 3474 sic
730 3412 920 3475 etiam
977 3418 1049 3473 ut
1094 3410 1523 3473 determinata
1574 3425 1612 3469 a
1653 3409 1816 3479 Deo,

284 3524 390 3591 fnit
442 3545 645 3592 causa
701 3529 915 3591 omnis
970 3527 1193 3609 gratiae
1237 3532 1302 3589 et
1351 3525 1508 3588 boni
1562 3526 1628 3587 in
1704 3526 1818 3588 bo-

282 3644 462 3717 mine,
497 3651 565 3707 et
617 3647 713 3707 sic
762 3647 828 3704 et
867 3661 1001 3707 non
1052 3645 1240 3706 aliter
1281 3640 1403 3704 fuit
1452 3656 1647 3702 causa
1696 3656 1817 3703 vo-

286 3763 534 3825 cationis
566 3767 637 3825 et
666 3760 855 3833 fidei;
903 3762 956 3822 si
1009 3776 1169 3838 ergo
1212 3759 1347 3822 haec
1391 3774 1524 3820 non
1573 3736 1816 3836 suppo·

284 3883 431 3940 nunt
456 3875 772 3941 meritum
803 3893 885 3939 ex
913 3882 1102 3956 parte
1129 3875 1361 3948 nostri,
1394 3878 1506 3937 aut
1541 3874 1813 3944 bonum,

290 3997 347 4054 et
386 3993 772 4073 dependent
818 3994 898 4055 ab
958 3994 1418 4055 Incarnatione
1462 3991 1528 4052 in
1576 4007 1648 4053 re
1692 3989 1816 4052 de-

293 4111 611 4172 terminate
680 4107 1013 4187 ponenda,
1088 4111 1473 4186 supponunt
1539 4106 1607 4168 in
1676 4107 1812 4169 Deo

302 4237 404 4287 non
451 4227 670 4288 solum
718 4224 863 4303 eius
912 4222 1398 4286 ordinationem
1449 4222 1668 4302 quoad
1718 4223 1815 4284 in⁴

310 4341 657 4415 tentionem,
694 4340 815 4403 sed
837 4341 1037 4402 etiam
1069 4338 1288 4421 quoad
1321 4341 1811 4410 executionem3

302 4478 431 4546 ergo
480 4468 808 4547 quidquid
853 4484 936 4530 ex
981 4468 1080 4531 his
1131 4465 1456 4545 procedit,
1506 4482 1747 4544 nempe
1781 4482 1817 4526 a

298 4577 405 4644 fide
457 4594 520 4650 et
571 4586 948 4658 vocatione,
1005 4588 1391 4663 supponunt
1462 4584 1819 4644 incarnati·

303 4714 470 4765 onem
523 4704 891 4769 ordinatam
953 4707 1021 4764 et
1070 4703 1416 4780 praevisam
1471 4703 1537 4762 in
1579 4715 1817 4763 execu-

308 4816 479 4882 tione.

135 4942 273 5022 ffi,
345 4934 814 5030 ‘Consti-matur,
889 4952 1087 5000 omne
1143 4936 1450 4998 meritum
1520 4937 1817 4996 nostrum

135 5071 261 5147 mm
311 5053 469 5128 quod
538 5058 838 5132 acceptat
887 5056 1062 5117 Deus
1119 5054 1203 5115 de
1274 5052 1471 5123 facto,
1539 5052 1676 5114 sive
1744 5051 1826 5112 sit

315 5169 623 5252 condigni,
680 5171 818 5235 sive
877 5173 1176 5250 congrui,
1239 5176 1339 5232 est
1415 5169 1825 5233 antecedens

315 5289 368 5343 et
417 5286 871 5367 independens
929 5305 964 5349 a
1007 5304 1125 5350 suo
1193 5286 1453 5364 praemio
1516 5291 1827 5365 tanquam

271 5415 487 5465 ‚causa
554 5408 901 5480 anteriore,
971 5412 1041 5469 ut
1104 5410 1290 5484 patet
1350 5405 1704 5467 universim
1738 5420 1820 5465 ex

312 5517 639 5598 Scriptura,
695 5525 761 5585 in
823 5540 950 5604 qua
996 5524 1249 5585 nullum
1308 5522 1636 5584 invenitur
1676 5536 1826 5581 me-

310 5633 482 5698 ritum
509 5655 545 5700 a
572 5642 708 5706 Deo
752 5638 1178 5723 praemiatum,
1231 5638 1349 5703 nisi
1393 5636 1826 5714 antecedens,

3356 449 3477 515 259

1927 613 2101 675 nulla
2150 613 2491 691 promissio
2563 614 2735 677 facta
2777 616 3115 694 operibus,
3178 618 3302 678 nisi
3360 633 3478 679 ex-

1926 729 2143 792 hibitis
2186 736 2300 793 aut
2352 732 2766 809 exhibendis,
2813 740 3169 815 antequam
3205 736 3319 816 jus
3363 737 3475 800 ali-

1928 845 2105 923 quod
2175 850 2551 926 acquiratur
2629 850 2896 927 praemii,
2974 856 3038 912 et
3115 854 3476 929 antequam

1925 961 2146 1038 ipsum
2197 963 2533 1040 praemium
2585 964 2796 1030 detur.
2845 965 3032 1028 Patet
3082 968 3146 1028 in
3199 965 3477 1043 disposi-

1932 1078 2107 1139 tione
2165 1082 2529 1158 peccatoris
2597 1082 2681 1143 ad
2752 1083 3056 1164 gratiam,
3120 1084 3463 1147 inmeritis
3505 1045 3818 1175 Ds‘ffissssss

1921 1192 2249 1272 justorum
2303 1204 2614 1275 respectu
2670 1200 2936 1277 praemii,
2982 1200 3129 1273 sibi,
3188 1200 3291 1262 vel
3336 1201 3477 1263 aliis
3589 1190 3731 1229 ’ω’

1930 1312 2376 1389 impetratorie
2444 1314 2668 1391 dandi,
2724 1317 2830 1380 vel
2888 1318 3086 1380 etiam
3156 1316 3239 1379 de
3313 1333 3471 1379 con·

1933 1424 2162 1507 digno,
2220 1430 2443 1508 quoad
2500 1434 2830 1511 proprium
2888 1432 3169 1495 fructum
3216 1440 3281 1495 et
3320 1449 3473 1513 per-

1930 1541 2201 1606 fectum.
2236 1545 2420 1608 Patet
2463 1562 2544 1608 ex
2585 1548 3130 1625 promissionibus
3176 1547 3479 1610 absolute

1928 1658 2115 1722 factis
2173 1662 2241 1722 in
2296 1662 2448 1742 lege
2530 1669 2596 1725 et
2651 1665 3029 1744 EvangeliO,
3079 1680 3161 1726 ex
3206 1663 3484 1728 commi-

1931 1777 2301 1840 nationibus
2346 1783 2413 1840 et
2457 1782 2657 1842 etiam
2705 1782 3085 1860 praeceptiS,
3137 1796 3288 1861 quae
3322 1789 3485 1861 'sup-

1930 1899 2189 1970 ponunt
2231 1894 2336 1956 vel
2384 1896 2655 1976 exigunt
2709 1898 3177 1963 exhibitionem
3234 1896 3481 1976 operis,

1934 2015 2000 2070 et
2055 2026 2187 2072 non
2246 2013 2454 2073 solam
2520 2014 3025 2091 praevisionem3
3104 2029 3260 2094 ergo
3333 2030 3485 2076 cum

1934 2126 2292 2189 incarnatio
2326 2130 2390 2190 in
2448 2132 2902 2208 acceptatione
2952 2133 3019 2191 et
3062 2129 3487 2192 ordinatione

1935 2236 2153 2300 divina
2196 2240 2546 2303 antecedat
2597 2246 2910 2322 tanquam
2959 2258 3179 2317 causa,
3215 2247 3280 2303 et
3310 2241 3485 2319 prin-

1936 2355 2202 2432 cipium,
2273 2359 2742 2438 quodcumque
2811 2358 3059 2420 bonum
3135 2374 3304 2437 opus
3359 2370 3482 2419 no·

1934 2481 2164 2546 strum,
2210 2477 2509 2555 sequitur
2569 2493 2702 2538 non
2762 2475 2899 2539 dari
2960 2479 3266 2539 meritum
3313 2475 3477 2554 ejus.

1932 2593 2149 2663 DiceS,
2208 2591 2388 2654 unde
2446 2593 2580 2654 haec
2640 2599 3082 2672 cognoscatur
3136 2608 3284 2655 cum
3353 2609 3477 2669 po·
3538 2608 3790 2673 oiajoetio.

1937 2708 2130 2769 tuerit
2161 2707 2244 2769 de
2277 2710 2568 2787 potentia
2615 2710 2912 2773 absoluta
2962 2710 3198 2771 saltem
3239 2680 3480 2772 cadere

1936 2824 2059 2886 sub
2104 2827 2338 2889 merito
2376 2824 2456 2889 de
2492 2842 2809 2906 congruO,
2845 2832 2912 2889 et
2940 2826 3309 2889 secundum
3362 2843 3483 2889 nos

1933 2939 2021 3001 de
2062 2941 2417 3023 condigno,

2013 3057 2498 3137 Respondetur,
2556 3060 2740 3139 quod
2785 3059 2952 3123 sicut
2995 3076 3129 3123 non
3184 3059 3479 3123 admitti-

1933 3179 2038 3238 tur
2082 3179 2387 3241 meritum
2442 3176 2523 3240 de
2572 3176 2901 3260 condigno
2949 3177 3096 3258 ejus
3154 3176 3238 3239 de
3283 3174 3479 3251 fact0,

1930 3293 2022 3354 sic
2055 3294 2297 3371 paritas
2346 3295 2614 3357 rationis
2671 3294 2961 3359 excludit
3011 3294 3483 3374 quodcumque

1929 3411 2236 3472 meritum
2271 3413 2416 3491 ejus
2461 3411 2545 3475 de
2591 3430 2908 3496 congruo,
2970 3411 3151 3492 quod
3201 3409 3479 3490 perinde

1927 3541 1966 3586 a
2007 3527 2231 3589 radice
2296 3529 2765 3592 incarnationis
2814 3535 2938 3603 est,
2988 3531 3158 3591 sicut
3212 3532 3280 3589 et
3332 3542 3477 3588 me-

1925 3643 2121 3703 ritum
2168 3642 2251 3706 de
2312 3644 2666 3725 condigno,
2727 3647 2797 3707 Et
2849 3644 3248 3707 documenta
3309 3642 3481 3704 Scri-

1922 3764 2266 3838 pturarum
2322 3761 2667 3840 sequenda
2710 3768 2890 3838 sunt,
2956 3779 3100 3840 quae
3154 3777 3289 3824 non
3355 3759 3476 3822 ad-

1925 3876 2193 3938 mittunt
2245 3876 2551 3940 meritum
2611 3877 2879 3959 aliquod
2944 3893 3365 3957 consequens
3413 3879 3481 3939 in

1927 3995 2066 4055 Deo
2139 3994 2223 4056 de
2292 3992 2492 4066 facto,
2552 3994 2705 4057 licet
2762 3993 2934 4057 foret
3003 3992 3340 4072 possibile,
3408 3998 3477 4054 ut

1924 4112 2083 4172 alias
2127 4114 2193 4173 in
2226 4115 2497 4174 tractatu
2542 4111 2740 4192 hujus
2784 4113 3076 4173 materiae
3129 4108 3473 4188 disputavi.

2004 4228 2385 4307 Rejicienda
2433 4232 2534 4289 est
2584 4243 2742 4307 ergo
2794 4229 3124 4289 sententia
3170 4240 3479 4287 asseren-
3527 4264 3765 4315 Potentia

1928 4349 2086 4410 tium
2143 4351 2465 4410 incertum
2539 4362 2708 4420 esse,
2793 4363 3012 4425 neque
3083 4363 3275 4427 posse
3353 4344 3482 4408 dici
3526 4326 3789 4440 orggaglica

1926 4464 2246 4526 assertive
2280 4464 2437 4544 quid
2485 4466 2663 4526 Deus
2710 4463 2793 4525 de
2823 4462 2996 4526 facto
3056 4462 3476 4537 ordinaverit,
3504 4452 3789 4567 cong⁸2t1i12³1a

1930 4583 2082 4661 quia
2160 4598 2404 4660 nempe
2477 4581 2715 4644 modus
2787 4582 3157 4646 ordinarius
3236 4579 3482 4661 agendi
3622 4532 3656 4580 g
3800 4555 3815 4569 ⁹

1929 4699 2160 4762 divina}
2214 4698 2567 4760 voluntatis
2630 4698 2789 4759 satis
2847 4712 2928 4757 ex
2998 4696 3344 4774 Scriptura
3405 4693 3486 4757 li-

1933 4823 2137 4896 quet;
2198 4834 2421 4897 neque
2465 4817 2628 4879 alius
2688 4816 2928 4879 modus
2997 4813 3485 4894 supponendus

1931 4940 2032 4995 est
2085 4939 2327 5011 praeter
2378 4937 2793 5008 consuetum,
2843 4934 2952 5013 qui
3020 4949 3102 4994 ex
3150 4932 3488 5008 Scriptura

1934 5056 2139 5128 patet,
2201 5049 2374 5129 quia,
2431 5056 2504 5111 ut
2560 5049 2714 5112 dicit
2756 5050 3186 5130 AugustinuS,
3240 5047 3486 5125 episto·

1936 5166 1999 5228 la
2048 5167 2183 5228 108.
2220 5170 2361 5229 Non
2411 5168 2649 5238 omnia,
2701 5183 2841 5244 quae
2878 5167 3061 5242 facta
3102 5169 3274 5237 sunt,
3317 5164 3482 5225 scri-

1931 5289 2052 5360 pta
2117 5284 2546 5357 inveniuntur,
2608 5287 3049 5344 verumtamen
3102 5282 3287 5358 facta
3358 5297 3494 5342 csse

1940 5416 2024 5460 ex
2081 5402 2325 5462 caeteris
2368 5402 2762 5463 documentis
2796 5402 3184 5478 probantur,
3236 5402 3361 5461 etc.

2023 5521 2332 5599 Loquitur
2404 5519 2487 5581 de
2582 5521 2912 5600 Baptismo
2997 5521 3493 5599 Apostolorum,

1940 5659 2067 5724 quo
2097 5642 2221 5722 ipsi
2271 5642 2578 5725 baptizati
2619 5647 2796 5719 sunt,
2846 5645 2958 5725 qui
3001 5644 3153 5707 licet
3197 5641 3483 5718 scriptu-

3521 3100 3820 3166 Responsio.

3546 5116 3824 5185 Angustia.
