4255 6375
485 1006 808 1069 Praeceptum

531 1066 770 1125 hominia,

485 1131 792 1196 quandoque

487 1200 811 1244 contemnen-

574 1258 712 1308 dum.

831 401 947 467 344

830 584 993 638 non
1036 566 1738 647 contemnendum,
1806 565 1940 637 sed
1980 562 2229 638 etiam
2292 563 2388 635 ad

834 680 1448 764 observandum,
1487 682 1554 754 si
1587 687 1712 756 est
1761 681 2377 761 affirmativum,

830 797 961 885 vel
1011 798 1478 882 cavendum,
1553 799 1621 871 si
1696 803 1820 872 est
1879 797 2379 890 negativum.

928 912 1116 983 Haec
1189 916 1462 985 autem
1504 911 1665 984 dixi
1732 911 1822 984 de
1891 912 2237 985 consilio
2304 915 2384 984 et

840 1034 1248 1122 praecepto
1280 1028 1578 1110 divino,
1642 1030 1829 1121 quia
1863 1050 2092 1102 secus
2127 1034 2254 1102 est
2292 1031 2385 1104 de

840 1144 1221 1228 humano,
1266 1144 1517 1217 etiam
1551 1145 1945 1237 loquendo
1984 1146 2076 1218 de
2125 1148 2385 1219 consi-

838 1261 948 1333 lio
986 1282 1123 1334 seu
1159 1267 1570 1355 praecepto
1613 1262 1963 1334 hominis
2020 1264 2382 1356 superio-

838 1377 956 1449 ris
1018 1397 1155 1448 seu
1228 1376 1585 1450 Praelati.
1662 1377 1886 1451 Licet
1938 1378 2153 1451 enim
2215 1384 2383 1452 tam

835 1495 1270 1567 consilium
1314 1515 1555 1587 quam
1598 1500 2095 1588 praeceptum
2139 1494 2387 1569 alicu-

825 1613 963 1703 jus
1006 1612 1459 1704 superioris
1500 1615 2046 1693 contemnere,
2103 1613 2177 1686 id
2229 1619 2378 1694 est,

834 1728 1408 1802 irrationabile
1462 1734 1543 1802 et
1608 1729 2212 1803 infructuosum
2262 1731 2385 1823 ju-

833 1845 1132 1929 dicare,
1163 1846 1296 1918 sed
1338 1845 1741 1927 nonlicet,
1776 1846 1962 1918 dum
1997 1850 2123 1920 est
2165 1848 2384 1919 Prae-

832 1961 1077 2047 latus,
1134 1964 1656 2034 contemnere
1723 1981 1883 2033 non
1954 1961 2383 2035 observan-

834 2078 957 2161 do,
1034 2056 1558 2171 quia’dicitur
1627 2077 1918 2151 Matth.
1984 2083 2092 2151 13.
2167 2084 2386 2169 Super

833 2195 1221 2263 cathedram
1283 2196 1500 2281 Moysi
1550 2196 1888 2276 sederunt,
1943 2200 2098 2269 etc.
2162 2196 2382 2267 Istud

833 2310 925 2381 de
985 2312 1457 2401 contemptu
1519 2309 1839 2382 consilii
1890 2309 2015 2383 vel
2087 2317 2384 2402 praece-

835 2426 952 2516 pti
995 2422 1479 2517 superioris,
1520 2424 1941 2517 probatur,
1989 2426 2179 2518 quia
2219 2447 2378 2499 non

828 2545 1156 2615 tenetur
1213 2540 1509 2633 aliquis
1553 2542 2020 2615 necessario
2081 2543 2380 2615 habere

829 2656 1125 2729 falsam
1198 2657 1661 2749 opinionem
1727 2658 1818 2730 de
1915 2680 2062 2731 suo
2155 2680 2379 2752 supe-

831 2774 1095 2857 riore3
1134 2772 1269 2846 sed
1303 2772 1647 2847 monitio
1690 2774 1865 2867 ejus
1919 2777 2043 2848 vel
2090 2797 2379 2869 praece·

833 2894 1067 2983 ptum
1115 2891 1386 2983 potest
1450 2889 1529 2963 in
1572 2911 1656 2962 se
1702 2912 1882 2963 esse
1934 2892 2379 2966 irrationa-

830 3008 989 3080 bile
1010 3012 1090 3081 et
1140 3005 1770 3089 infructuosum,
1816 3013 1896 3081 et
1941 3008 2380 3084 rationabi-

834 3124 1029 3199 liter
1076 3127 1157 3199 et
1227 3123 1543 3196 utiliter
1608 3126 1799 3197 tunc
1854 3124 2381 3201 laborandum

834 3244 963 3316 est
1022 3240 1119 3314 ad
1183 3240 1361 3332 ejus
1439 3241 2070 3325 revocationem,
2140 3250 2220 3319 et
2289 3245 2385 3317 ad

835 3355 1443 3449 correptionem
1472 3358 1599 3430 vel
1638 3357 2133 3431 amotionem
2195 3363 2386 3435 talis

839 3475 1173 3548 Praelati
1233 3470 1455 3547 fatue
1526 3475 2120 3568 praecipientis;
2186 3497 2386 3569 ergo

836 3610 991 3662 non
1085 3592 1412 3663 tenetur
1521 3590 1885 3663 subditus
2002 3598 2388 3684 reputare

841 3710 1339 3799 praeceptum
1372 3705 1574 3800 ejus,
1604 3711 1994 3799 tanquam
2029 3708 2389 3781 rationa-

839 3821 996 3895 bile
1023 3824 1115 3908 ‚et
1159 3819 1701 3906 fructuosum,
1758 3823 1891 3895 sed
1936 3827 2205 3916 potest
2251 3844 2390 3917 op-

844 3937 1203 4030 positum
1238 3942 1648 4031 reputare,
1697 3939 1909 4014 sicut
1950 3945 2099 4022 est,
2145 3945 2226 4015 et
2272 3941 2389 4015 sic

841 4060 1364 4131 contemnere
1402 4075 1565 4129 non
1615 4058 2165 4150 approbando.

934 4173 1065 4247 Sic
1096 4191 1295 4264 ergo
1339 4176 1588 4265 patet,
1635 4175 1842 4266 quod
1877 4175 2146 4267 prima
2200 4176 2394 4248 obli-

846 4289 1070 4381 gatio
1105 4289 1508 4382 Baptismi
1561 4311 1705 4383 per
1749 4292 2070 4366 modum
2132 4292 2392 4366 consi-

846 4405 959 4488 lii,
1009 4405 1401 4498 obligavit
1467 4427 1746 4478 omnes
1816 4409 1911 4480 ad
1986 4429 2147 4481 non
2209 4429 2392 4482 con-

841 4522 1382 4596 temnendum.
1464 4525 1824 4596 Secunda
1899 4529 2173 4598 autem
2251 4546 2394 4618 per

846 4639 1169 4711 modum
1213 4641 1600 4731 praecepti
1644 4640 2038 4732 obligavit
2086 4641 2389 4724 omnes,

844 4755 940 4828 ad
1001 4776 1204 4847 quos
1256 4755 1623 4846 legitime
1673 4756 1916 4837 venit,
1974 4757 2068 4828 ad
2142 4758 2395 4831 susci-

847 4870 1246 4963 piendum.

1287 5117 1947 5183 COMMENTARIUS.

935 5343 1025 5432 (c)
1083 5344 1217 5410 Hoc
1264 5364 1421 5430 erqo
1476 5343 1817 5430 supposito
1894 5352 2214 5429 tanquam
2266 5357 2390 5412 etc.

851 5482 1088 5547 nempe
1172 5459 1590 5527 institutione
1666 5459 2003 5546 Baptismi,
2082 5471 2147 5525 et
2222 5460 2395 5547 quod

849 5577 934 5644 sit
996 5576 1334 5664 proprium
1403 5575 1568 5662 legis
1627 5596 1816 5642 novae
1872 5579 2389 5658 Sacramentum,

1978 404 2125 468 Lm.
2174 404 2272 466 tv.
2307 401 2900 468 SEN'OENTIARUM

2495 579 2557 633 et
2594 587 2943 633 commune
2980 568 3158 634 omni
3201 566 3466 655 populo,
3520 586 3654 632 non
3712 566 3861 632 sicut
3896 566 3973 633 lex

2494 683 2776 749 Mosaica
2887 681 3011 751 fuit
3113 682 3353 771 populo
3442 683 3806 750 Judaeorum
3886 684 3974 749 soli

2494 799 2751 867 tradita.
2798 804 3012 867 Movet
3057 801 3365 888 deinceps
3393 801 3558 867 duas
3591 800 3971 888 quaestiones;

2495 916 2704 1004 prima
2734 928 2835 984 est
2861 917 2943 983 de
2976 919 3361 986 necessitate
3392 920 3734 1004 Baptismi,
3767 930 3825 983 et
3850 918 3976 983 unde

2494 1032 2815 1099 redundet
2844 1033 2949 1099 illa
2993 1034 3367 1099 necessitas.
3429 1032 3750 1111 Secunda,
3790 1052 3859 1097 an
3909 1032 3977 1095 in-

2495 1148 2747 1215 stitutio
2786 1148 3101 1237 Baptismi
3123 1161 3397 1215 evacuet
3423 1146 3978 1214 circumcisionem?

2495 1267 2778 1334 Primam
2810 1266 3241 1354 quaestionem
3294 1267 3414 1330 hoc
3453 1268 3490 1351 5
3532 1264 3823 1345 resolvit,
3869 1265 3978 1330 alte·

2496 1403 2633 1449 ram
2694 1383 2759 1448 in
2826 1381 3152 1469 sequenti.
3223 1381 3442 1447 Primo
3519 1381 3706 1458 dicit,
3794 1381 3978 1445 nullam

2497 1500 2707 1585 legem
2790 1497 3138 1584 positivam
3202 1497 3313 1563 Dei
3379 1508 3532 1563 ante
3619 1496 3980 1583 promulgati·

2495 1635 2686 1680 onem
2764 1614 2867 1680 sui
2924 1613 3237 1700 obligare,
3300 1612 3472 1700 quod
3532 1610 3786 1698 colligit
3835 1614 3979 1679 loan-

2494 1733 2602 1797 nis
2643 1736 2751 1799 15.
2786 1742 2889 1798 est
2935 1750 3325 1808 commune;
3371 1728 3476 1794 vel
3525 1728 3707 1794 enim
3749 1731 4006 1815 promul-¹

2494 1846 2671 1932 gatio
2730 1856 3002 1931 spectat,
3064 1847 3426 1912 secundum
3482 1844 3767 1933 aliquOS,
3815 1846 3885 1912 ad
3914 1867 3986 1911 es·
4028 1866 4039 1887 ·-

2495 1961 2769 2028 sentiam
2816 1960 3008 2048 legis,
3060 1962 3163 2027 vel
3205 1976 3381 2029 certe
3426 1973 3529 2028 est
3574 1962 3859 2028 conditio
3913 1982 3990 2047 per

2495 2099 2565 2145 se
2640 2078 2978 2166 requisita,
3045 2092 3113 2144 ut
3170 2078 3278 2144 lex
3340 2078 3592 2166 obliget
3680 2077 3988 2145 secundum

2491 2195 2678 2261 alios,
2742 2194 3099 2261 videantur
3168 2199 3471 2261 Doctores
3522 2195 3631 2261 tit.
3677 2195 3761 2261 de
3797 2194 3991 2281 leqilnu

2497 2322 2558 2377 et
2596 2311 3205 2377 constitutionibus.

2580 2428 2764 2493 Ratio
2830 2441 2931 2493 est
2962 2427 3026 2492 in
3059 2439 3388 2514 promptu,
3426 2431 3578 2516 quia
3613 2429 3724 2496 lex
3787 2450 3900 2495 non
3925 2442 3992 2494 est

2492 2566 2573 2610 ex
2602 2544 2827 2631 regula
2859 2543 3326 2624 faciendorum,
3365 2543 3492 2611 nisi
3525 2558 3931 2633 proponatur,
3957 2556 3995 2609 et

2488 2659 2794 2727 deveniat
2830 2660 2897 2725 in
2929 2659 3404 2745 cognitionem,
3454 2661 3580 2727 hoc
3620 2675 3834 2729 autem
3879 2681 3991 2728 con·

2490 2775 2685 2860 tingit
2719 2796 2834 2861 per
2872 2775 3015 2862 ejus
3050 2775 3676 2862 promulgationem.
3724 2778 3877 2844 Hinc
3899 2779 3993 2844 col·
4028 2838 4033 2845 ,

2492 2891 2640 2977 ligit
2685 2892 2920 2956 Doctor
2969 2910 3084 2975 per
3124 2891 3461 2976 praecisam
3529 2891 3989 2973 institutionem,

2494 3019 2643 3072 ante
2712 3005 3332 3092 promulgationem,
3425 3009 3762 3075 neminem
3842 2987 4035 3076 fuisse‘

2495 3125 2855 3211 obligatum
2888 3122 2965 3190 ad
3009 3124 3436 3211 Baptismum,
3480 3147 3559 3193 ex
3606 3128 3851 3195 ratione
3886 3127 3997 3195 uni-

2497 3241 2734 3309 versali
2783 3241 3162 3328 praemissa3
3215 3244 3632 3324 tum.etiam‚
3683 3246 3834 3331 quia
3871 3266 3998 3331 prae·

2498 3373 2758 3446 ceptum
2799 3360 2879 3427 de
2908 3360 3441 3440 circumcisione,
3473 3362 3653 3449 quod
3703 3376 3836 3430 erat
3866 3362 3997 3428 divi·

2502 3499 2683 3552 num.
2784 3498 2911 3543 non
2978 3477 3203 3544 debuit
3275 3479 3620 3546 intermitti
3704 3493 3997 3567 antequam

2494 3607 2821 3662 constaret
2869 3594 3265 3681 Baptismum
3308 3596 3513 3663 fuisse
3554 3598 3914 3666 institutum
3946 3600 3992 3661 in

2500 3711 2857 3778 remedium
2937 3712 3203 3797 peccati,
3284 3733 3433 3799 quae
3507 3714 3830 3781 certitudo
3903 3732 3993 3778 non

2503 3827 2711 3912 potuit
2782 3848 2928 3894 esse
2993 3838 3143 3894 ante
3199 3828 3556 3895 solemnem
3614 3830 3994 3917 promulgati-

2500 3964 2717 4011 onem.
2772 3947 2948 4010 Hanc
2986 3944 3375 4010 sententiam
3423 3948 3740 4032 supponit
3794 3951 3883 4034 (ut
3920 3965 3994 4010 re·

2502 4064 2681 4151 liqna
2710 4061 3033 4147 omittam)
3072 4061 3526 4127 Tridentinum
3561 4084 3731 4130 seSS.
3766 4067 3826 4129 6.
3864 4084 3914 4128 c.
3948 4064 3992 4124 4.

2506 4181 2653 4246 Hoec
2693 4179 3049 4244 translatio
3090 4177 3351 4266 (inquit,
3394 4189 3542 4268 post
3608 4180 3991 4266 Evanyelium

2503 4297 2998 4384 promulyalmn
3024 4297 3169 4361 sine
3200 4297 3467 4362 lavacro
3488 4295 3985 4381 reqenerationis,

2503 4422 2620 4478 aut
2649 4416 2790 4498 ejus
2830 4422 2975 4477 voto
3001 4412 3159 4493 sieri
3194 4432 3330 4476 non
3366 4421 3655 4497 poterae,
3691 4425 3808 4478 etc.

2506 4535 2511 4546 ’
2592 4530 2689 4593 Ex
2728 4526 2968 4613 quibus
3010 4525 3228 4592 verbis
3270 4526 3645 4594 insinuatur
3690 4523 3987 4598 distinctim

2506 4662 2699 4728 quam
2733 4646 2966 4708 Doctor
3004 4640 3349 4727 subjungit
3388 4640 3468 4707 de
3526 4640 3990 4728 promulgatione
4007 4657 4057 4708 ,a

2508 4756 2817 4845 Baptismi
2877 4757 2999 4823 sub
3039 4756 3312 4822 consilio
3354 4768 3630 4835 tantum,
3675 4770 3737 4823 et
3771 4757 3842 4822 de
3880 4772 3988 4839 pro-

2509 4873 2912 4961 mulgatione
2950 4873 3093 4959 ejus
3132 4873 3256 4939 sub
3290 4886 3642 4960 praecepto,
3676 4872 3799 4940 Sub
3825 4869 3985 4937 consi-
4033 4909 4045 4952 ··.
4090 4955 4091 4960 Ἰ

2508 4990 2596 5057 lio
2644 4991 2848 5057 fuisse
2905 4989 3306 5076 Baptismum
3364 5010 3570 5077 usque
3628 4989 3705 5056 ad
3772 4997 3982 5053 mortem
4090 4965 4091 4980 ἶ

2510 5105 2767 5171 Domini
2805 5126 3035 5172 omnes
3093 5105 3530 5184 conveniunt;
3575 5124 3847 5192 congrue
3902 5118 3981 5164 au·

2508 5235 2638 5289 tem
2680 5221 2905 5288 debuit
2944 5220 3225 5307 primum
3268 5221 3545 5309 proponi
3614 5242 3725 5308 per
3780 5214 3980 5284 modum

2509 5336 2790 5418 consilii,
2856 5338 3004 5425 quia
3057 5358 3183 5402 non
3252 5337 3477 5404 debuit
3545 5336 3976 5426 praeeipitanter.
4088 5305 4091 5404 ἶ

2509 5455 2621 5520 sed
2683 5468 2931 5521 mature
3006 5453 3224 5520 induci
3266 5455 3369 5521 lex
3446 5475 3640 5535 nova,
3718 5473 3845 5541 quae
3887 5455 3971 5516 est,
4084 5435 4091 5536 l

2492 5565 3012 5659 perfectissima.
3082 5571 3401 5652 Secund0‚
3465 5571 3621 5660 quia
3686 5586 3866 5656 neque
3901 5562 3972 5627 lex
4088 5541 4091 5594 ¹

4015 1592 4053 1638 kx
