4255 6375
805 315 925 377 502

803 492 975 547 ctam
1015 481 1377 547 Ecclesiam
1421 481 1860 559 Catholicam,
1922 482 2002 551 et
2053 480 2339 545 Extrav.

798 597 892 667 de
940 597 1169 664 lzoeres.
1233 608 1294 662 et
1362 597 1628 664 schism.
1673 593 1786 666 Ad
1825 593 2337 665 abolendam:

811 714 1185 792 Universos,
1242 714 1357 798 qui
1423 711 1506 777 de
1570 713 2027 778 Sacramentis
2083 711 2345 777 ecclesi-

802 830 1030 894 asticis
1088 829 1292 894 aliter
1357 829 1591 894 docere
1654 849 1790 893 non
1855 837 2177 905 metuunt,
2233 837 2349 891 aut

809 947 1154 1025 assentire,
1244 965 1440 1031 quam
1542 955 1966 1010 sacrosancta
2051 945 2351 1008 Romana

806 1061 1108 1125 Ecclesia
1145 1060 1352 1138 docet,
1419 1061 1685 1126 vinculo
1731 1059 2039 1146 perpetui
2076 1060 2349 1124 anatlie-

805 1175 1005 1239 matis
1065 1175 1465 1240 innodamus
1500 1197 1514 1251 ;
1551 1190 1749 1263 ergo
1794 1171 1953 1243 ista
2039 1176 2349 1244 senten·

806 1289 948 1369 tia,
998 1289 1202 1380 quod
1263 1288 1701 1363 haereticus
1750 1289 2137 1381 baptizat,
2192 1308 2349 1360 non

809 1410 934 1478 est
1004 1405 1316 1478 veritas
1387 1405 1802 1498 pertinens
1874 1407 1966 1476 ad
2028 1405 2353 1496 aliquod

812 1525 1473 1601 Sacramentum;
1523 1523 1655 1593 sed
1704 1521 1909 1593 nihil
1958 1526 2083 1594 est
2143 1541 2355 1592 asse-

811 1636 1144 1706 rendum
1177 1637 1564 1727 tanquam
1608 1640 1921 1708 certum
1965 1641 2046 1709 et
2092 1655 2359 1707 neces-

812 1751 1125 1823 sarium
1221 1751 1317 1823 ad
1407 1756 2054 1834 Sacramentum,
2152 1751 2359 1844 quod

813 1887 972 1939 non
1046 1871 1171 1941 est
1247 1889 1531 1939 verum
1612 1868 2028 1960 pertinens
2096 1888 2358 1939 neces-

814 1984 1037 2058 sario
1089 1985 1185 2056 ad
1227 1989 1883 2066 Sacramentum;
1920 2004 2147 2075 ergo,
2190 1990 2348 2058 etc.

598 2128 650 2199 a.
903 2105 1234 2182 Contra,
1302 2102 1700 2194 Magister
1763 2102 1841 2174 in
1912 2101 2218 2183 littera,
2281 2102 2361 2173 et

499 2190 744 2319 Ῑξζξζὲεῗὲ
818 2217 1135 2292 adducit
1230 2219 1530 2293 multas
1625 2220 2192 2299 auctoritates,
2281 2221 2362 2290 et

523 2319 739 2382 ‘'mm‘'
818 2339 1337 2431 accipiuntur
1380 2339 1654 2431 plures
1706 2339 1804 2409 ab
1863 2337 2350 2429 Augustino.

817 2458 993 2528 Una
1033 2461 1159 2530 est
1219 2476 1463 2549 super
1525 2458 1755 2527 Joan.
1827 2456 2042 2529 hom.
2104 2460 2172 2529 5.
2236 2459 2367 2522 Ba-

815 2581 1099 2664 ptismus
1158 2578 1314 2643 talis
1372 2587 1487 2656 est,
1567 2577 1788 2663 qualis
1843 2576 1980 2654 ille,
2045 2577 2118 2641 in
2179 2579 2367 2662 cujus

814 2705 1137 2782 potestate
1191 2694 1418 2773 datur,
1458 2713 1596 2759 nou
1654 2694 1873 2779 qualis
1929 2693 2261 2770 minister,
2325 2712 2366 2756 a

821 2834 949 2900 quo
987 2812 1213 2880 datur.

912 2929 1144 3010 Item,
1220 2931 1512 3000 contra
1615 2923 2131 2999 crescentius
2203 2949 2218 2993 ε
2291 2928 2368 2991 Si

822 3069 956 3114 non
1016 3057 1109 3112 est
1171 3048 1408 3113 melior
1456 3046 1860 3131 Baptismus,
1904 3046 2017 3132 qui
2069 3064 2191 3130 per
2237 3065 2369 3108 me-

824 3168 1062 3232 liorem
1112 3165 1333 3243 datur,
1372 3164 1559 3231 nullo
1614 3163 1806 3229 modo
1851 3164 2066 3230 malus
2114 3174 2208 3229 est
2255 3164 2369 3250 qui

824 3303 947 3371 per
986 3284 1234 3348 malum
1274 3282 1499 3361 datur,
1538 3284 1694 3367 quia
1736 3280 1913 3346 idem
1957 3281 2184 3347 datur.

915 3400 1016 3469 Et
1107 3394 1170 3468 si
1244 3382 2030 3468 iliae'anctoritates
2130 3413 2370 3486 expo-

826 3518 1129 3587 nantur
1177 3513 1269 3585 de
1321 3511 1535 3584 malo
1571 3511 2005 3583 secundum
2067 3530 2364 3591 mores,

825 3652 984 3704 non
1054 3630 1144 3702 de
1212 3629 1601 3701 haeretico
1664 3631 1744 3701 et
1795 3626 2363 3707 schismatico,

825 3753 1099 3823 tamen
1166 3749 1257 3820 de
1320 3747 1447 3819 his
1515 3765 1900 3838 expresse
1957 3744 2154 3818 dicit
2213 3746 2364 3817 Au-

825 3867 1200 3959 gustinus
1252 3866 1345 3937 ad
1382 3864 1787 3944 Orosium,
1837 3885 1907 3956 q.
1967 3866 2078 3937 59.
2121 3867 2370 3941 Quam-

827 3990 928 4054 vis
1011 4006 1216 4052 unum
1294 3986 1382 4048 sit
1449 3982 1796 4068 Baptisma
1882 3984 2364 4059 hoereticorum,

828 4105 944 4189 qui
975 4105 1044 4167 in
1085 4102 1353 4167 nomine
1390 4101 1624 4167 Patris
1654 4108 1713 4163 et
1757 4096 1926 4163 Filii
1972 4108 2032 4162 et
2075 4098 2375 4183 Spiritus

827 4222 1046 4287 saneti
1103 4221 1471 4305 baptizant,
1508 4228 1567 4282 et
1616 4216 1932 4282 Ecclesia»
1985 4218 2367 4293 Catholicoe,

833 4349 1052 4404 tamen
1109 4337 1223 4421 qui
1262 4336 1434 4417 foris
1493 4333 1856 4398 Ecclesiam
1916 4333 2367 4417 baptizantur,

825 4475 962 4520 non
1018 4462 1373 4517 sumuntur
1442 4450 1533 4515 ad
1597 4451 1918 4527 salutem,·
1975 4450 2054 4519 et
2117 4445 2374 4537 sequi-

825 4572 967 4640 tur
1007 4593 1020 4636 :
1069 4570 1368 4633 Ecclesia
1427 4588 1532 4632 eos
1582 4587 1718 4632 nou
1778 4566 2167 4651 rebaptizat,
2220 4567 2375 4651 quia

830 4691 904 4755 in
959 4689 1228 4754 nomine
1276 4687 1632 4753 Trinitatis
1679 4686 2006 4771 baptizati
2043 4695 2236 4751 sunt.

1279 4925 1936 4995 COMMENTARIUS.

621 5193 672 5242 1,
927 5156 1015 5244 (a)
1063 5156 1294 5221 Utrum
1323 5153 1610 5218 malitia.
1657 5150 1791 5217 Sub
1824 5148 2064 5215 malitia
2098 5148 2382 5215 ministri

558 5254 754 5367 nffiffssa
839 5271 1333 5361 comprehendit
1390 5273 1623 5336 Doctor
1681 5266 2163 5353 improbitatem
2235 5265 2384 5333 vitae

842 5389 1052 5481 quoad
1097 5401 1410 5466 mores,et
1441 5384 1745 5451 haeresim
1780 5403 1854 5449 ac
1884 5381 2196 5458 schisma,
2235 5403 2383 5469 quae

548 5379 770 5430 ministri

495 5458 604 5493 com
641 5444 819 5493 rehen-

638 5505 718 5555 Μ
844 5517 1146 5596 separant
1184 5525 1219 5572 a
1258 5522 1531 5590 corpore
1586 5500 1918 5577 Ecclesiae,
1956 5508 2273 5585 quantum
2306 5498 2382 5564 ad

2034 312 2180 377 Lm.
2213 314 2313 376 lv.
2364 312 2962 379 summanum

2461 477 2653 546 fidem
2685 491 2751 546 et
2777 480 3181 552 charitatem.
3212 480 3391 547 Solet
3427 479 3509 545 ab
3535 479 3666 545 aliis
3703 487 3898 568 proponi

2460 597 2773 683 quaestio:
2830 601 2954 678 Aa,
3021 597 3295 676 scilicet,
3367 596 3654 683 probitas
3713 609 3760 662 et
3798 601 3899 680 fida

2463 713 2759 779 ministri
2789 714 3227 801 requirantur
3266 713 3359 779 ad
3412 711 3694 778 valorem
3742 715 3903 780 Sacro·

2461 830 2668 894 meuti
2699 829 3032 916 Baptismi
3060 831 3092 895 P
3112 842 3175 896 et
3197 829 3473 917 perinde
3504 839 3597 894 ωε
3622 828 3693 893 de
3714 829 3822 895 aliis
3840 834 3907 896 Sa·

2462 944 2812 1011 oramentis
2834 944 2898 1009 in
2932 963 3196 1031 genere.
3232 941 3506 1029 Requiri
3554 956 3741 1007 autem
3761 940 3905 1009 fidem,

2464 1059 2550 1125 ita
2594 1072 2663 1127 ut
2721 1062 2803 1126 ab
2870 1060 3204 1127 haereticis
3265 1072 3329 1125 et
3390 1058 3787 1124 schismaticis
3828 1080 3907 1124 uun

2463 1177 2847 1246 conficiatur
2920 1178 3419 1242 Sacramentum
3485 1172 3703 1252 valide,
3746 1176 3909 1261 primus

2466 1295 2725 1363 videtur
2778 1292 3080 1359 docuisse
3109 1291 3541 1377 AgrippinuS,
3586 1290 3684 1376 qui
3713 1274 3953 1376 pluribus:

2466 1411 2657 1479 annis
2723 1409 3055 1496 praecessit
3103 1407 3504 1494 cyprianum
3556 1406 3618 1470 in
3658 1404 3789 1469 Sede
3821 1409 3945 1470 (Iar-⁸

2469 1523 2867 1612 thaginensi,
2945 1537 3017 1590 ut
3082 1523 3223 1606 ipse
3278 1520 3641 1608 Cyprianus
3689 1519 3832 1585 docet
3877 1524 3915 1584 in

2470 1645 2670 1729 epist.
2725 1640 2816 1707 ad
2864 1641 3297 1718 lubaianum,
3356 1648 3636 1725 qucewest
3662 1641 3753 1703 73.
3781 1636 3921 1701 docuit

2471 1760 2652 1826 inter
2678 1756 3027 1823 haereticos
3058 1768 3122 1822 et
3152 1737 3612 1822 schismaticos
3641 1775 3752 1820 non
3791 1753 3923 1819 tuisse

2475 1895 2700 1940 verum
2736 1873 3092 1959 Baptisma‚
3131 1893 3206 1938 ac
3240 1871 3521 1959 proinde
3568 1872 3851 1936 venientes
3880 1868 3925 1932 ad

2475 1991 2666 2057 fidem
2743 1990 3240 2076 rebaptizandos
3319 1989 3555 2055 docuit
3619 1989 3676 2052 in
3736 1987 3929 2052 Concilio

2472 2107 2691 2194 aliquo
2723 2105 3139 2193 provinciali,
3182 2106 3333 2192 quia
3373 2105 3435 2169 id
3471 2103 3669 2169 moris
3704 2117 3814 2169 tum
3839 2101 3928 2176 fuit„

2477 2234 2547 2290 ut
2601 2223 2897 2289 doctrina
2961 2221 3359 2289 universalis
3421 2221 3489 2286 in
3540 2218 3810 2285 Conciliis
3843 2237 3934 2302 pro·

2477 2349 2865 2426 ponet-etum
2948 2350 3011 2404 et
3068 2337 3437 2424 Cyprianus
3487 2335 3695 2401 innuit
3747 2336 3806 2398 in
3851 2335 3934 2416 epi-

2474 2457 2643 2551 stola
2677 2459 2786 2521 71.
2833 2455 2923 2521 ita
2959 2456 3213 2522 factum·
3242 2474 3391 2521 esse
3429 2453 3516 2519 ab
3558 2450 3939 2539 Agrippinas

2477 2571 2750 2659 epistola
2792 2570 3075 2656 praefata
3171 2573 3234 2634 3.
3283 2569 3420 2634 Sub
3468 2569 3833 2655 Agrippino,
3883 2563 3937 2626 in·

2478 2683 2644 2772 quit,
2726 2685 2909 2749 bonsc
2968 2683 3302 2748 memorioe
3351 2682 3502 2746 viro
3581 2680 3941 2746 conuenientes

2477 2803 2551 2866 in
2617 2821 2843 2878 unum,
2893 2800 3209 2886 Episcopi
3274 2798 3568 2884 plurimi
3643 2798 3749 2861 hoc
3802 2797 3938 2858 statu-

2477 2929 2693 2993 erunt,
2719 2929 2840 2982 etc.
2872 2919 3019 2981 Post
3054 2915 3491 3001 Agrippinum
3520 2914 3686 2978 idem
3717 2923 3942 2978 statutum

2478 3044 2578 3100 est
2609 3034 2689 3098 ab
2733 3031 2877 3097 aliis
2916 3029 3115 3097 Iconii
3146 3029 3593 3114 congregatis,
3648 3025 3797 3114 quod
3828 3043 3945 3088 secu·

2479 3162 2585 3215 tus
2670 3160 2767 3216 est
2841 3167 2992 3214 mox
3030 3144 3418 3233 CyprianuS,
3485 3156 3558 3210 ut
3617 3164 3691 3209 ex
3748 3138 3950 3229 praelatis
4053 3126 4056 3225 l

2480 3264 2775 3351 epistolis
2834 3274 2894 3329 et
2955 3261 3257 3327 Conciliis
3315 3261 3439 3326 sub
3490 3281 3569 3325 eo
3611 3257 3822 3325 habitis
3853 3274 3947 3320 con·

2482 3392 2631 3449 stat.
2668 3382 3146 3447 successerunt
3175 3375 3551 3454 Novatiani,
3607 3374 3713 3462 qui
3769 3367 3950 3437 addide-

2483 3510 2632 3566 runt
2659 3509 2995 3585 praeterea,
3039 3515 3251 3583 neque
3281 3494 3611 3580 Baptisma
3640 3492 3715 3558 ab
3741 3484 3951 3574 improbo

2482 3615 2709 3683 datum
2765 3614 3005 3691 valere,
3059 3612 3229 3700 quod
3285 3610 3505 3678 docuit
3577 3606 3951 3676 parmenianus

2482 3734 2562 3798 de
2602 3731 2947 3805 manifesto
2982 3740 3339 3816 peccatore,
3376 3727 3555 3812 apud
3599 3722 4056 3849 Augustinumfffl

2485 3840 2600 3915 lib.
2646 3850 2707 3913 Ξ.
2754 3857 2984 3912 contra
3016 3843 3312 3910 eumdem
3353 3864 3502 3929 cap.
3557 3847 3620 3909 1.
3653 3839 3797 3927 quin
3823 3835 4056 3922 etiam&

2485 3962 2539 4028 si
2579 3959 2871 4027 occultus
2911 3970 3106 4039 esset,
3162 3977 3291 4023 non
3329 3957 3551 4023 valere
3611 3954 3947 4040 Baptismum,

2489 4090 2557 4145 ut
2607 4076 2996 4144 Cresconius
3026 4076 3208 4162 apud
3237 4078 3245 4087 '
3274 4074 3577 4141 eumdem
3621 4072 3729 4139 lib.
3770 4075 3824 4136 2.
3863 4087 3958 4132 con·

2486 4208 2591 4263 tra
2671 4193 3119 4270 Cresconium,
3240 4214 3384 4279 cap.
3508 4193 3628 4256 28.
3728 4191 3961 4255 Erras-unt

2488 4308 2866 4398 Apostolici,
2900 4308 3009 4396 qui
3042 4307 3210 4394 apud
3245 4306 3648 4372 Bernardum
3684 4324 3852 4369 serm.
3892 4301 3959 4362 66.
3984 4360 4056 4424 w

2488 4429 2557 4494 in
2615 4427 2921 4503 Cantica,
2983 4423 3154 4490 idem
3214 4423 3293 4488 de
3330 4422 3775 4508 peccatoribus
3832 4404 4056 4533 doen-{³5⁶¹

2489 4554 2705 4625 erunt,
2765 4542 2936 4609 sicut
2982 4552 3045 4607 et
3098 4538 3509 4607 Waldenses
3562 4538 3729 4626 apud
3771 4528 3963 4601 Antoni·

2492 4681 2647 4727 num
2714 4661 2815 4725 tit.
2885 4662 2989 4725 11.
3050 4678 3199 4743 cap.
3284 4662 3347 4725 7.
3427 4656 3610 4723 addit
3686 4598 4056 4786 Witclefffilzg

2492 4777 2665 4863 quod
2726 4796 2937 4863 neque
2997 4773 3308 4859 praesciti,
3373 4773 3546 4859 apu'd
3618 4768 3963 4840 Waldensem

2494 4905 2648 4958 tom.
2693 4894 2733 4957 Ξ
2791 4890 2875 4956 de
2928 4891 3239 4956 Sacram.
3293 4911 3443 4976 cap.
3496 4894 3606 4957 14.
3667 4886 3969 4954 damnantur
4054 4874 4055 4877 ’

2496 5013 2561 5077 in
2649 5006 3130 5074 constantiensi
3211 5027 3375 5072 sess.
3450 5008 3515 5073 8.
3612 5009 3698 5071 De
3763 4992 3968 5083 antiquis

2500 5124 2921 5191 Luciferianis
2959 5123 3280 5189 incertum
3328 5131 3428 5187 est
3464 5141 3548 5188 an
3591 5121 3656 5187 in
3708 5120 3814 5184 hac
3854 5127 3969 5199 quae·

2496 5243 2710 5308 stione
2757 5239 3036 5305 errarint
3082 5238 3250 5304 circa
3308 5236 3771 5303 ordinationem
3823 5233 3970 5295 Sacer·

2497 5366 2720 5432 dotum
2770 5377 2833 5431 et
2891 5364 3391 5450 Episcoporum‚
3458 5360 3751 5451 quamvis
3797 5359 3970 5423 consul

2496 5508 2578 5559 ex
2636 5489 2917 5576 dialogis
2982 5488 3368 5575 Hieronymi
3439 5499 3664 5555 contra
3738 5475 3966 5550 Hilarium
