4255 6375
458 2454 590 2505 'l'ext
599 2492 612 2506 .

380 2532 509 2567 com.
542 2517 616 2568 13.
645 2522 699 2567 et

475 2581 612 2631 indo.

414 4058 709 4111 Substantia

408 4137 679 4316 ξήρῇἑθί
741 4177 891 4253 est,
965 4173 1044 4243 et
1126 4170 1240 4243 sic
1294 4171 1740 4265 tripliciter
1818 4169 2275 4244 substantia

553 4270 577 4302 c
688 4288 702 4302 .

716 379 797 443 90
1853 384 1996 448 LIB.
2052 384 2153 450 lv,
2187 380 2785 452 SENTENTIARUM

718 540 1076 636 ejusdem
1163 544 1513 623 rationis
1595 562 1779 620 cum
1873 543 2257 629 termino,

723 676 960 749 quem
1014 660 1412 751 producit.

812 776 894 850 Si
948 775 1201 851 instes
1250 779 1342 852 de
1408 778 1676 853 forma
1742 779 2263 853 substantiali

721 895 801 965 et
835 892 1227 984 qualitate
1257 899 1797 987 consequente
1829 915 2032 980 eam,
2057 896 2261 987 quod

722 1008 863 1080 illa
897 1011 1249 1102 qualitas
1283 1019 1670 1103 sequatur
1701 1011 2053 1086 formam
2088 1012 2256 1084 sub·

721 1127 1200 1201 stantialem
1264 1129 1758 1221 generantis,
1832 1134 1910 1203 et
1989 1135 2260 1205 tamen

722 1241 996 1336 aliquo
1049 1246 1282 1316 modo
1314 1249 1438 1318 est
1478 1266 1726 1319 causa
1769 1246 2053 1318 formae
2087 1244 2262 1317 sub-

724 1359 1145 1435 stantialis
1189 1361 1442 1454 ipsius
1484 1363 1779 1454 geniti;
1832 1364 2024 1438 licet
2063 1383 2262 1455 ergo

728 1473 999 1550 forma
1082 1479 1645 1554 substantialis
1731 1487 1810 1555 et
1908 1481 2263 1573 qualitas

729 1596 1069 1687 propria
1156 1597 1591 1670 secundum
1688 1617 1939 1689 genus
2027 1618 2262 1669 suum

724 1710 1070 1787 habeant
1103 1713 1493 1798 ordinem,
1541 1715 1728 1807 quia
1776 1714 2047 1787 forma
2088 1712 2262 1786 sub·

726 1831 1140 1908 stantialis
1215 1833 1342 1902 est
1421 1829 1677 1919 prior,
1748 1849 1906 1901 non
1986 1832 2262 1903 tamen

722 1948 1096 2042 quaelibet
1157 1945 1536 2038 qualibet,
1573 1945 1738 2017 imo
1775 1949 2265 2019 tantummo-

720 2068 816 2139 do
890 2066 970 2138 in
1050 2082 1555 2157 quocumque
1630 2063 1931 2146 eodem,
1996 2062 2265 2135 forma

724 2179 1290 2256 substantialis
1331 2182 1455 2254 est
1515 2178 1747 2273 prior
1815 2199 1961 2252 sua
2010 2179 2265 2272 quali-

724 2304 920 2381 tate,
983 2298 1176 2372 licet
1238 2297 1321 2370 in
1384 2296 1548 2369 alio
1610 2301 1688 2370 et
1761 2297 1924 2369 alio
2008 2296 2267 2389 possit

728 2416 1079 2510 qualitas
1141 2414 1593 2508 praecedere
1661 2414 2013 2486 formam
2083 2412 2266 2485 sub-

731 2530 1227 2605 stantialem.
1313 2533 1414 2603 Et
1490 2529 2030 2604 confirmatur
2123 2549 2268 2622 per

731 2648 921 2721 illud
993 2647 1467 2741 Philosophi
1531 2650 1599 2722 9.
1656 2651 1941 2736 Metaph.
1977 2672 2033 2718 c.
2067 2650 2134 2721 7.
2175 2648 2266 2720 de

728 2765 1093 2859 potentia
1168 2768 1247 2838 et
1307 2770 1518 2847 actu,
1580 2764 1713 2837 ubi
1787 2763 1987 2846 vult,
2059 2767 2266 2857 quod

724 2886 955 2956 actus
1000 2880 1489 2973 simpliciter
1556 2879 1942 2974 praecedit
2005 2896 2269 2973 poten-

724 2999 926 3072 tiam
967 3002 1361 3090 tempore,
1403 3003 1484 3072 et
1523 3003 1796 3073 tamen
1837 2997 1918 3069 in
1960 2998 2261 3082 eodem,

727 3114 1093 3210 potentia
1135 3114 1517 3205 praecedit
1559 3116 1834 3185 actum
1868 3119 2261 3207 tempore.

815 3232 1317 3326 RespondeO,
1378 3232 1580 3324 quod
1651 3231 2025 3324 quaelibet
2084 3232 2267 3304 sub-

730 3349 1036 3426 stantia
1101 3350 1458 3443 ejusdem
1527 3350 1823 3443 speciei
1884 3351 2267 3444 praecedit

730 3467 1207 3560 qualitatem
1232 3465 1699 3558 quamlibet,
1721 3487 1817 3539 eo
1842 3467 2074 3540 modo
2110 3488 2268 3559 quo

731 3583 1185 3659 substantia
1228 3584 1663 3655 secundum
1706 3586 1971 3656 totum
2014 3604 2267 3677 genus

728 3724 965 3776 suum
1017 3702 1397 3797 praecedit
1465 3703 1943 3796 qualitatem
1996 3724 2269 3777 secun-

729 3822 917 3894 dum
1001 3839 1253 3912 genus
1296 3839 1555 3900 suum,
1620 3819 1933 3894 scilicet
1998 3820 2270 3893 defini-

736 3938 983 4021 tione,
1035 3936 1501 4028 cognitione
1568 3941 1648 4011 et
1689 3942 2082 4029 tempore,
2116 3937 2270 4011 hoc

738 4056 889 4137 est,
944 4053 1582 4147 separabilitate,
1627 4058 2016 4146 quantum
2063 4054 2144 4126 in
2190 4076 2273 4125 se

742 4287 996 4382 geniti
1059 4288 1437 4380 praecedit
1498 4287 1978 4380 qualitatem
2046 4306 2279 4378 gene-

743 4403 1030 4485 rantis,
1067 4403 1258 4478 licet
1317 4423 1476 4476 non
1522 4408 1917 4496 tempore,
1983 4403 2056 4476 id
2121 4408 2271 4484 est,

738 4520 1175 4615 temporali
1241 4519 1369 4591 vel
1465 4518 1763 4593 actuali
1846 4519 2277 4593 duratione

736 4640 977 4712 extra
1041 4655 1399 4718 causam,
1489 4656 1633 4708 nec
1712 4635 1826 4708 sic
1887 4634 2276 4727 intelligit

743 4750 1306 4844 Philosophus,
1343 4754 1432 4823 ut
1473 4750 1888 4843 supponis„
1933 4753 2034 4824 Et
2092 4772 2276 4823 cum

738 4869 938 4945 dicis
971 4868 1448 4962 qualitatem
1483 4868 1951 4958 generantis
1989 4888 2277 4960 praece-

741 4989 928 5061 dere
979 4984 1524 5060 substantiam
1567 4982 1844 5074 geniti,
1891 4989 1979 5056 ut
2031 5003 2280 5056 causa

741 5103 1142 5180 effectum,
1215 5100 1513 5173 falsum
1580 5102 1755 5180 est;
1821 5098 1954 5172 sed
2014 5100 2279 5172 solum

741 5218 1201 5313 hujusmodi
1247 5216 1600 5310 qualitas
1649 5218 1771 5288 est
1814 5234 2063 5289 causa
2096 5236 2282 5308 qua-

743 5327 1005 5403 litatis
1035 5324 1526 5421 disponentis
1559 5325 1652 5397 ad
1706 5323 2057 5396 formam
2105 5325 2281 5397 sub-

745 5444 1238 5528 stantialem,
1301 5448 1382 5518 et
1453 5464 1602 5539 pro
1663 5447 1898 5518 tanto
1983 5442 2285 5518 dicitur

746 5562 1327 5664 quodammodo
1418 5584 1599 5638 esse
1672 5581 1923 5637 causa
1998 5560 2280 5656 geniti,

2374 545 2567 620 licet
2678 545 2830 620 hoc
2944 546 3052 621 sit
3135 548 3365 622 valde
3462 543 3913 621 extensive.

2464 664 2940 741 Auctoritas
3014 664 3489 758 Philosophi
3556 684 3718 736 non
3788 663 3922 734 est

2376 781 2471 854 ad
2551 782 3092 874 propositum,
3168 783 3353 875 quia
3446 786 3706 860 actus,
3782 779 3925 870 qui

2374 902 2499 972 est
2537 898 2771 990 prior
2811 906 3181 992 tempore
3244 898 3463 972 omni
3524 896 3922 990 potentia,

2374 1034 2533 1086 non
2602 1021 2728 1090 est
2790 1017 3084 1108 aliquis
3137 1021 3369 1090 actus
3432 1012 3923 1095 materialis,

2376 1133 2510 1206 sed
2592 1133 3080 1227 simpliciter
3158 1132 3765 1213 immaterialis,
3835 1136 3928 1206 ut

2378 1251 2600 1340 patet
2662 1253 2909 1318 ibidem
2967 1256 3041 1318 in
3096 1255 3233 1335 fine
3304 1252 3609 1337 capituli.
3670 1246 3923 1322 Ratio

2376 1368 2649 1438 autem
2728 1367 3092 1458 procedit
3151 1367 3243 1438 de
3304 1365 3443 1438 illo
3494 1370 3709 1446 actu,
3783 1364 3925 1456 qui

2377 1481 2797 1575 posterior
2905 1483 3028 1556 est
3134 1483 3570 1556 secundum
3665 1501 3925 1572 genus

2378 1619 2612 1670 suum
2649 1602 2909 1672 totum
2950 1598 3127 1690 ipsa
3171 1597 3536 1691 potentia
3581 1598 3929 1690 recepti·

2375 1735 2507 1797 va;
2557 1715 2728 1787 ideo
2771 1735 2930 1788 non
2969 1715 3213 1789 valet.
3242 1718 3340 1787 Et
3372 1715 3677 1789 iterum
3709 1714 3927 1788 istud

2375 1832 2467 1903 de
2541 1832 2914 1914 materia,
2961 1836 3042 1905 et
3093 1829 3508 1903 conclusio
3574 1830 3930 1903 secunda

2380 1945 2812 2020 manifesta
2855 1952 3041 2021 sunt
3082 1948 3290 2040 apud
3352 1946 3922 2039 Philosophos‚

2378 2062 2511 2155 qui
2575 2069 3023 2155 posuerunt
3101 2064 3466 2137 ordinem
3539 2065 3931 2136 secunda-

2380 2199 2561 2252 rum
2594 2199 3033 2252 causarum
3068 2202 3246 2253 esse
3283 2179 3779 2273 simpliciter
3800 2201 3929 2253 ne·

2378 2296 2855 2381 cessarium,
2903 2297 3019 2370 ita
3095 2298 3301 2389 quod
3344 2294 3613 2369 forma
3678 2302 3927 2371 mate·

2381 2411 2612 2485 rialis
2688 2434 2846 2487 non
2924 2419 3191 2508 potest
3233 2415 3331 2488 ab
3386 2416 3550 2488 alio
3630 2421 3930 2507 agente

2384 2531 2740 2623 produci,
2775 2531 2933 2603 nisi
2967 2536 3508 2605 concurrente
3542 2532 3925 2613 materia,

2378 2651 2765 2738 tanquam
2798 2667 3048 2720 causa
3072 2649 3541 2721 necessaria
3569 2668 3932 2741 praesup-

2380 2764 2650 2857 posita
2700 2765 3053 2838 termino
3098 2764 3680 2857 productionis

2468 2883 2550 2957 Si
2575 2902 2920 2975 quaeras,
2957 2902 3059 2953 an
3098 2903 3198 2955 ex
3228 2883 3463 2956 dictis
3502 2884 3766 2975 possit
3798 2883 3932 2956 ha·

2376 2999 2551 3073 beri
2614 2999 3130 3092 propositum
3187 3000 3279 3072 de
3366 2998 3638 3072 anima
3700 3000 3932 3075 intel·

2380 3115 2723 3190 lectiva?
2766 3115 3269 3209 Respondeo‚
3326 3114 3697 3209 quidquid
3753 3115 3930 3190 Phi-

2379 3231 2703 3324 losophi
2741 3232 3145 3306 senserint
3179 3232 3270 3305 de
3302 3253 3421 3315 ea,
3458 3252 3561 3304 an
3592 3239 3931 3307 creetur

2380 3349 2510 3420 Vel
2548 3368 2734 3430 non,
2771 3350 3160 3439 tangetur
3199 3352 3354 3419 disc.
3377 3351 3458 3417 de
3490 3354 3925 3417 resurrectio·
3955 3349 4188 3468 dAtaqt

2380 3489 2485 3547 ne,
2517 3464 2648 3537 sed
2680 3485 2779 3536 ex
2812 3465 3470 3539 conclusionibus
3510 3465 3922 3558 praedictis
3948 3479 4171 3532 mmm

2387 3580 2841 3656 ostenditur
2926 3581 3439 3674 propositum
3526 3581 3617 3654 de
3694 3581 3923 3675 ipsa;
3977 3602 4189 3655 emma*

2386 3718 2546 3770 non
2577 3697 2790 3770 enim
2827 3702 3095 3790 potest
3126 3698 3396 3770 creari
3438 3698 3536 3770 ab
3585 3682 4167 3790 Ange10,m5m

2394 3819 2612 3907 patet
2644 3835 2741 3887 ex
2778 3814 3044 3907 prima
3080 3839 3095 3895 ;
3140 3834 3285 3887 nec
3316 3832 3364 3885 a
3422 3833 3932 3908 quacumque

2388 3936 2686 4006 natura
2729 3953 2951 4005 mere
3018 3932 3554 4006 intellectuali
3623 3938 3930 4014 creata,

2391 4051 2613 4139 patet
2658 4066 2801 4138 per
2843 4044 3083 4129 idem;
3120 4067 3265 4118 nec
3297 4046 3396 4119 ab
3437 4047 3711 4139 aliqua
3753 4067 3935 4120 cor·

2388 4162 2656 4255 porali
2692 4162 3172 4245 substantia,
3200 4162 3367 4235 sive
3403 4183 3549 4256 per
3580 4163 3933 4236 formam

2391 4278 3038 4360 substantialem,
3080 4278 3249 4350 sive
3306 4300 3450 4372 per
3490 4280 3934 4355 accidenta-

2391 4401 2583 4480 lem,
2630 4397 2818 4489 quia
2854 4399 3028 4490 ipsa
3073 4395 3346 4469 anima
3388 4402 3510 4471 est
3571 4398 3930 4474 nobilior

2392 4534 2893 4609 quacumque
2944 4512 3214 4585 forma
3246 4514 3770 4588 substantiali
3814 4516 3935 4588 vel

2392 4630 2895 4713 accidentali;
2967 4629 3236 4702 forma
3297 4632 3570 4703 autem
3630 4631 3930 4723 ignobi-

2392 4750 2556 4824 lior
2603 4768 2763 4820 non
2832 4750 2955 4820 est
3013 4746 3506 4840 principium
3576 4747 3935 4823 activum

2394 4869 2488 4942 ad
2573 4864 3160 4959 producendum
3229 4864 3773 4950 nobiliorem;
3824 4869 3932 4942 sic

2394 4987 2618 5079 patet
2693 4982 3236 5076 propositum,
3322 4982 3637 5058 scilicet
3730 4985 3932 5079 quod

2393 5099 2619 5171 nulla
2651 5101 3037 5172 creatura
3073 5100 3342 5191 potest
3366 5097 3932 5192 principaliter

2396 5237 2708 5291 creare.
