4255 6375
783 393 898 456 5298

773 558 841 620 in
907 558 1130 638 specie
1194 557 1279 621 de
1351 558 1628 639 singulis
1698 558 2153 622 sacramentis.

510 670 685 784 Τξξίἰα
850 676 1069 737 Τ31113
1119 677 1350 756 regula
1395 697 1410 738 :
1470 678 1742 738 Mutatio
1784 676 1967 751 sacta
2003 677 2072 738 in
2096 676 2324 751 forma

434 811 551 909 ατς
589 798 742 909 133&-
777 796 998 853 animo
1038 794 1385 856 inducendi
1427 809 1739 867 errorem,
1772 794 1963 854 modo
2009 791 2133 853 illa
2174 806 2322 850 ma-

459 919 708 971 Richard.
776 913 945 981 neat,
1005 913 1224 986 quoad
1286 927 1536 972 sensum
1605 907 2117 981 substantialem,
2195 922 2325 968 non

436 985 742 1095 fflffffffufff‘
780 1031 869 1085 est
921 1025 1388 1088 substantialis.
1443 1028 1554 1089 Est
1604 1031 1829 1087 contra
1872 1028 1947 1088 D.
2003 1025 2323 1086 'rhomam

466 1107 673 1157 Durand
685 1144 696 1158 .

523 1171 658 1221 Soto.
778 1146 995 1219 quaest.
1054 1143 1154 1203 66.
1214 1150 1339 1205 art.
1399 1146 1457 1207 8.
1521 1141 1908 1205 Richardum
1946 1143 2051 1203 hic
2087 1147 2211 1203 art.
2259 1143 2319 1201 2.

437 1232 1185 1345 ΕᾷᾞωὲξζΓἈ1133333313
1239 1266 1456 1336 quaest.
1503 1263 1567 1323 2.
1613 1256 1968 1321 Adrianum
2019 1261 2082 1318 31
2135 1258 2320 1319 31103.

480 1370 714 1469 anssffiat
778 1374 1119 1447 Probatur,
1151 1377 1300 1455 quia
1348 1377 1569 1449 Graect,
1618 1384 1690 1438 ut
1733 1374 1936 1441 refert
1974 1375 2325 1439 Durandus

437 1482 731 1593 Saltim-aen·
782 1495 846 1551 et
905 1491 1118 1564 50133,
1161 1492 1266 1553 vel
1322 1492 1522 1568 aliqui
1578 1508 1828 1566 eorum,
1896 1498 1969 1554 ut
2022 1490 2327 1554 moderni

435 1582 751 1720 Ἧᾱιὲῃῗξῖεἰῑ
778 1603 956 1681 apud
996 1605 1349 1667 Arcudium
1398 1624 1632 1684 supra;
1684 1612 1751 1668 et
1795 1607 1992 1685 aliqui
2037 1622 2118 1668 ex
2162 1610 2325 1670 3311-

699 1709 711 1723 ’
779 1722 925 1799 quis
968 1723 1147 1801 apud
1179 1726 1664 1797 innocentium,
1693 1725 1782 1785 ita
1810 1729 2089 1786 utuntur
2117 1723 2325 1786 forma

779 1837 1109 1917 Baptismi,
1180 1844 1255 1902 ut
1317 1845 1553 1919 putent
1623 1857 1771 1904 eam
1841 1860 1988 1906 esse
2058 1846 2323 1905 omnino

776 1955 1242 2031 necessariam,
1308 1961 1374 2018 et
1428 1955 1707 2019 formam
1758 1958 2129 2021 Latinorum
2179 1956 2318 2019 nul-

776 2072 928 2148 lam,
961 2079 1179 2135 tamen
1221 2073 1435 2136 valide
1482 2074 1836 2152 baptizant,
1881 2075 2077 2137 modo
2108 2076 2323 2136 salve-

779 2195 883 2250 tur
923 2188 1224 2265 13133110,
1267 2206 1411 2268 quae
1452 2191 1505 2251 si
1553 2188 1834 2265 deficiat,
1889 2190 2148 2252 33111133
2195 2206 2325 2252 303

779 2310 880 2367 331
922 2321 1006 2366 ex
1050 2303 1317 2369 defectu
1345 2304 1589 2379 formae,
1636 2304 1759 2367 sed
1801 2307 2204 2368 intentionis.

860 2422 1241 2502 Respondet
1272 2424 1619 2487 Durandus
1649 2431 1716 2486 et
1746 2427 1962 2498 Sotus,
1997 2423 2061 2486 id
2093 2440 2321 2486 verum

780 2557 950 2613 esse,
997 2539 1197 2602 modo
1269 2542 1428 2603 ritus
1496 2541 1784 2619 ipsorum
1859 2542 2175 2606 toleretur
2242 2543 2324 2604 ab

440 2424 721 2489 Responsio
731 2465 744 2479 .

461 2487 727 2600 Impggna-

777 2665 1089 2737 Ecclesia,
1140 2680 1336 2727 secus
1393 2666 1446 2725 si
1504 2667 1900 2727 contrarium
1958 2667 2317 2744 contingat.

433 2772 750 2885 soffissssugon
777 2784 1041 2856 Contra,
1091 2782 1272 2862 quod
1301 2785 1465 2847 ritus
1498 2783 1834 2856 toleretur,
1862 2784 1968 2845 vel
2001 2800 2158 2855 non,
2192 2800 2323 2846 non

463 2899 716 3011 derggdet
777 2899 931 2962 facit
974 2899 1057 2961 ad
1103 2903 1458 2962 essentiam
1519 2897 1765 2973 formae,
1824 2915 1966 2978 quae
2027 2915 2158 2960 non
2203 2897 2327 2961 de-

470 3024 709 3076 Ecclesia.
780 3014 1032 3095 pendet
1061 3018 1127 3078 13
1155 3031 1360 3076 sensu
1405 3031 1525 3078 suo
1576 3016 1658 3077 ab
1713 3015 1999 3078 Ecclesia
2050 3020 2163 3076 aut
2211 3017 2324 3078 mi-

781 3134 1004 3205 nistr0,
1039 3133 1159 3196 sed
1190 3151 1224 3195 3
1257 3133 1394 3196 3013
1424 3135 1828 3198 133111311033
1857 3133 2127 3208 Christi;
2165 3151 2323 3215 ergo

777 3250 1093 3329 quamdiu
1143 3257 1366 3312 manet
1411 3251 1615 3314 torma
1662 3252 1884 3331 quoad
1927 3253 2239 3330 requisita
2288 3268 2325 3314 3

780 3366 1030 3430 Christo
1062 3366 1382 3440 instituta,
1417 3385 1683 3446 semper
1704 3372 1821 3432 erit
1853 3367 1936 3430 de
1966 3385 2039 3431 se
2072 3367 2325 3441 efficax,

781 3485 1101 3562 quantum
1134 3499 1213 3543 ex
1249 3486 1439 3559 parte
1485 3481 1728 3553 formae,
1779 3484 1930 3561 quia
1963 3483 2123 3544 31133
2155 3487 2332 3545 33331

783 3602 1042 3681 signum
1092 3601 1494 3679 aequivocum
1549 3606 1614 3662 et
1654 3599 1944 3672 fallibile,
1992 3601 2163 3663 sicut
2210 3618 2327 3663 au-

781 3724 910 3782 tem
964 3720 1275 3783 institutio
1345 3716 1567 3781 formae
1636 3737 1767 3782 non
1842 3719 2180 3799 dependet
2248 3721 2329 3781 ab

779 3837 1089 3909 Ecclesia,
1123 3836 1215 3897 313
1244 3853 1370 3898 333
1400 3852 1636 3900 333333
1689 3838 1835 3918 ejus
1889 3837 2333 3901 substantialis

781 3961 848 4019 31
886 3956 1399 4018 33313133313113.

866 4070 1153 4149 Objicies
1211 4069 1714 4147 responsionem
1774 4070 2092 4132 Zachariae
2150 4069 2337 4148 Papae

783 4193 861 4253 de
901 4195 1264 4253 consecrat.
1307 4189 1452 4251 dist.
1497 4191 1554 4250 4.
1619 4208 1673 4250 3.
1719 4192 2116 4263 Retulerunt,
2165 4192 2333 4252 circa

781 4307 1222 4385 baptizantem
1253 4307 1320 4366 in
1346 4305 1602 4366 nomine
1639 4308 1866 4369 Patria
1912 4313 1967 4368 et
2002 4307 2171 4384 filia,
2205 4312 2331 4372 etc.

783 4423 895 4502 qui
963 4419 1363 4499 Baptismum
1440 4421 1736 4485 decernit
1804 4439 1951 4485 esse
2021 4422 2330 4493 validum,

782 4539 979 4605 modo
1024 4555 1159 4601 non
1214 4542 1431 4601 animo
1479 4539 1842 4603 inducendi
1893 4556 2184 4602 errorem
2241 4542 2336 4603 313

781 4659 1228 4739 baptizaverit.
1291 4659 1760 4738 Respondetur
1813 4659 2173 4730 desectum,
2224 4661 2334 4739 qui

786 4781 920 4840 tum
971 4777 1410 4856 contingeret,
1469 4793 1620 4839 esse
1679 4794 1760 4840 ex
1803 4775 2072 4840 defectu
2117 4780 2331 4841 inten-

784 4894 1003 4966 110313,
1050 4898 1277 4954 31303
1306 4889 1563 4956 formae.

559 5013 642 5063 29.
865 5011 1106 5087 Quarta
1137 5007 1368 5090 regula
1410 5029 1426 5071 :
1473 5008 1884 5086 Siqnillcatio
1922 5009 2159 5084 formae
2205 5026 2334 5071 non

496 5082 693 5208 9⁶35?
787 5129 1092 5206 dependet
1127 5126 1209 5188 ab
1255 5127 1599 5188 intentione
1640 5126 1942 5197 ministri,
1995 5125 2087 5185 ita
2125 5129 2196 5186 ut
2217 5141 2337 5201 per

509 5208 695 5332 ὃὲἷῦξῑ
787 5261 935 5307 eam
980 5244 1300 5307 reddatur
1342 5242 1592 5313 valida,
1624 5257 1766 5318 quai
1795 5239 1967 5300 alias
1988 5240 2119 5315 fuit
2151 5240 2333 5299 inva-

460 5334 734 5388 ⁸²¹²t⁶¹¹²i⁸·
787 5363 945 5438 lida,
1003 5362 1105 5425 vel
1132 5367 1436 5425 econtra.
1489 5360 1631 5422 Haec
1676 5362 1776 5420 331
1819 5361 2045 5419 303113
2095 5356 2338 5417 Suarez

788 5487 940 5544 tom.
992 5481 1053 5542 3.
1085 5480 1151 5540 in
1175 5477 1233 5542 3.
1261 5493 1333 5554 p.
1366 5479 1530 5555 disp.
1563 5477 1622 5538 2.
1654 5480 1797 5536 sect.
1845 5475 1904 5536 5.
1940 5475 2126 5551 ponit
2156 5472 2335 5535 enim

797 5612 1041 5668 casum,
1099 5596 1152 5658 si
1210 5592 1419 5656 forma
1473 5595 1556 5655 311
1621 5591 1953 5671 ambigua,
2001 5594 2065 5652 et
2103 5605 2338 5652 verum

468 4060 559 4130 Obj
566 4064 694 4114 ectio
705 4102 717 4116 .

1917 397 2061 459 Lm.
2093 397 2195 459 tv.
2230 397 2825 462 SENTRN'HARUM

2429 573 2701 621 sensum
2735 560 2882 641 ejus
2908 560 3210 623 intendat
3234 562 3544 633 minister,
3587 558 3769 621 valide
3807 577 3896 638 per

2433 690 2583 735 eam
2656 675 2978 739 conficere
3033 679 3564 751 Sacramentum;
3618 680 3664 739 si
3724 684 3898 738 3313111

2430 807 2703 854 33333111
2729 791 2966 855 falsum
2995 794 3316 870 intendat,
3352 794 3506 856 nihil
3543 792 3758 864 facere,
3801 810 3903 854 303

2430 909 2645 971 solum
2704 927 2787 973 ex
2844 909 3111 974 defectu
3165 912 3561 984 13133110313,
3607 910 3716 972 3311
3754 912 3905 971 etiam

2431 1025 2671 1088 formai.
2745 1026 3158 1090 Contrarium
3225 1028 3541 1107 probatur
3603 1043 3679 1088 ex
3741 1024 3909 1099 dictis,
3963 1086 4005 1122 a

2436 1142 2586 1221 quia
2614 1140 2838 1204 formae
2866 1140 3254 1222 significatio
3287 1139 3615 1219 dependet
3658 1141 3734 1201 ab
3773 1139 3912 1201 insti·
3944 1135 3989 1181 ‘1⁵³2

2434 1263 2686 1324 tutione
2734 1265 2802 1321 et
2858 1262 3317 1339 acceptatione
3377 1259 3712 1330 communi,
3755 1259 3803 1318 si
3841 1255 3918 1316 lo·

2437 1393 2712 1454 quamur
2755 1375 2840 1439 de
2888 1377 3201 1451 humana,
3243 1389 3396 1455 quae
3451 1380 3546 1436 est
3585 1390 3702 1453 per
3741 1378 3919 1434 aucto·

2436 1498 2694 1557 ritatem
2739 1494 3112 1573 publicam;
3166 1490 3346 1555 unde
3404 1492 3814 1554 intentionem
3848 1489 3923 1549 in-

2439 1615 2881 1689 terpretamur
2917 1629 3038 1690 per
3083 1613 3309 1680 verba,
3351 1626 3482 1670 303
3533 1626 3569 1669 3
3613 1612 3844 1676 303113,
3878 1609 3923 1664 31

2436 1729 2503 1790 13
2562 1729 3007 1791 3031133111133
3058 1735 3125 1790 31
3180 1725 3717 1789 transactionibus
3764 1727 3929 1784 statur

2432 1845 2676 1915 verbis,
2721 1860 2855 1905 non
2903 1844 3275 1912 intentioni,
3321 1857 3473 1922 quae
3522 1842 3743 1919 nequit
3785 1839 3930 1899 aliter

2439 1960 2750 2042 cognosci
2846 1977 3041 2039 quam
3114 1974 3233 2039 per
3296 1958 3523 2019 verba.
3577 1956 3751 2017 Sicut
3811 1967 3935 2029 ergo

2433 2080 2711 2142 intentio
2791 2078 3037 2156 privata
3090 2093 3226 2139 non
3284 2075 3397 2138 dat
3451 2073 3940 2155 significationem

2435 2195 2675 2268 verbis,
2742 2197 2829 2257 ita
2902 2210 3123 2275 neque
3193 2191 3731 2271 suppositionem,
3799 2186 3945 2267 (licet

2437 2314 2611 2376 enim
2639 2313 2705 2375 in
2736 2310 2965 2376 ordine
2995 2310 3080 2372 ad
3110 2314 3406 2388 seipsum
3439 2310 3661 2386 posset
3702 2307 3821 2366 1103
3864 2303 3941 2363 vel

2432 2429 2593 2501 illud
2640 2428 2989 2492 intendere
3039 2444 3158 2506 per
3213 2425 3460 2505 verba,)
3508 2424 3703 2487 verba
3758 2430 3936 2485 tamen

2438 2552 2596 2613 dant
2636 2544 3004 2624 intelligere
3054 2543 3201 2616 hoc,
3254 2539 3436 2620 quod
3483 2541 3828 2617 important
3849 2550 3939 2613 per

2437 2679 2855 2729 communem
2947 2661 3437 2740 impositionem
3547 2664 3612 2720 et
3682 2662 3939 2736 accepta·

2438 2786 2681 2847 tionem

2523 2900 2768 2964 Eadem
2838 2899 3092 2961 ratione
3178 2899 3360 2975 patet
3429 2891 3941 2975 significationem

2437 3017 2814 3097 practicam,
2847 3030 2991 3093 quae
3019 3029 3099 3075 ex
3134 3012 3535 3074 institutione
3564 3009 3814 3079 Christi,
3838 3020 3944 3066 303

2439 3130 2825 3213 dependere
2865 3132 2946 3194 ab
2990 3128 3357 3192 intentione
3416 3122 3810 3205 proferentis
3850 3123 3946 3199 pri·

2437 3258 2604 3323 vata,
2674 3267 2751 3313 33
2799 3246 3075 3327 proinde
3166 3245 3438 3307 intentio
3489 3238 3948 3304 accommodata

2438 3367 2663 3431 formae
2708 3367 2775 3427 in
2819 3380 3019 3427 sensu
3066 3360 3523 3426 sacramentali
3551 3376 3682 3423 non
3717 3365 3812 3421 est
3844 3353 4003 3462 pri-¹55³

2436 3489 2585 3547 vata
2604 3482 2874 3545 intentio
2901 3480 3194 3548 ministri,
3236 3478 3801 3558 qualitercumque
3821 3489 3954 3536 con-

2440 3606 2663 3678 cepta,
2754 3598 2872 3659 sed
2959 3595 3234 3657 intentio
3307 3590 3675 3654 communis
3789 3603 3952 3669 quam

2437 3717 2660 3785 habet,
2732 3719 2806 3776 ut
2876 3713 3172 3775 minister
3236 3710 3539 3771 Ecclesiae
3611 3715 3678 3770 et
3728 3705 3952 3775 Christi,

2444 3849 2587 3912 quae
2614 3832 2847 3893 salvari
2897 3833 3137 3908 potest,
3188 3831 3498 3890 manente
3540 3827 3788 3904 privata
3834 3837 3952 3882 cor·

2442 3953 2630 4027 rupta
2664 3963 2785 4027 per
2813 3959 3125 4007 errorem.
3160 3943 3290 4003 Hoc
3334 3958 3465 4002 non
3515 3945 3694 4002 esset
3735 3953 3956 4006 verum,

2443 4067 2496 4128 si
2539 4063 2815 4126 intentio
2867 4061 3116 4138 privata
3175 4059 3448 4121 ministri
3490 4061 3719 4135 posset
3758 4057 3958 4118 distra-

2441 4183 2600 4244 here
2646 4184 2759 4241 aut
2817 4177 3255 4239 determinare
3288 4173 3562 4235 formam
3598 4171 3814 4251 quoad
3841 4185 3958 4231 sen·

2442 4316 2615 4373 sum,
2642 4315 2798 4361 nam
2827 4296 3103 4358 Arianus
3134 4310 3218 4356 ex
3260 4307 3482 4356 errore
3512 4290 3741 4372 (quem
3772 4295 3958 4352 tamen

2442 4422 2510 4482 in
2551 4416 2761 4481 forma
2788 4430 2921 4476 303
2954 4408 3281 4491 exprimit)
3323 4411 3388 4470 in
3431 4407 3644 4470 forma
3682 4404 3956 4484 Baptismi

2444 4533 2729 4598 intendit
2756 4532 2990 4594 Filium
3021 4546 3153 4593 non
3185 4543 3334 4591 esse
3367 4523 3955 4589 consubstantialem

2443 4657 2635 4728 Patri,
2671 4668 2890 4731 neque
2920 4647 3302 4728 particulam
3348 4648 3415 4707 in
3457 4646 3715 4707 nomine
3780 4639 3956 4721 signi·

2442 4774 2640 4836 ficare
2709 4769 3031 4832 unitatem
3094 4767 3288 4829 trium
3343 4779 3797 4843 personarum,
3838 4773 3955 4839 quae

2443 4888 2714 4953 intentio
2749 4888 2892 4969 ejus
2919 4901 3051 4949 non
3084 4881 3382 4946 distrahit
3411 4879 3693 4943 formam
3722 4895 3758 4940 a
3785 4889 3953 4940 sensu

2444 5003 2924 5075 sacramentali,
2955 4999 3152 5064 modo
3182 4995 3484 5061 intendat
3524 4995 3817 5058 conferre
3856 4993 3948 5052 Ba·

2447 5122 2756 5202 ptismum
2796 5118 3058 5189 Christi;
3095 5119 3162 5177 et
3199 5115 3324 5176 hoc
3360 5113 3541 5183 ide0,
3590 5111 3740 5190 quia
3780 5108 3950 5170 forma

2448 5241 2513 5301 13
2567 5253 2685 5300 333
2749 5231 3228 5316 significatione
3298 5245 3431 5291 303
3505 5223 3830 5307 dependet
3883 5218 3945 5282 ab

2446 5354 2808 5417 intentione
2841 5351 2985 5430 ejus
3016 5349 3288 5427 privata,
3323 5345 3443 5407 sed
3473 5347 3554 5407 ab
3587 5340 3945 5407 institutione

2446 5469 2698 5533 Christi.

2533 5584 2629 5647 Ad
2660 5582 3071 5664 propositum
3115 5598 3274 5662 ergo
3327 5579 3612 5659 inquire,
3663 5594 3741 5642 an
3786 5574 3945 5637 forma
