4255 6375
1379 429 1579 493 Dls'r.
1610 429 1712 490 lv.
1745 423 2103 503 QUAESTIO
2134 424 2234 484 Vl.
3345 407 3463 474 457

230 595 429 662 ditur
456 600 906 685 congruentia,
953 620 1102 689 quae
1167 598 1526 667 secundum
1575 596 1788 682 legem
1904 585 2363 676 Interpretatio
2394 604 2551 670 ergo
2599 581 2780 669 prior
2818 599 2947 646 non
2991 586 3091 643 est
3121 569 3444 651 litteralis,

228 712 646 781 ordinariam
695 718 1003 798 sumitur,
1069 739 1198 784 non
1240 731 1458 784 autem
1510 714 1574 779 in
1635 733 1789 779 casu
1903 706 2016 775 sed
2050 702 2436 793 symbolica.
3405 802 3418 814 ·

227 851 315 916 1³¹·
321 831 612 919 ivilegii·
1992 826 2217 909 Neque
2272 826 2686 903 contemptus
2760 811 2952 899 legis,
3022 811 3447 880 sacramenti,

329 946 830 1036 Argumentum
862 953 1056 1018 etiam
1097 973 1180 1018 ex
1242 950 1629 1017 necessitate
1670 952 1790 1014 Ba-
1903 953 2016 1006 aut
2070 937 2302 1027 gratiae
2359 932 2765 1022 baptismalis
2813 930 2880 995 in
2924 949 3001 994 eo
3050 945 3227 1004 casu,
3272 935 3450 990 etex

148 1083 187 1117 ι.
228 1064 502 1149 pagan,
548 1066 691 1133 sive
740 1080 811 1135 ut
844 1067 1128 1134 medium
1171 1079 1295 1148 est,
1346 1068 1489 1134 Sive
1529 1079 1598 1132 ut
1630 1087 1792 1152 prae.
1904 1055 2258 1144 privilegio
2333 1051 2585 1118 notorio
2646 1046 2959 1136 praesumi
3036 1042 3267 1130 potuit,
3339 1050 3453 1105 aut

225 1195 534 1267 ceptum,
573 1204 698 1250 non
732 1201 944 1274 urget,
983 1188 1158 1275 quia,
1207 1199 1502 1273 utsupra
1543 1185 1786 1262 visum,
1904 1172 2073 1238 trahi
2163 1171 2228 1235 in
2321 1166 2718 1252 exemplum,
2826 1160 3223 1229 reclamante
3304 1158 3449 1242 lege

148 1273 174 1369 {²
227 1297 424 1365 illam
461 1320 590 1366 non
630 1315 725 1368 est
755 1304 1028 1370 sortitus
1062 1325 1269 1392 usque
1308 1303 1387 1369 ad
1421 1301 1792 1389 promulga-
1900 1289 2181 1356 loannis
2237 1290 2300 1352 3.
2367 1284 2665 1349 Malthaei
2720 1282 2979 1357 ultima,
3026 1297 3174 1365 quae
3240 1275 3449 1362 ipsius
3530 1340 3589 1389 ln
3621 1354 3747 1389 casu

224 1415 493 1483 tionem
535 1419 899 1505 Evangelii,
937 1432 1124 1486 antea
1166 1420 1286 1486 fuit
1327 1421 1449 1486 sub
1488 1418 1786 1503 consilio,
1903 1406 2073 1492 legis
2177 1400 2723 1491 promulgatione,
2795 1395 3256 1483 Apostolorum
3326 1391 3445 1457 do-
3480 1399 3801 1515 nggigigfpiit

229 1551 375 1596 non
443 1548 789 1620 praecepto,
862 1550 925 1602 et
1009 1537 1133 1603 alia
1207 1535 1492 1602 remedia
1531 1535 1794 1602 fuerunt
1902 1524 2134 1596 ctrina.
2227 1518 2527 1604 exemplo
2611 1514 3042 1593 credentium,
3115 1525 3178 1578 et
3237 1510 3448 1576 fructu
3599 1481 3775 1579 longa

229 1648 1075 1738 fructuosa.Nequeetiam
1110 1652 1336 1718 Glossa
1360 1672 1559 1738 super
1593 1651 1788 1717 illud:
1906 1637 2216 1725 Baptismi
2330 1644 2795 1710 evacuantur3
2900 1627 3173 1714 ideoque
3277 1637 3451 1692 Γθθῑθ

237 1768 384 1841 Qui
455 1768 624 1833 lotus
669 1781 760 1835 est
826 1791 961 1835 non
999 1770 1275 1856 indiqee,
1312 1780 1436 1836 etc.
1494 1770 1795 1837 similiter
1904 1760 1971 1824 S·
2016 1757 2301 1821 Thomas
2351 1755 2427 1818 2⁶⁷2
2475 1758 2538 1819 4·
2584 1750 2741 1816 Cli-³²·
2795 1750 2865 1812 2·
2918 1757 3050 1811 arl-
3105 1749 3169 1810 4·
3233 1742 3324 1809 ad
3380 1747 3445 1810 3·

230 1882 612 1962 convincit;
649 1905 730 1949 ex
772 1884 880 1950 illo
920 1886 1092 1951 enim
1119 1886 1257 1952 loco
1289 1885 1552 1952 adducit
1574 1891 1794 1973 Augu·
1907 1871 2145 1939 asserit
2187 1894 2201 1937 :
2262 1869 2470 1936 Credi
2524 1866 2790 1953 quidem
2829 1862 3174 1950 Apostolos
3240 1860 3453 1945 bapli·

148 2059 173 2092 „
234 1999 468 2065 Stinus
529 2001 666 2065 loco
696 2003 921 2081 citato,
978 2013 1438 2088 argumentum
1481 2023 1609 2089 quo
1651 2021 1795 2087 pro-
1907 2000 2088 2055 satos
2140 2002 2283 2052 'esse
2338 1986 2703 2071 BaptismO,
2767 1979 3068 2067 quamvis
3131 1977 3451 2064 scriptum

237 2117 356 2182 bet
417 2115 595 2201 ipsos
627 2115 831 2182 fuisse
913 2117 1292 2202 baptizatos,
1375 2129 1568 2205 atque
1633 2117 1795 2183 adeo
1905 2126 2041 2171 ⁷10st
2080 2103 2477 2190 reperiatur,
2543 2100 2603 2164 Si
2669 2109 2890 2163 lamen
2933 2095 3259 2173 Christus,
3336 2093 3452 2198 (Ιῖξὶ

237 2231 532 2319 intelligi
593 2233 901 2300 lotionem
975 2233 1454 2319 baptismalem,
1501 2245 1562 2299 ec
1589 2256 1788 2301 serm,
1906 2222 2137 2288 habuit
2166 2229 2548 2307 potestatem
2593 2214 2982 2282 remittendi
3015 2219 3307 2298 peccata,
3345 2229 3455 2275 eos

236 2347 327 2412 de
365 2347 572 2412 Coena
619 2348 893 2412 Domini
932 2358 1124 2413 eracl.
1161 2350 1268 2414 56.
1323 2350 1394 2413 in
1445 2349 1788 2428 Ioannem,
1904 2340 2051 2405 sine
2119 2336 2486 2424 Βαβίἱδηῑο,
2561 2354 2646 2399 ex
2713 2330 3078 2418 privileyio
3162 2325 3450 2413 quodam

148 2418 203 2518 ια’..
236 2463 638 2528 Ambrosius
670 2462 783 2528 lib,
820 2466 884 2528 3,
920 2463 1003 2528 de
1029 2464 1506 2544 Sao-ramentis,
1543 2486 1689 2551 cap,
1729 2470 1790 2530 1,
1904 2454 2329 2536 sanctificare
2416 2450 2744 2525 voluis-Sel,
2818 2457 2877 2512 el
2943 2446 3058 2531 qui
3141 2445 3452 2509 virtulem

148 2568 160 2640 ἰ
237 2576 691 2645 Tertullianus
754 2578 867 2646 lib.
932 2578 1012 2644 cle
1072 2580 1434 2665 Baptismo,
1480 2602 1625 2666 cap.
1685 2585 1789 2646 11.
1904 2591 2093 2636 suam
2169 2567 2625 2635 Sat-ramentis
2690 2586 2826 2630 non
2901 2563 3237 2650 alli-qanta,
3316 2579 3453 2625 non

148 2690 195 2767 Ξι.
235 2697 559 2785 quamvis
633 2696 958 2782 concipiat
1036 2697 1438 2784 Baptismum
1496 2698 1788 2779 joannis,
1905 2698 2065 2754 esset
2122 2687 2214 2752 ad
2270 2683 2801 2772 consequentiam
2846 2680 3265 2757 trahendum,
3321 2689 3444 2744 etc,

233 2814 604 2901 Gregorius
640 2815 752 2880 lib.
797 2816 860 2880 9.
907 2816 1062 2900 Req.
1108 2836 1256 2900 cap.
1305 2817 1413 2880 99.
1480 2814 1794 2881 Paciauus
1997 2807 2221 2891 Neque
2306 2801 2478 2868 aliud
2574 2801 2844 2886 insuper
2921 2798 3136 2863 Obstat
3210 2815 3291 2859 ex
3374 2813 3450 2859 ΕΟ

233 2933 529 3019 epistola
561 2937 621 2998 1.
671 2933 924 2997 Contra
964 2933 1399 3016 Ραιαῃὶαηοε,
1428 2931 1793 3018 Cyprianus
1905 2920 2075 3008 quod
2119 2941 2233 3007 per
2276 2917 2675 3005 Baptismum
2745 2914 2891 3002 quis
2951 2913 3038 2980 sit
3093 2931 3296 2998 capax
3329 2912 3446 2976 Su·
3476 2915 3672 3041 Resgign
3738 3015 3745 3022 υ

230 3069 444 3115 serm,
504 3048 584 3113 de
653 3048 856 3113 Coena
914 3049 1210 3126 Domini,
1274 3051 1348 3113 D.
1396 3047 1680 3114 Thomas
1720 3051 1783 3114 3,
1907 3047 2413 3113 oramentorum,
2449 3045 2511 3100 et
2542 3032 2907 3099 membrum
2950 3028 3256 3097 Ecclesiae
3292 3025 3447 3092 visi·
3537 3045 3682 3152 dtu}

227 3179 426 3254 part.
461 3175 685 3252 qaoesc.
721 3169 830 3233 38.
862 3174 992 3235 art.
1030 3167 1094 3232 8.
1140 3164 1233 3231 ad
1269 3169 1333 3232 3.
1380 3174 1444 3232 et
1494 3164 1787 3230 nonnulli
1910 3153 2083 3234 bilis.
2129 3163 2192 3219 et
2232 3150 2561 3239 professor
2609 3147 2758 3215 fidei
2806 3166 2880 3214 ac
2927 3144 3092 3233 legis
3147 3147 3448 3230 Evange-
3478 3117 3723 3231 cgngtiuiit
3764 3209 3780 3214 ..

235 3283 380 3351 alii.
1906 3268 2099 3347 licae;
2210 3267 2352 3333 haec
2444 3265 2618 3333 enim
2708 3262 2790 3332 de
2888 3262 3037 3350 lege
3121 3260 3450 3347 Baptismo
3506 3243 3758 3404 81,ἳὲυέ

3547 3369 3672 3417 egis,
3702 3369 3730 3402 e

330 3401 512 3477 Haec,
560 3397 847 3485 inquam,
921 3396 1077 3462 lotio
1119 3396 1401 3484 intelligi
1451 3376 1666 3485 potest
1717 3397 1796 3462 de
1905 3386 2309 3454 conveniunt
2357 3383 2466 3471 (et
2504 3380 2839 3469 supposita
2884 3377 3206 3447 sententia
3245 3379 3449 3465 Chry·
3552 3430 3736 3466 amone

240 3514 496 3579 lotione
534 3532 650 3598 per
689 3512 1089 3598 Baptismum
1137 3511 1405 3576 Ioannis
1463 3523 1527 3577 et
1580 3512 1794 3598 poeni·
1906 3501 2203 3580 sostomi,
2292 3497 2524 3566 Leonis
2614 3500 2829 3585 Papae,
2919 3494 3301 3562 Tertulliani
3390 3505 3454 3559 et
3509 3479 3765 3592 ωῇῗῐξζο·

245 3629 501 3707 tentiae,
549 3641 617 3693 ut
668 3627 970 3713 intelligit
1020 3625 1481 3703 Tertullianus,
1529 3638 1593 3692 et
1633 3625 1796 3691 insi·
1906 3618 2209 3698 aliorum,
2282 3636 2446 3705 quos
2499 3636 2698 3702 supra
2737 3613 3111 3692 citavimuS,
3155 3631 3449 3679 assereu-

249 3755 413 3812 nuat
488 3744 628 3832 ipse
701 3743 1111 3830 Augustinus
1171 3763 1207 3808 a
1273 3742 1608 3808 nonnullis
1704 3745 1800 3810 sic
1908 3735 2070 3802 tium
2149 3734 2551 3820 Baptismum
2627 3731 2866 3798 Christi
2948 3750 3075 3796 non
3146 3727 3455 3794 babuisse

148 3884 186 3960 g·
252 3862 536 3950 intelligi
590 3861 1015 3948 probabiliter
1070 3862 1144 3926 in
1190 3862 1381 3946 epist.
1458 3863 1609 3927 118.
1655 3862 1797 3925 Non
1908 3851 2265 3918 efficaciam
2296 3862 2447 3916 ante
2476 3848 3017 3915 resurrectionem
3051 3856 3116 3911 et
3148 3856 3448 3924 mortem,

148 3985 223 4083 ⁸22
255 3979 534 4066 intelligi
628 3978 708 4045 de
801 3976 1193 4064 baptismali,
1266 3977 1499 4043 docent
1569 3995 1797 4041 omnes
1911 3988 2167 4055 neque,
2216 3966 2717 4044 institutionem,
2825 3964 3033 4029 donec
3114 3962 3261 4026 data
3358 3970 3457 4026 est

258 4100 484 4162 Patres
526 4094 733 4161 Graeci
801 4096 874 4160 in
931 4094 1227 4159 eumdem
1268 4093 1500 4171 locum,
1550 4092 1662 4158 sed
1720 4090 1800 4157 de
1911 4084 2117 4151 forma
2177 4082 2545 4171 baptizandi
2584 4082 2879 4153 Macllioei
2938 4077 3240 4166 ultimo),
3289 4082 3456 4165 Apo-

147 4134 199 4208 it.

149 4239 196 4273 a.
257 4212 505 4279 lotione
550 4210 869 4298 spirituali
927 4231 963 4275 a
1023 4223 1303 4297 peccam,
1359 4222 1421 4275 et
1471 4211 1802 4296 metapho-
1912 4202 2059 4267 stoli
2104 4202 2367 4267 fuerunt
2410 4199 2700 4264 membra
2752 4196 3057 4263 Ecclesiae
3106 4207 3257 4260 ante
3299 4192 3456 4259 illud

148 4300 177 4332 is

148 4323 206 4396 >ri
261 4329 420 4405 Pica,
459 4340 528 4395 ut
556 4328 1088 4413 Chrysostomus,
1124 4324 1426 4410 CyrilluS,
1465 4326 1795 4405 Leontius,
1911 4351 2196 4425 tempus,
2244 4337 2381 4424 ipsa
2425 4335 2741 4402 electione
2793 4346 2856 4399 et,
2904 4330 3248 4399 vocatione
3315 4329 3458 4395 fue-

148 4409 214 4520 ἐξ]
263 4442 639 4510 Τὴθθάθΐΰθ
695 4441 1232 4529 ΜΟΡΕΠΘΒῑθΠΒῙὲ»
1281 4455 1345 4507 et
1397 4441 1565 4507 alius
1608 4445 1801 4509 Hera·
1913 4478 2066 4534 runt
2167 4463 2445 4530 instituti
2542 4459 2949 4537 Sacerdotes,
3069 4467 3456 4543 receperunt

261 4559 490 4639 cleota,
558 4558 1109 4644 Theophylactus,
1160 4557 1600 4643 Euthymius;
1663 4557 1820 4645 qui-l

261 4674 390 4741 bus
463 4676 681 4742 favent
754 4674 955 4741 verba
1035 4672 1376 4760 sequentia
1430 4697 1445 4740 :
1499 4675 1682 4740 Dicit
1738 4675 1802 4740 ei

259 4794 463 4872 Iesus,
499 4794 613 4880 qui
644 4793 814 4857 lotus
861 4802 974 4871 est,
1020 4811 1158 4858 non
1223 4772 1481 4878 indipet
1535 4793 1676 4858 nisi
1729 4804 1801 4858 ut

254 4908 455 4995 pedes
485 4911 676 4988 lavet,
729 4908 843 4975 sed
882 4918 975 4973 est
1005 4908 1290 4973 mundus
1338 4919 1528 4987 totae,
1581 4919 1642 4975 et
1689 4929 1802 4975 vos

261 5025 494 5091 mundi
529 5027 701 5105 ertia,
738 5025 852 5090 sed
881 5045 1018 5090 non
1046 5045 1288 5103 omneS,
1334 5024 1577 5091 sciebat
1624 5027 1801 5090 enim

264 5142 534 5228 quinam
561 5154 722 5208 esset
751 5143 866 5229 qui
897 5141 1190 5207 traderet
1220 5162 1362 5206 eum
1392 5165 1412 5224 ,·
1442 5151 1801 5227 propterea

265 5259 468 5339 dixit,
518 5281 653 5326 non
700 5261 855 5326 estis
902 5258 1140 5325 mundi
1188 5279 1427 5337 omnes,
1473 5269 1602 5324 etc.
1659 5259 1801 5324 haec

266 5377 556 5459 exceptio
606 5388 870 5464 propter
918 5374 1315 5460 proditorem
1357 5393 1486 5440 non
1526 5371 1802 5460 quadra·
1911 5347 2186 5435 pminde
2223 5349 2634 5436 Augustinus
2679 5371 2877 5418 Serm·
2926 5354 3070 5417 135·
3122 5348 3201 5417 de
3260 5353 3454 5417 Tem·

270 5501 395 5568 ret‚
429 5491 479 5558 si
514 5492 692 5561 locus
733 5493 813 5561 de
854 5491 1220 5578 baptismali
1261 5491 1503 5557 lotione
1560 5490 1799 5557 intelli-
1911 5496 2115 5562 ΡΟΡθέ
2161 5477 2461 5542 Ecclesia
2513 5489 2667 5544 lunc
2723 5480 2799 5544 ²⁸²2
2850 5500 2984 5545 una
3048 5480 3243 5545 domo
3284 5490 3449 5558 erat,

273 5619 557 5695 geretur,
588 5610 741 5698 quia
779 5609 974 5677 etiam
1013 5606 1209 5675 Judas
1262 5607 1622 5694 baptizatus
1670 5591 1792 5673 est.
1909 5602 2161 5688 accepit
2203 5602 2538 5691 Spiritum
2591 5615 2914 5685 sanctum,
2959 5607 3033 5672 in
3079 5608 3453 5677 hominibus

1910 4602 2155 4681 claveS,
2239 4603 2470 4666 Petrus
2566 4597 2908 4664 institutus
2990 4606 3087 4663 est
3160 4576 3456 4660 vicarius

1911 4726 2176 4806 Christi,
2225 4724 2527 4791 minister
2564 4735 2628 4791 et
2674 4721 3087 4809 dispensator
3144 4720 3453 4788 Ecclesiae

1911 4874 1985 4921 ac
2053 4852 2514 4940 mysteriorum
2577 4850 2732 4929 Dei;
2803 4848 2858 4917 si
2917 4870 3076 4936 ergo
3136 4845 3444 4927 ministri,

1912 4980 2420 5066 dispensatores,
2495 4976 2851 5065 principeS,
2925 4988 2991 5043 et
3066 4975 3450 5042 fundamen·

1912 5113 2048 5167 tum
2089 5099 2282 5166 etiam
2317 5112 2496 5167 erant
2531 5100 2847 5180 membra,
2883 5111 2946 5166 et
2985 5119 3114 5165 non
3157 5098 3453 5185 hospites

1911 5234 1974 5288 et
2036 5220 2335 5303 advenae,
2385 5222 2500 5288 sed
2567 5225 2741 5290 cives
2814 5235 2874 5289 et
2939 5224 3304 5305 domestici,
3382 5245 3456 5292 ac
