4255 6375
815 334 933 398 258

1913 362 1926 371 ·
1968 339 2109 402 LlB.
2162 341 2261 402 lv.
2309 339 2918 405 SENTEN'HARUM

476 498 795 611 arrigen-
827 523 971 567 sum
1021 503 1242 582 Pauli,
1324 516 1441 571 etc.
1516 500 2088 594 gloriabantur
2161 502 2376 575 enim
2489 503 2630 577 tali
2679 502 3218 597 permissione
3252 525 3389 576 seu
3421 502 3753 577 licentia
3793 504 3959 572 stan·

593 569 772 674 tm·
822 616 915 688 de
984 616 1387 690 ministris
1457 618 2077 710 baptizantibus,
2147 619 2377 711 quasi

494 686 548 737 in
594 686 777 737 orma!
878 731 892 743 .
1257 733 1270 746 .
1928 736 1941 748 .

823 752 940 802 eis
1010 733 1614 807 adscriberetur
1709 737 2217 828 Bapt1smus3
2299 741 2380 809 et

829 849 1246 940 redarguit
1341 873 1505 933 eOS‚
1589 856 1666 925 et
1750 853 1996 926 istam
2090 874 2377 925 eorum

828 966 1460 1049 contentionem,
1535 968 1808 1042 dicens
1874 994 1887 1037 :
1953 974 2224 1038 Divisus
2287 984 2380 1038 est

831 1085 1137 1151 Christus
1162 1087 1194 1151 ἴ)

600 1200 653 1249 6·
919 1199 1017 1271 Et
1063 1203 1400 1291 propter
1446 1199 1621 1283 hoc,
1667 1205 1939 1275 ortum
1974 1200 2129 1274 fuit
2164 1201 2380 1273 inter

826 1333 963 1383 eos
1053 1313 1404 1387 schisma
1508 1320 1588 1390 et
1667 1317 2131 1390 ordinatum
2226 1316 2379 1391 fuit

827 1426 1042 1499 inter
1100 1450 1263 1512 eOS,
1339 1431 1434 1502 ad
1510 1432 1720 1505 istud
1794 1432 2151 1505 schisma
2230 1432 2379 1505 tol-

823 1543 1167 1628 lendum,
1207 1567 1302 1619 ne
1365 1547 1742 1622 minister
1772 1548 2379 1642 exprimeretur

828 1662 903 1732 in
956 1663 1290 1755 propria
1338 1685 1712 1757 persona,
1775 1685 1918 1738 nec
1985 1673 2217 1739 actus
2300 1666 2377 1738 in

829 1777 1261 1851 indicativo
1301 1781 1560 1861 modo,
1601 1782 1730 1852 sed
1758 1781 2150 1874 optativo,
2191 1782 2379 1874 quia

827 1898 1014 1965 tunc
1057 1896 1432 1967 minister
1464 1917 1622 1968 non
1660 1897 2169 1988 significatur
2201 1920 2378 1971 esse

829 2015 1120 2084 auctor
1153 2012 1580 2104 Baptismi,
1621 2015 1750 2085 sed
1792 2019 2106 2089 tantum
2151 1998 2380 2087 mini-

826 2132 995 2199 ster
1034 2129 1500 2203 desiderans
1561 2137 1640 2205 et
1685 2154 1928 2204 orans
1991 2133 2373 2205 effectum

824 2246 1223 2339 Baptismi
1305 2245 1877 2321 conserendum
1949 2269 1994 2320 a
2053 2252 2245 2333 Deo,
2296 2253 2375 2323 et

829 2362 1237 2436 sufficiens
1272 2365 1522 2437 ctiam
1574 2385 1734 2436 non
1767 2367 2382 2458 exprimeretur

829 2481 906 2551 in
943 2482 1288 2552 secunda
1359 2501 1733 2574 persona,
1792 2483 1923 2555 sed
1969 2483 2048 2555 in
2098 2483 2377 2571 tertia,

829 2597 1060 2688 quasi
1107 2618 1266 2668 non
1313 2599 1652 2690 praecise
1709 2599 2137 2692 reciperet,
2177 2601 2380 2692 quod

832 2713 1120 2805 recipit
1156 2713 1252 2785 ab
1311 2714 1582 2807 aliquo
1629 2736 2005 2788 sermone
2074 2715 2225 2787 sibi
2276 2716 2384 2788 di-

832 2830 1170 2920 rigente.
1243 2833 1822 2905 Verumtamen
1898 2832 2187 2904 melius
2254 2854 2382 2925 po-

831 2945 1126 3018 tuisset
1208 2946 1663 3038 suscipiens
1727 2946 1975 3019 fuisse
2064 2967 2385 3039 expres·

833 3083 992 3143 sus,
1061 3083 1299 3155 quam
1360 3084 1500 3155 per
1540 3062 1743 3136 hoc:
1820 3088 2047 3132 seri-us
2103 3068 2378 3147 Christi,

832 3180 1144 3253 scilicet
1175 3180 1500 3253 nomine
1557 3179 1915 3274 proprio.
1963 3182 2143 3253 Non
2167 3182 2383 3254 enim

821 3300 992 3391 jam
1039 3319 1322 3370 servus
1368 3298 1672 3372 Christi
1716 3297 2204 3389 baptizatur,
2254 3298 2388 3371 sed

831 3415 1301 3507 baptizatur
1368 3419 1454 3488 ut
1525 3413 1632 3488 sit
1707 3435 1991 3486 servus
2045 3414 2384 3498 Christi,

837 3532 1231 3624 loquendo
1311 3532 1402 3603 de
1501 3531 1840 3605 servitio
1940 3532 2379 3624 spirituali,

836 3669 996 3740 quo
1023 3647 1541 3723 Christianus
1581 3653 1701 3721 est
1740 3672 2023 3722 servus
2050 3649 2384 3725 Christi.

482 3764 779 3880 Gggffiam
926 3766 1040 3836 De
1091 3763 1237 3837 hac
1283 3761 1550 3837 forma
1615 3769 1880 3858 potest
1949 3766 2132 3850 dici,
2182 3767 2390 3859 quod

480 3888 806 4004 suffiae-alim
839 3882 1214 3974 quamdiu
1263 3882 1618 3955 tolerata
1673 3882 1821 3956 fuit
1882 3883 1981 3955 ab
2026 3884 2390 3957 Ecclesia

626 3987 749 4065 αι’
841 4002 1237 4079 Romana,
1323 3999 1548 4072 licita
1624 4000 1780 4074 fuit
1857 3999 2001 4081 eis,
2082 4006 2163 4074 et
2239 4022 2389 4095 pro

481 4080 617 4208 ξῗιξιῖ
653 4076 811 4207 ffi‘f
838 4120 1234 4208 tempore,
1320 4136 1466 4207 pro
1557 4136 1709 4207 quo
1772 4115 2157 4191 instituta
2205 4117 2384 4199 fuit,

846 4230 1361 4306 rationabilis
1458 4231 1606 4304 fuit
1696 4233 2038 4305 durante
2143 4253 2392 4306 causa

847 4348 1259 4441 praedicta;
1307 4348 1438 4420 sed
1507 4353 1876 4422 cessante
1919 4348 2062 4422 illa
2111 4369 2385 4432 causa,

846 4464 1453 4537 rationabiliter
1507 4465 1769 4557 potuit
1842 4463 2110 4537 forma
2178 4486 2392 4538 com-

843 4581 1108 4653 munis
1215 4579 1463 4654 fuisse
1566 4581 1681 4653 cis
1769 4581 2182 4673 imposita.
2244 4581 2390 4653 Vel

836 4718 1036 4790 ergo
1101 4700 1465 4771 Romana
1521 4698 1888 4771 Ecclesia
1974 4699 2391 4792 prohibuit

839 4815 1066 4888 illam
1154 4817 1534 4898 formam,
1620 4821 2012 4907 quantum
2081 4816 2176 4888 ad
2220 4838 2386 4901 eos,

835 4939 914 5005 et
989 4938 1178 5007 tunc
1249 4939 1586 5027 peccant
1664 4934 2060 5006 servando
2156 4934 2393 5026 (quod

838 5070 1224 5143 expresse
1278 5072 1437 5123 non
1493 5051 1907 5126 invenitur
1975 5051 2052 5123 in
2114 5050 2390 5143 aliquo

838 5167 1225 5260 capitulo,
1344 5168 1779 5261 specialem
1897 5167 2390 5241 mentionem

839 5280 1185 5359 faciente
1252 5286 1344 5356 de
1412 5285 1581 5375 eis),
1659 5284 1781 5356 vel
1863 5284 1928 5356 si
1984 5283 2388 5377 permisit,

841 5398 1008 5472 sive
1041 5401 1471 5482 concessit,
1530 5401 1847 5475 licitum
1899 5400 2222 5475 videtur
2269 5401 2387 5473 eis

835 5515 1061 5591 illam
1125 5517 1477 5592 sormam
1526 5519 2076 5593 continuare:
2156 5521 2253 5590 Et
2316 5519 2384 5592 si

2492 625 2593 701 te,
2626 620 2701 692 in
2738 620 3121 694 Conciliis
3153 621 3319 693 suis
3361 617 3961 713 particularibus.
4002 632 4088 703 affl

2498 737 3077 810 ordinaverunt
3142 736 3354 811 inter
3404 756 3488 809 se
3546 733 3785 808 talem
3845 726 4046 804 for-”2

2496 873 2708 925 mam
2731 875 2910 926 esse
2935 853 3438 933 servandam,
3474 852 3783 926 videtur
3811 852 3968 941 quod
4020 752 4088 1127 ἔ

3996 708 4088 749 ἑ

2496 968 2871 1043 minister
2929 990 3216 1042 eorum
3276 973 3600 1043 tenetur
3640 985 3803 1038 eam
3844 986 3968 1038 ser·
4014 943 4038 991 ἱ

2493 1105 2712 1166 vare,
2770 1086 2980 1158 sicut
3040 1087 3305 1157 stante
3394 1084 3552 1156 ista
3624 1081 3973 1175 permissi·

2497 1220 2643 1271 one
2696 1200 3077 1273 Ecclesiae
3142 1201 3554 1280 Romanae,
3639 1198 3831 1292 quod
3869 1197 3974 1268 ali-

2492 1316 2673 1388 cubi
2740 1317 2881 1390 fiat
2934 1317 3154 1391 trina
3212 1315 3662 1396 immersio,
3749 1313 3979 1385 alicubi

2493 1454 2675 1516 una,
2755 1435 2833 1506 in
2900 1435 3037 1508 illa
3092 1434 3479 1515 Ecclesia,
3545 1454 3722 1525 quae
3788 1432 3981 1503 deter-

2496 1551 2832 1623 minavit
2879 1552 3182 1626 trinam
3229 1551 3833 1624 immersionem
3863 1568 3977 1620 ser·

2494 1667 2863 1750 vandam‚
2931 1667 3047 1739 sic
3107 1664 3557 1743 faciendum
3606 1669 3758 1744 est,
3802 1667 3981 1735 etest

2492 1784 2581 1855 de
2687 1785 3170 1857 necessitate
3258 1782 3646 1864 ministri,
3750 1800 3981 1873 praece-

2496 1902 2719 1992 ptum
2762 1906 2843 1974 et
2904 1901 3225 1972 modum
3269 1899 3628 1993 propriae
3666 1894 3985 1970 Ecclesiae

2494 2037 2853 2090 servare.
2906 2019 3095 2090 Haec
3128 2018 3219 2089 de
3267 2017 3532 2089 forma
3585 2013 3985 2088 necessaria

2492 2154 2591 2204 ex
2659 2139 2890 2226 parte
2930 2132 3321 2206 ministri.

2957 2405 3566 2469 COMMENTARIUS
3579 2450 3596 2466 .

2572 2625 2657 2707 (c)
2703 2630 2796 2688 De
2851 2627 3121 2688 secundo
3165 2626 3506 2687 videndum
3560 2636 3676 2695 esc,
3741 2625 3854 2683 eto.
3891 2618 3979 2678 Pri-

2495 2759 2675 2806 mum
2721 2742 2915 2804 docet
2957 2745 3023 2803 in
3067 2741 3353 2803 Ecclesia
3413 2738 3639 2800 Latina
3673 2737 3871 2799 teneri
3900 2739 3981 2794 mi·

2493 2863 2764 2924 nistrum
2799 2857 2886 2919 ad
2938 2856 3216 2920 formam
3273 2855 3757 2934 praescriptam,
3791 2857 3850 2914 et
3884 2866 3979 2911 ma·

2495 2978 2668 3038 xime
2715 2977 2767 3037 si
2799 2993 2877 3038 ex
2920 2973 3131 3035 officio
3163 2972 3479 3033 ministrat
3506 2972 3980 3035 Sacramentum,

2498 3096 2650 3174 quia
2695 3097 2956 3155 tenetur
3004 3092 3170 3152 scire
3202 3088 3379 3168 quod
3418 3094 3520 3149 est
3561 3087 3671 3149 sui
3723 3087 3980 3149 muneris.

2500 3219 2566 3275 et
2611 3210 2997 3275 conformari
3040 3212 3192 3273 ritui
3222 3225 3354 3271 suae
3382 3208 3712 3280 Ecclesiae,
3757 3207 3984 3267 maxime

2500 3329 2820 3400 Romanae,
2884 3340 3027 3404 quae
3068 3324 3243 3384 illam
3304 3321 3580 3385 formam
3655 3318 3982 3400 praescribit

2502 3451 2567 3506 et
2606 3459 2831 3506 veram
2887 3440 3251 3506 doctrinam
3296 3440 3379 3501 de
3425 3437 3854 3500 sacramentis
3904 3438 3985 3492 tra·

2502 3562 2614 3637 dit,
2646 3576 2787 3638 cap.
2822 3560 2918 3620 Ad
2944 3558 3353 3628 abolendam,
3392 3558 3469 3617 de
3503 3554 3833 3616 liaereticis.
3872 3550 3983 3609 Prie-

2500 3678 2694 3739 scribi
2726 3680 2944 3737 autem
2974 3671 3301 3752 praefatam
3334 3669 3614 3732 formam
3645 3672 3710 3733 in
3756 3667 3982 3731 Ecclesia

2501 3794 2814 3864 Romana,
2884 3793 3072 3869 patet
3127 3805 3207 3851 ex
3252 3786 3530 3866 capitulo
3592 3786 3888 3863 allegato,
3944 3785 3985 3837 et

2502 3908 2643 3968 aliis
2685 3906 3115 3985 sequentibus
3162 3911 3353 3966 extra
3396 3905 3494 3964 tic.
3553 3906 3633 3964 de
3692 3900 3979 3976 Raptum,

2504 4018 2569 4073 et
2591 4029 2673 4073 ex
2700 4012 3061 4086 ritualibus,
3091 4016 3157 4072 et
3178 4008 3505 4070 communi
3527 4007 3980 4084 Theologorum.

2581 4126 2674 4208 (d)
2745 4132 2826 4190 Si
2841 4142 3097 4203 quaeras
3124 4127 3448 4201 deforma
3497 4121 3849 4184 necessaria
3891 4115 3978 4175 mi·

2502 4245 2700 4304 nistra
2785 4246 2965 4319 apud
3050 4246 3317 4315 (ἔνευσε,
3389 4248 3515 4303 etc.
3563 4241 3733 4301 Dicit
3775 4237 3981 4298 Graecos
4046 4299 4053 4304 ,

2504 4374 2636 4420 non
2710 4360 2800 4421 uti
2866 4358 3099 4428 forma,
3165 4375 3295 4436 qua
3349 4359 3549 4419 Latini
3606 4360 3891 4422 utuntur;
3937 4331 4019 4405 9¹¹

2506 4490 2769 4536 causam
2798 4475 3140 4555 subjungit
3170 4491 3250 4537 ex
3292 4474 3640 4536 schismate
3689 4476 3818 4534 orto
3853 4468 4014 4568 inter³

2504 4594 2866 4655 corinthios
2919 4596 2973 4656 1.
3031 4595 3121 4655 αα
3176 4594 3457 4653 coriam.
3511 4594 3566 4652 1.
3612 4593 3678 4652 in
3709 4603 3825 4667 quo
3870 4563 4037 4665 glo-5),

2502 4711 2837 4772 riabantur
2868 4708 2949 4771 de
2999 4709 3305 4770 ministris
3336 4708 3800 4785 baptizantibus
3829 4719 3841 4759 1
3881 4680 4029 4770 [9⁰⁰³

2502 4843 2647 4889 sum
2718 4828 2933 4900 Pauli,
2983 4831 3104 4888 etc.
3178 4826 3334 4887 Hinc
3381 4823 3750 4885 ordinatum
3787 4818 3870 4880 est
3915 4823 3973 4871 nc
4013 4859 4035 4906 t

2502 4945 2799 5007 minister
2876 4959 3069 5005 suum
3154 4958 3394 5004 nomen
3482 4937 3855 5019 exprimeret
3928 4940 3972 4984 111

2502 5061 2733 5124 forma.
2798 5061 2977 5122 Idem
3035 5059 3229 5121 docet
3278 5059 3355 5120 D.
3410 5058 3688 5120 Thomas
3729 5055 3783 5116 3.
3839 5046 3968 5124 pare.

2506 5182 2722 5256 quaest.
2776 5176 2881 5238 66.
2913 5182 3040 5237 art.
3094 5175 3157 5237 6.
3188 5177 3267 5237 D.
3311 5174 3757 5237 Bonaventura
3798 5165 3897 5225 art.
3923 5157 3966 5213 ‘2-

2503 5300 2718 5372 qua-sc.
2764 5295 2824 5354 3.
2859 5293 2950 5353 ad
2984 5293 3045 5352 9.
3076 5290 3433 5353 Richardus
3470 5295 3597 5351 art.
3630 5289 3688 5349 2.
3718 5283 3893 5362 ρι’-κεί.
3918 5275 3961 5330 3.

2502 5411 2759 5474 Gabriel
2789 5417 2914 5471 art.
2946 5411 3005 5470 2.
3041 5424 3173 5470 con.
3210 5410 3279 5468 Q..
3317 5423 3483 5485 quos
3520 5405 3852 5485 sequuntur
3879 5406 3961 5470 ΡΟ·

2498 5531 2828 5591 sterioreS.
2868 5528 3165 5606 vasquez
3185 5532 3404 5588 autem
3431 5523 3498 5585 id
3529 5529 3775 5584 revocat
3791 5516 3844 5576 in
3868 5509 3952 5571 du·
