4255 6375
1412 393 1622 455 ms'r.
1654 395 1756 455 vl.
1804 393 2167 470 QUAEs'mo
2203 396 2303 456 ix.

379 559 782 638 Quantum
834 556 929 628 ad
998 555 1379 648 primum,
1455 554 1838 644 arguitur

167 656 206 683 ’“
285 673 439 746 sic:
488 673 555 745 si
610 673 1066 764 requiritur
1116 674 1201 743 ut
1262 670 1689 763 dispositio
1744 672 1838 743 ad

166 778 225 872 f?
285 788 675 880 gratiam,
721 792 863 861 aut
902 807 1102 879 ergo
1162 807 1262 859 ex
1306 791 1536 879 parte
1591 786 1839 859 susci-

166 928 239 995 ὦ,
288 903 615 997 pientis,
670 907 809 976 aut
843 925 942 975 ex
988 908 1219 996 parte
1264 902 1607 993 agentis.
1658 904 1837 974 Non

204 1110 218 1122 ι
282 1041 392 1092 ex
435 1025 668 1113 parte
710 1020 1258 1113 suscipientis,
1325 1019 1511 1111 quia
1568 1019 1839 1090 anima

278 1156 451 1209 non
510 1137 808 1208 habens
864 1136 1181 1209 actuale
1231 1139 1659 1228 peccatum
1715 1139 1839 1208 est

282 1274 604 1325 summe
652 1252 1050 1345 disposita
1091 1252 1188 1324 ad
1240 1252 1837 1345 suscipiendum

279 1370 689 1462 gratiam;
760 1391 904 1442 nec
993 1391 1091 1442 ex
1175 1374 1408 1462 parte
1480 1369 1827 1460 agentis,

275 1487 475 1580 quia
520 1508 767 1579 agens
810 1493 933 1561 est
988 1487 1322 1560 infinitae
1379 1486 1744 1560 virtutis

374 1598 477 1668 Et
536 1599 603 1668 si
654 1597 900 1676 dicas,
958 1597 1159 1688 quod
1230 1596 1685 1688 requiritur
1754 1599 1839 1668 ut

272 1710 715 1804 dispositio
780 1729 1263 1804 permanens
1318 1712 1410 1782 ad
1458 1709 1838 1783 effectum

272 1829 838 1910 inducendum,
893 1830 1363 1921 quandoque
1428 1829 1837 1921 posterius

273 1948 679 2038 ternpore,
755 1945 884 2037 qui
954 1966 1112 2017 non
1182 1946 1463 2019 statim
1536 1946 1839 2017 induci-

276 2063 450 2140 tur,
547 2064 831 2153 utpote
910 2062 1005 2132 ad
1072 2061 1246 2144 hoc,
1320 2063 1526 2154 quod
1602 2064 1838 2136 fictus

278 2175 747 2270 baptizatus
831 2181 1114 2269 postea
1206 2179 1545 2270 recipiat
1640 2181 1841 2254 effe-

280 2299 515 2366 ctum
559 2291 998 2384 Baptismi;
1042 2298 1331 2368 contra
1381 2293 1529 2367 hoc
1570 2298 1841 2387 argui-

284 2413 431 2483 tur
466 2413 553 2483 ut
586 2409 840 2502 prius.
879 2412 1037 2483 Aut
1079 2409 1296 2481 enim
1340 2430 1488 2502 pro
1531 2411 1670 2483 illo
1710 2433 1841 2505 po-

283 2526 656 2609 steriori,
711 2528 1023 2618 quando
1088 2525 1374 2619 recipit
1460 2526 1839 2603 effectum

284 2643 676 2716 ultimum
731 2642 1157 2737 Baptismi,
1232 2642 1667 2718 character
1723 2666 1842 2715 re-

285 2759 656 2851 quiritur
735 2763 821 2832 ut
904 2758 1331 2852 dispositio
1418 2780 1516 2831 ex
1607 2765 1841 2851 parte

284 2875 760 2966 susceptivi,
820 2881 960 2949 aut
1016 2896 1112 2946 ex
1190 2881 1422 2968 parte
1481 2876 1836 2967 agentis3

283 2994 367 3063 et
407 2994 573 3064 stat
610 2992 826 3064 ratio
882 2994 968 3063 ut
1014 2991 1267 3084 prius

378 3108 784 3200 Arguitur
862 3108 957 3179 ad
1021 3107 1172 3180 hoc
1254 3109 1503 3183 etiam
1594 3111 1844 3204 speci-

285 3224 567 3307 aliter,
626 3224 813 3318 quia
882 3224 1055 3296 sine
1089 3225 1238 3299 tali
1284 3227 1519 3318 signo
1565 3234 1842 3321 posset

287 3344 508 3414 Deus
565 3341 957 3414 assistere
1008 3343 1456 3434 Baptismo‚
1508 3346 1636 3417 vel
1707 3347 1841 3418 ba-

290 3458 600 3551 ptizato
693 3459 787 3530 ad
855 3460 1347 3532 causandum
1451 3459 1837 3536 effectum

289 3573 722 3666 Baptismi,
771 3575 1190 3649 recedente
1236 3575 1584 3659 fictione,
1633 3578 1841 3651 sicut

291 3690 702 3762 astitisset
789 3688 868 3760 in
952 3688 1129 3780 ipso
1225 3691 1673 3782 Baptismo,
1775 3692 1843 3763 si

294 3806 525 3900 prius
613 3827 771 3877 non
831 3805 1120 3880 fuisset
1171 3806 1432 3879 fictus.
1499 3809 1596 3879 Et
1656 3829 1844 3879 con-

290 3924 703 4007 firmatur,
775 3922 962 4014 quia
1028 3918 1367 3994 effectus
1441 3923 1844 4016 Baptismi

290 4060 457 4110 non
495 4039 735 4111 datur
769 4038 912 4119 illi,
969 4039 1101 4130 qui
1166 4039 1498 4131 ponitur
1548 4040 1844 4113 habere

294 4155 887 4236 characterem,
952 4155 1332 4228 nisivere
1405 4157 1842 4248 poeniteat3

298 4272 433 4344 sed
489 4292 633 4364 per
697 4293 981 4345 veram
1044 4272 1604 4364 poenitentiam
1674 4275 1847 4346 sine

304 4387 453 4462 tali
504 4388 770 4460 forma
829 4387 1334 4462 characteris
1388 4389 1662 4480 gratia
1712 4391 1846 4462 da-

309 4511 568 4581 retur.

397 4626 800 4706 Quantum
869 4627 1139 4695 autem
1221 4623 1313 4693 ad
1383 4623 1587 4694 alios
1663 4624 1847 4695 effe-

306 4746 510 4824 ctus,
565 4740 698 4831 qui
739 4739 1305 4812 attribuuntur
1357 4738 1845 4822 characteri,

308 4856 709 4947 probatur
798 4854 1337 4947 propositum,
1431 4855 1617 4946 quia
1676 4855 1848 4928 sine

307 4974 576 5045 forma
652 4971 1096 5045 inhaerente
1153 4976 1427 5063 posset
1498 4974 1850 5065 baptiza-

308 5097 440 5165 tus
483 5088 930 5161 assimilari
962 5089 1399 5181 baptizato,
1444 5096 1525 5164 et
1564 5091 1848 5164 distin-

309 5206 447 5298 gui
481 5225 528 5276 a
574 5223 737 5275 non
777 5204 1214 5295 baptizatO,
1259 5226 1401 5297 per
1441 5205 1592 5278 hoc
1645 5209 1849 5298 quod

312 5321 604 5413 recipit
653 5320 1187 5412 Baptismum,
1227 5322 1435 5394 sicut
1487 5326 1711 5415 patet
1768 5324 1849 5404 in

313 5437 591 5510 multis
627 5436 836 5516 aliis,
887 5436 1070 5528 quia
1120 5438 1537 5528 professus
1603 5439 1682 5510 in
1737 5461 1850 5511 re·

312 5553 640 5647 ligione,
705 5552 1218 5626 assimilatur
1258 5554 1502 5629 alteri
1547 5551 1851 5649 profes-

3404 389 3518 454 601

1957 576 2072 635 so,
2153 560 2234 629 et
2317 555 2852 647 distinguitur
2919 555 3016 627 ab
3092 554 3255 626 alio
3337 572 3501 624 non

1954 670 2353 763 professo,
2435 692 2598 743 non
2661 692 2806 764 per
2877 670 3234 762 aliquam
3341 668 3503 740 for·

1955 807 2171 858 mam
2206 787 2356 859 sibi
2401 786 2932 861 inhaerentem
2977 789 3161 879 post
3197 784 3503 879 profes-

1955 903 2291 983 sionem,
2332 904 2464 975 sed
2497 903 2685 995 quia
2727 903 2979 977 talem
3032 905 3304 974 actum
3370 900 3502 972 ha-

1955 1019 2124 1091 buit
2162 1019 2240 1090 in
2286 1020 2738 1112 praeterito

2044 1135 2341 1206 Eodem
2431 1136 2661 1207 modo
2722 1136 2812 1205 de
2881 1131 3132 1205 tertio
3183 1130 3843 1275 effectu’ffienffissu‘

1955 1250 2267 1323 scilicet
2301 1251 2504 1343 quod
2558 1250 2890 1342 ponitur
2961 1248 3279 1339 signum
3320 1266 3845 1384 con-commm-

1955 1367 2482 1459 figurativum
2535 1367 2887 1447 Christo,
2928 1367 3098 1437 sive
3134 1363 3504 1454 obligati·
3631 1395 3753 1468 (ιι-,ω

1952 1506 2184 1565 vum;
2217 1488 2486 1578 potest
2518 1485 2732 1556 enim
2767 1483 3063 1575 aliquis
3099 1502 3278 1553 esse
3315 1479 3501 1551 obli·
3571 1459 3807 1570 „⁶22”ssss

1954 1607 2193 1693 gatus
2226 1602 2494 1682 alicui,
2541 1606 2621 1675 et
2654 1601 2770 1674 ita
2805 1600 3364 1690 configuratus
3400 1597 3494 1669 si·
3541 1582 3830 1712 ζξξξξξζξξ,

1954 1718 2054 1799 bi,
2102 1723 2492 1811 quantum
2534 1718 2628 1790 ad
2672 1717 3249 1808 obligationem
3313 1733 3502 1787 con·
3558 1711 3814 1822 ⁰¹¹ssggffe‘

1953 1836 2378 1927 figurandi,
2426 1836 2598 1907 sine
2669 1834 2890 1906 omni
2936 1831 3203 1906 forma
3268 1832 3503 1905 inhae-

1957 1964 2210 2033 rente,
2272 1953 2481 2024 sicut
2542 1952 2704 2035 ille,
2770 1951 2903 2043 qui
2979 1950 3172 2024 fecit
3235 1950 3508 2020 homa-

1955 2067 2179 2157 gium
2249 2066 2495 2139 alicui
2566 2067 2915 2148 dominc,
2986 2067 3169 2157 post
3232 2064 3510 2135 homa-

1956 2184 2181 2275 gium
2237 2183 2650 2274 obligatur
2693 2182 2844 2254 sibi
2886 2183 2980 2253 ad
3040 2180 3510 2253 fidelitatem

1958 2302 2463 2381 servandam,
2553 2303 2634 2371 et
2729 2298 2842 2371 ita
2921 2298 3016 2367 ad
3085 2297 3513 2388 quamdam

1958 2414 2722 2505 configurationem,
2787 2417 2868 2487 et
2929 2413 3354 2506 professus
3414 2432 3512 2483 ex

1958 2531 2465 2626 professione
2572 2535 2900 2604 tenetur
3005 2528 3510 2601 conformari

1958 2670 2095 2722 seu
2132 2647 2628 2739 configurari
2675 2646 3026 2718 Praelato
3072 2666 3246 2728 suo,
3284 2648 3363 2718 et
3397 2649 3509 2717 ta-

1960 2786 2140 2838 men
2218 2785 2361 2836 nec
2431 2763 2737 2835 faciens
2794 2761 3290 2853 homagium,
3364 2780 3509 2833 nec

1958 2882 2349 2976 profitens
2395 2880 2689 2971 recipit
2735 2878 3091 2970 aliquam
3156 2878 3508 2948 formam

1958 2998 2445 3079 absolutam,
2512 3016 2686 3087 quae
2730 2994 2834 3066 sit
2896 2994 3221 3085 signum
3271 2992 3508 3066 confi-

1958 3115 2330 3208 gurandi

2046 3235 2162 3305 De
2213 3233 2508 3324 quarto
2552 3230 2867 3312 effectu,
2935 3228 3246 3301 scilicet
3305 3225 3509 3318 quod

1959 3351 2296 3442 ponitur
2381 3347 2701 3439 signum
2782 3344 3507 3418 rememorativum
3593 3329 3785 3456 „effigi

1960 3466 2216 3559 ipsius
2278 3461 2813 3544 sacramenti,
2886 3461 3273 3553 arguitur
3344 3459 3504 3532 sic:
3554 3452 3836 3504 ”wewam

1960 3582 2185 3664 (ΜΨ
2226 3585 2365 3654 ant
2409 3581 2777 3672 respectu
2817 3574 3327 3650 Sacramenti
3374 3597 3510 3668 po-
3569 3521 3826 3630 chssssffite'

1958 3698 2186 3770 nitur
2291 3697 2451 3769 tale
2537 3694 2856 3785 signum
2945 3693 3514 3765 rememorati·
3590 3646 3789 3769 8ἰὲἶῖῘῖ

1961 3832 2176 3893 vum,
2230 3816 2570 3903 propter
2609 3808 3176 3882 excellentiam
3232 3813 3512 3881 Sacra·
3552 3781 3854 3880 Γῖἳῗιῖῗῶ

1963 3926 2212 3999 menti
2248 3927 2327 3998 in
2387 3946 2512 4006 se;
2559 3927 2697 3997 aut
2761 3929 3100 4016 propter
3151 3923 3508 4015 aliquam

1960 4041 2508 4116 habitudinem
2551 4041 2646 4112 ad
2679 4040 2911 4122 alios,
2952 4039 3085 4131 qui
3125 4059 3223 4111 ex
3283 4039 3514 4130 signo

1963 4164 2462 4252 cognoscant
2514 4158 2952 4248 signatum.
3019 4156 3193 4227 Non
3245 4155 3511 4247 primo

1966 4277 2223 4355 modo,
2253 4273 2440 4366 quia
2472 4270 3058 4344 excellentiora
3097 4275 3284 4343 sunt
3325 4269 3513 4341 fides

1964 4396 2044 4465 et
2094 4390 2485 4469 charitas,
2551 4406 2792 4479 quam
2855 4385 3311 4477 suscepisse
3372 4387 3513 4457 Ba-

1967 4509 2382 4601 ptismum,
2449 4509 2530 4578 et
2600 4510 2872 4578 tamen
2934 4502 3091 4574 ista
3147 4522 3305 4574 non
3383 4501 3519 4573 ha-

1967 4627 2151 4699 bent
2195 4624 2519 4715 aliquod
2559 4623 2880 4712 signum
2953 4620 3515 4693 rememorati-

1964 4764 2156 4815 vum
2209 4745 2640 4834 postquam
2675 4737 3114 4811 infuerunt.
3169 4738 3333 4808 Nec
3393 4757 3514 4808 se-

1966 4860 2220 4932 cundo
2257 4857 2514 4938 modo,
2553 4853 2764 4946 quia,
2802 4853 3055 4925 autin
3097 4871 3516 4946 compara-

1966 4976 2186 5050 tione
2218 4974 2313 5045 ad
2361 4974 2641 5052 Deum,
2686 4970 2813 5043 vel
2880 4969 2970 5040 ad
3017 4968 3507 5061 proximum.

1967 5097 2149 5167 Non
2181 5093 2276 5164 ad
2314 5092 2596 5172 Deum,
2643 5088 2830 5181 quia
2872 5091 3086 5161 Deus
3120 5087 3291 5159 sine
3350 5107 3513 5158 om-

1966 5212 2047 5283 ni
2126 5211 2359 5300 signo
2432 5205 2916 5279 inexistente
2979 5207 3514 5295 cognosceret

1969 5329 2217 5401 istum
2261 5322 2714 5415 suscepisse
2758 5323 3403 5399 Sacramentum,
3434 5323 3514 5392 et

1967 5444 2220 5517 fuisse
2270 5441 2794 5533 baptizatum.
2843 5435 3023 5509 Non
3081 5436 3174 5507 ad
3244 5435 3513 5527 proxi-

1968 5578 2213 5637 mum,
2272 5557 2460 5651 quia
2525 5552 2649 5624 vel
2692 5551 2787 5623 ad
2832 5550 3157 5626 beatum
3219 5549 3297 5620 in
3338 5548 3512 5642 glo-
