4255 6375
641 4121 670 4172 3

841 407 960 470 478

845 574 1080 649 gratiae
1125 570 1370 647 Christi,
1419 574 1492 632 ut
1542 570 1933 631 observetur
1975 570 2109 643 lex,
2140 569 2402 631 vincan-

848 690 950 746 tur
981 685 1551 764 concupiscentiae,
1587 691 1654 748 et
1695 685 1991 754 tentatio,
2045 700 2190 764 quae
2239 684 2400 744 resi·

841 805 1025 862 stunt
1062 802 1244 879 operi
1291 803 1354 862 in
1410 802 1747 863 exercitio.
1806 801 1919 862 llic
1965 805 2188 861 aulem
2240 799 2403 860 effe-

845 924 987 979 ctus
1029 917 1386 981 fomitis'in
1431 917 1670 982 adultis
1711 917 1909 990 valet,
1953 922 2016 982 in
2047 915 2404 978 infantibus

844 1035 1120 1111 sopitur,
1168 1034 1321 1114 quia
1374 1034 1668 1097 nondum
1715 1036 1960 1097 habent
2002 1051 2193 1094 usum
2226 1032 2401 1094 arbi-

848 1152 970 1222 trii,
1009 1137 1076 1212 et
1102 1151 1168 1212 in
1201 1153 1442 1230 quibus
1474 1153 1769 1214 remissio
1816 1151 2058 1212 fomitis
2096 1167 2217 1227 per
2245 1166 2397 1227 gra-

846 1272 1001 1333 tiam
1062 1269 1492 1348 intelligenda
1564 1276 1688 1342 est,
1756 1273 2078 1347 quantum
2138 1267 2222 1328 ad
2280 1284 2404 1344 po-

847 1392 1155 1450 testatem
1186 1393 1253 1448 el
1283 1386 1476 1460 vireS,
1521 1403 1655 1449 non
1703 1402 1820 1462 pro
1885 1390 2038 1446 tuno
2077 1398 2401 1445 exercen-

849 1503 988 1580 das,
1041 1509 1109 1566 et
1150 1509 1471 1584 quantum
1527 1502 1611 1564 ad
1658 1505 1938 1583 gratiam
1981 1501 2405 1573 habitualem,

844 1635 980 1683 non
1010 1626 1233 1684 autem
1263 1620 1843 1683 actualemdatam
1890 1633 2004 1696 pro
2054 1624 2231 1691 lunc,
2285 1618 2406 1680 sed

845 1745 964 1812 pro
1001 1741 1297 1812 tempore
1331 1749 1624 1814 congruo
1677 1730 2129 1811 recipiendam
2171 1734 2407 1794 virtute

847 1852 1250 1913 sacramenti
1288 1850 1605 1928 percepti,
1658 1847 1923 1925 quando
1957 1847 2209 1908 srilicet
2254 1864 2408 1924 per-

842 1968 1116 2031 venient
1145 1967 1230 2029 ad
1259 1983 1454 2029 usum
1500 1968 1795 2030 rationis.
1850 1966 2236 2041 Exemplum
2289 1963 2403 2024 ad-

850 2082 1124 2145 duotum
1173 2099 1208 2144 a
1261 2085 1543 2145 Doctore
1601 2086 1757 2143 satis
1805 2079 2226 2142 commodum
2286 2083 2407 2151 est,

848 2200 1000 2277 quia
1046 2207 1119 2261 ut
1188 2204 1279 2260 ait
1326 2199 1732 2280 Augustinus
1802 2198 1904 2259 83.
1981 2198 2415 2275 quaestionum

850 2320 1079 2393 quaest.
1128 2319 1226 2380 36.
1302 2317 1621 2392 Perfectio
1702 2315 2042 2376 charitatis
2097 2319 2184 2374 est
2216 2313 2412 2375 dimi-

851 2435 1026 2495 nutio
1058 2435 1454 2509 cupiditatis,
1488 2437 1617 2495 elo.

1437 2666 1843 2722 SCHOLIUM.

925 2872 1014 2926 Ex
1079 2872 1255 2939 parte
1308 2866 1412 2921 Dei
1464 2866 1880 2922 communiter
1920 2867 2227 2936 aequalem
2279 2866 2420 2926 dari

850 2970 1122 3040 gratiam
1191 2963 1648 3035 baptismalem,
1700 2953 1997 3034 possibile
2053 2967 2263 3020 tamen
2323 2971 2417 3023 est

853 3080 1049 3123 unum
1110 3064 1396 3135 accipere
1457 3065 1759 3133 majorem
1817 3065 2081 3132 gratiam
2131 3063 2254 3119 alio
2300 3079 2416 3135 per

852 3155 1232 3234 baptismum
1285 3160 1426 3217 sine
1461 3159 1674 3230 majori
1706 3159 2134 3230 dispositIone,
2167 3160 2218 3215 si
2254 3161 2412 3215 Deus

851 3264 935 3317 lta
968 3262 1305 3317 statuisset.
1335 3262 1457 3315 Neo
1489 3260 1701 3315 Scotus
1733 3258 1886 3315 dicit
1923 3258 2000 3314 de
2069 3260 2228 3316 sacto
2275 3258 2410 3316 dari

851 3361 1152 3430 majorem
1201 3360 1465 3428 gratiam
1513 3357 1954 3429 baptismalem
2005 3359 2060 3413 ei
2104 3360 2212 3429 qui
2265 3373 2417 3429 prae-

853 3458 1203 3515 destinatus
1233 3462 1326 3513 est
1355 3458 1430 3512 ad
1465 3460 1762 3529 majorem
1806 3458 2094 3527 gloriam,
2141 3462 2208 3514 ut
2256 3457 2413 3513 falso

853 3560 910 3614 ei
944 3558 1214 3628 imponit
1243 3559 1419 3613 Sotus
1451 3570 1664 3627 supra,
1699 3555 1807 3611 sed
1843 3561 2084 3613 tantum
2137 3556 2414 3627 loquitur

854 3646 932 3714 de
1000 3650 1306 3727 possibili,
1396 3670 1662 3725 quocum
1721 3656 2064 3712 convenire
2115 3655 2416 3713 videntur

857 3748 1063 3811 AlenS.
1117 3756 1178 3810 et
1204 3756 1445 3822 gssonav.
1495 3766 1670 3822 supr.
1713 3750 1820 3808 sed
1852 3751 1927 3809 de
1959 3752 2120 3809 sacto
2151 3751 2287 3809 dari
2320 3756 2414 3808 te-

857 3855 1011 3908 nent
1045 3851 1262 3909 Palud.
1297 3852 1478 3909 Gabr.
1514 3850 1744 3909 Bassol.
1781 3852 2011 3907 Eokius
2042 3853 2241 3908 citati.

950 4069 1080 4143 Sic
1121 4087 1321 4160 ergo
1367 4068 1468 4158 (b)
1518 4068 1883 4159 ponendo
1937 4066 2266 4139 unicum
2298 4065 2411 4137 ef-

510 4160 832 4246 Inaequ'aliffi
860 4186 1158 4259 fectum
1210 4184 1634 4276 Baptismi,
1674 4183 1984 4256 scilicet
2020 4183 2405 4273 gratiam,

512 4248 692 4310 gratiae
749 4247 830 4294 ba-

538 4306 805 4376 ptismalis,
862 4302 1308 4396 respondeo
1362 4301 1568 4392 quod
1617 4319 1798 4371 eum
1862 4298 1952 4369 ad
2024 4295 2407 4371 effectum

539 4374 620 4422 vel
648 4378 725 4420 est
752 4386 812 4419 ex

554 4434 788 4497 θεσμοὶ
860 4417 1285 4512 Baptismi,
1361 4416 1669 4490 seilicet
1752 4413 2135 4505 gratiam,
2226 4432 2408 4486 oon-

591 4512 744 4548 081188

529 4557 810 4619 meritoria,
860 4540 1146 4610 currat
1206 4554 1453 4608 eausa
1525 4530 2029 4626 principalis,
2098 4531 2409 4604 seilicet

638 4623 717 4672 vel

513 4684 821 4751 susceptiva.
857 4658 1094 4737 Deus,
1121 4658 1202 4727 et
1235 4671 1481 4725 eausa
1519 4648 1974 4733 meritoria,
2013 4653 2101 4722 ut
2136 4647 2409 4741 passio

859 4771 1195 4856 Christi,
1254 4774 1335 4844 et
1395 4769 1566 4862 ipse
1631 4766 2078 4859 suscipiens
2140 4766 2410 4858 Bapti-

856 4911 1148 4972 smum,
1195 4908 1295 4960 ex
1328 4890 1562 4979 parte
1595 4884 2022 4975 cujuslibet
2059 4883 2411 4955 istorum

855 5008 1132 5103 posset
1193 5002 1498 5078 attendi
1552 4999 1980 5093 aequalitas
2033 5000 2157 5072 vel
2231 4998 2411 5071 inae·

855 5123 1237 5217 qualitaS.
1283 5122 1688 5202 Quantum
1731 5116 1824 5188 ad
1865 5118 2122 5221 Deum
2155 5115 2410 5188 deter-

855 5242 1298 5315 minantem
1362 5258 1446 5309 se
1503 5233 1940 5328 cooperari
1981 5234 2121 5307 isti
2175 5233 2408 5324 signo

855 5378 1003 5455 per
1071 5357 1453 5432 effectum
1532 5353 2104 5445 significatum,
2180 5356 2259 5427 et
2327 5352 2409 5425 in

857 5478 1011 5552 hoo
1056 5476 1619 5550 instituentem
1675 5471 1885 5546 istud
1934 5472 2279 5561 signum,
2328 5470 2406 5542 in

749 5702 752 5705 Ι
860 5594 1184 5671 ratione
1244 5589 1453 5684 signi
1495 5588 1704 5662 certi
1761 5587 1879 5677 (ut
1921 5587 2225 5660 dietum
2282 5589 2407 5660 est

1990 406 2137 468 ΗΒ.
2169 406 2268 468 1v.
2315 404 2908 469 SENTBN'HARUM

2518 570 2819 659 supra),
2902 565 3172 659 aliquo
3226 569 3458 641 modo
3548 573 3809 663 potest
3864 591 3989 643 esse

2514 681 3003 762 differentia,
3057 683 3331 777 aliquo
3388 685 3625 758 modo
3674 706 3839 757 non.
3884 687 3991 759 Ali·

2517 819 2757 890 quam
2798 800 3009 872 enim
3074 801 3435 892 gratiam
3486 802 3867 895 disposuit
3915 824 3991 876 re·

2515 914 2922 1006 gulariter
2954 917 3330 989 conferre
3365 939 3553 989 oum
3576 943 3579 946 ¹
3602 918 3757 991 isto
3803 917 3990 1009 signo,

2520 1030 2631 1104 ita
2691 1033 2896 1124 quod
2966 1032 3164 1106 nulli
3236 1034 3695 1115 minorem;
3761 1039 3831 1107 et
3886 1035 3993 1107 ista
4051 1125 4059 1136 ,

2517 1151 2784 1239 potest
2830 1147 2983 1220 diei
3036 1145 3398 1221 conferri
3448 1150 3759 1224 virtute
3800 1151 3995 1242 Bapti-

2517 1263 2693 1347 smi,
2744 1265 2930 1356 quia
2995 1266 3300 1340 virtute
3369 1266 3755 1342 veritatis
3821 1266 3995 1358 hujus

2517 1381 2727 1472 signi
2773 1407 2787 1463 ;
2835 1386 2914 1454 et
2985 1382 3195 1455 siout
3280 1382 3850 1456 determinatio
3903 1383 3999 1456 illa

2515 1495 3037 1583 universalis,
3137 1503 3535 1590 quantum
3639 1499 3733 1570 ad
3816 1498 4000 1571 istum

2518 1612 2882 1702 gradum,
2928 1619 3053 1688 est
3085 1612 3551 1696 uniformis,
3595 1614 3709 1689 ita
3739 1614 4000 1688 effectus

2517 1729 2887 1818 aequalis.

2606 1847 3213 1932 Verumtamen,
3265 1849 3457 1941 quia
3506 1851 3728 1923 Deus
3778 1850 4001 1941 praede-

2518 1961 2955 2034 destinavit
3015 1963 3383 2036 diversos
3442 1966 3753 2039 electos
3800 1965 3879 2036 ad
3927 1964 4002 2036 di·

2522 2101 2806 2154 versos
2864 2083 3161 2173 gradus
3213 2084 3530 2175 gloriae,
3576 2089 3660 2157 et
3704 2084 3843 2156 hoo
3872 2088 4001 2154 ante

2520 2196 3281 2271 determinationem
3358 2199 3608 2289 hujus
3689 2198 3878 2290 signi
3941 2200 3999 2268 ad

2526 2314 2839 2384 tantam
2895 2314 3024 2385 vel
3091 2317 3407 2389 tantam
3497 2316 3837 2407 gratiam
3879 2334 4003 2386 con-

2523 2428 2960 2514 ferendam,
3030 2436 3110 2506 et
3184 2432 3561 2505 ordinato
3652 2433 3745 2504 ad
3822 2431 4069 2543 majo-Q*

2529 2566 2699 2618 rem
2785 2547 3165 2639 gloriam,
3261 2549 3859 2622 rationabiliter
3916 2547 4064 2639 po·‘

2526 2666 2688 2737 test
2727 2665 3085 2738 conferri
3130 2665 3395 2756 major
3435 2667 3757 2758 gratia;
3807 2667 4001 2757 potest

2529 2782 2739 2853 Dens
2807 2780 2889 2853 in
2952 2782 3569 2855 determinando
3648 2780 4002 2854 veritatem

2528 2919 2664 2969 seu
2728 2899 3297 2971 certitudinem
3358 2898 3609 2993 hujus
3672 2898 3868 2991 signi
3931 2897 4005 2967 di·

2527 3035 2896 3107 sponere,
2933 3016 3308 3089 conferre
3349 3016 3604 3090 alicui
3650 3015 4005 3107 suscipien-

2523 3132 2587 3205 ti
2634 3132 2968 3226 praecise
3012 3133 3237 3207 illam
3291 3135 3684 3226 gratiam,
3740 3155 3888 3227 quse.
3927 3150 4004 3202 re·

2528 3250 2887 3341 quiritur
2938 3251 3031 3323 ad
3091 3250 3666 3325 certitudinem
3714 3249 3916 3342 signi,
3952 3255 4003 3317 et

2525 3365 2772 3439 alicui
2811 3367 3235 3460 majorem,
3282 3389 3520 3460 quem
3556 3365 4000 3462 praedestina·

2524 3480 2639 3553 vit
2701 3482 2795 3553 ad
2854 3482 3251 3574 majorem
3308 3481 3706 3575 gloriam;
3751 3481 3868 3554 sed
3910 3476 4003 3549 ille

2526 3594 2875 3668 ulterior
2951 3599 3249 3689 gradus
3325 3619 3487 3671 non
3557 3599 4000 3672 conferretur

2521 3711 2832 3785 virtute
2891 3708 3318 3806 Baptismi‚
3384 3716 3520 3787 sed
3585 3717 3681 3788 de
3744 3706 3998 3807 speciali

2520 3828 3086 3904 benevolentia
3150 3831 3446 3903 divina.
3525 3832 3860 3925 Propter
3897 3826 3997 3897 hoc

2518 3946 2674 4019 dici
2744 3950 3037 4039 potest,
3115 3949 3315 4040 quod
3376 3970 3475 4021 ex
3521 3953 3755 4041 parte
3806 3962 3993 4019 eausa

2520 4063 3023 4157 principaliS,
3106 4064 3446 4138 effeetus
3542 4072 3671 4140 est
3748 4060 3991 4155 regula-

2526 4181 2728 4251 ri²er
2770 4182 3106 4272 aequalis
3142 4181 3634 4275 simpliciter
3667 4182 3790 4276 qui
3825 4180 3994 4252 datur

2520 4296 2827 4370 virtute
2870 4298 3293 4390 Baptismi,
3332 4299 3515 4390 quia
3560 4298 3987 4393 supponitur.

2521 4413 2726 4505 quod
2757 4414 2845 4485 de
2880 4414 3054 4506 lege
3088 4398 3523 4498 communi,
3581 4418 3834 4508 prima
3868 4427 3989 4503 gra·

2520 4532 2638 4604 tia
2687 4551 2849 4603 non
2888 4532 3129 4607 datur
3178 4532 3448 4625 major
3497 4534 3791 4627 absque
3834 4524 3983 4602 omni

2518 4647 2983 4723 differentia
3049 4653 3287 4724 extra
3370 4669 3708 4722 oausam
3770 4642 3985 4742 princi·

2524 4768 2813 4860 palem.

2981 5021 3631 5088 COMMENTARIUS.

2599 5249 2695 5332 (b)
2738 5253 2851 5313 Sic
2879 5266 3057 5327 eryt),
3103 5255 3229 5312 eto.
3274 5250 3601 5328 supponit
3639 5236 3973 5332 quantumad
4041 5328 4049 5340 '

2520 5365 2831 5425 effectum
2905 5365 3135 5442 gratiae
3200 5363 3631 5438 causandum,
3683 5368 3971 5425 concurrere
4026 5331 4085 5453 ξ’

2519 5483 2731 5542 Deum
2757 5486 2833 5542 ut
2873 5495 3138 5541 causam
3186 5480 3639 5558 principalem,
3695 5478 3965 5559 passionem
4022 5494 4045 5515 ›-

2515 5595 2750 5658 Christi
2790 5604 2860 5659 ut
2906 5593 3330 5671 meritoriam,
3355 5600 3421 5658 et
3449 5597 3670 5674 ipsum
3698 5590 3963 5671 suscipien·
4024 5577 4086 5627 ὼ
