4255 6375
162 580 164 603 l
172 573 198 605 Γ

1392 330 1571 394 DIST
1613 330 1715 391 VI.
1751 325 2111 404 QUAESTIO
2156 330 2233 394 X.

164 509 221 542 ¹⁸⁸
251 497 409 576 δας,
473 499 679 586 quoad
720 499 1151 565 differentiam
1193 494 1670 583 obsignationis
1704 493 1797 559 in-

199 593 516 679 'ductam
576 614 744 680 inter
801 614 1376 681 circumcisionem
1457 624 1518 677 et
1585 610 1787 696 Bapti-

242 752 497 809 smum,
537 733 747 819 magis
780 734 956 820 ipsos
1000 731 1336 798 intendere
1370 729 1542 795 illam
1578 727 1795 814 signa-

235 846 515 926 tionem,
561 868 709 933 quae
745 861 843 913 est
886 869 1000 934 per
1049 847 1357 933 gratiam,
1413 863 1606 931 quam
1650 863 1792 929 pro-

233 963 485 1028 babant
539 978 758 1031 contra
803 965 1088 1042 Judaeos,
1158 983 1286 1027 non
1335 962 1549 1027 datam
1594 959 1796 1026 fuisse

233 1078 300 1142 in
375 1078 910 1163 circumcisione,
946 1101 1021 1145 eo
1072 1078 1261 1144 modo
1319 1097 1449 1162 quo
1489 1094 1686 1161 supra
1727 1073 1790 1139 in

231 1193 413 1258 dicta
474 1194 834 1281 quaestione
892 1194 1204 1260 diximus,
1252 1192 1343 1257 Ad
1386 1189 1785 1256 secundum:

234 1310 345 1375 illa
440 1310 868 1396 congruentia
940 1331 1069 1376 non
1130 1320 1322 1394 urget
1404 1304 1792 1372 affirmando

234 1426 688 1491 characterem
758 1447 904 1491 esse
953 1423 1105 1512 quid
1167 1423 1565 1499 absolutum,
1640 1420 1788 1507 quia

233 1541 312 1605 ad
367 1542 535 1606 alios
576 1541 846 1606 effectus
886 1538 1327 1607 distinctionis
1368 1551 1430 1603 et
1461 1536 1790 1623 dispositi-

234 1659 390 1723 onis
425 1658 866 1744 permanentis
905 1658 984 1723 ad
1043 1657 1321 1743 gratiam
1362 1655 1497 1720 dari
1544 1664 1784 1739 posset.

238 1772 337 1838 Ad
384 1773 671 1851 tertium,
717 1783 1003 1838 transeat
1034 1770 1445 1847 antecedens,
1490 1781 1553 1834 et
1595 1787 1787 1854 nega·

237 1899 349 1953 tur
402 1889 894 1976 consequentia.
943 1888 1035 1953 Ad
1078 1898 1383 1974 quartum
1416 1885 1789 1951 similitudi-

236 2026 319 2069 ne
362 2003 660 2087 rationis,
711 2016 930 2090 posset
989 2002 1114 2069 dici
1169 2004 1230 2067 in
1290 2002 1584 2068 remedio
1624 1999 1790 2086 legis

234 2132 498 2185 naturae
552 2119 770 2185 datum
836 2120 1039 2187 fuisse
1104 2118 1567 2193 characterem,
1640 2115 1786 2201 quia

236 2235 404 2301 alias
432 2234 719 2300 soeminae
753 2256 878 2300 non
900 2235 1462 2321 aequipararentur
1486 2231 1788 2298 masculis

236 2352 304 2416 in
346 2351 542 2417 donis
572 2351 1205 2437 supernaturalibuS,
1260 2351 1313 2416 si
1356 2371 1470 2436 per
1502 2350 1788 2414 Circum-

236 2468 563 2534 cisionem
619 2468 885 2535 daretur
939 2468 1296 2546 character,
1361 2478 1424 2532 et
1481 2486 1607 2531 non
1675 2487 1789 2552 per

237 2585 487 2669 ipsum.
532 2586 657 2650 Res
688 2596 785 2650 est
815 2584 1094 2650 obscura
1134 2583 1287 2649 hinc
1343 2582 1518 2662 inde,
1562 2602 1786 2669 quam-

235 2701 342 2767 vis
384 2712 771 2787 argumenta
811 2702 944 2766 Soti
1003 2712 1227 2766 contra
1286 2699 1567 2786 priorem
1636 2718 1782 2763 sen-

236 2817 543 2896 tentiam,
589 2838 670 2882 ex
711 2816 1067 2883 inefficacia
1107 2816 1274 2902 legis
1332 2814 1411 2881 ad
1478 2816 1780 2894 salutem,

234 2954 368 2999 non
453 2934 730 3000 multum
813 2945 1074 3019 urgent,
1164 2933 1243 2998 ad
1348 2952 1496 3018 quae
1589 2952 1786 3017 supra

229 3069 625 3137 responsum
666 3060 788 3129 est,
824 3049 975 3115 vide
1033 3049 1251 3135 ipsum
1292 3049 1448 3115 disc.
1496 3053 1551 3116 1.
1612 3071 1671 3134 q.
1716 3052 1781 3115 4.

232 3179 365 3234 arc.
410 3173 472 3234 1.
519 3169 591 3234 in
626 3168 786 3250 line.
826 3170 1305 3253 Argumentum
1346 3166 1518 3255 quod
1558 3166 1626 3232 in
1661 3167 1782 3233 ini-

232 3285 322 3349 tio
362 3286 443 3352 ad
485 3285 858 3372 oppositum
910 3286 1173 3352 adducit
1239 3298 1335 3352 est
1402 3285 1781 3352 fundamen-

230 3415 369 3469 tum
417 3422 451 3467 a
487 3401 777 3479 ratione;
845 3402 1015 3467 unde
1050 3403 1361 3488 probetur
1399 3401 1666 3477 veritaS,
1702 3422 1781 3466 ex

234 3542 310 3584 eo
351 3520 528 3608 quod
572 3521 941 3606 Baptismus
974 3521 1059 3585 sit
1100 3518 1511 3602 initerabilis,
1550 3517 1787 3585 debere

235 3636 607 3724 relinquere
682 3636 963 3724 aliquem
1020 3636 1321 3702 effectum
1394 3655 1787 3721 permanen-

237 3763 392 3829 tem,
431 3753 541 3839 qui
583 3752 819 3820 dicitur
859 3752 1215 3830 character,
1270 3771 1476 3838 eoque
1519 3750 1785 3837 potissi-

239 3887 416 3933 mum
455 3878 689 3955 urgent
722 3867 1011 3933 moderni
1054 3868 1397 3934 haereticos
1426 3888 1460 3932 a
1506 3866 1779 3931 ratione.

684 4187 1141 4271 QUAESTIO
1238 4188 1336 4259 X.

3350 315 3471 390 61'5

1915 482 2499 582 Philosophum
2528 492 2595 562 2.
2646 494 2867 559 Ethz'c.
2925 489 3091 563 tria
3126 492 3315 564 sunt
3367 487 3452 559 in

1911 608 2207 687 anima,
2279 608 2666 699 potentia,
2752 608 3030 702 passio
3111 612 3191 680 ct
3251 605 3467 682 habi-

1911 731 2078 800 tus:
2126 722 2559 796 character
2592 745 2748 795 non
2789 730 2912 798 est
2947 724 3022 793 in
3061 725 3460 815 potentia,

1908 844 2160 936 patet,
2234 840 2419 933 quia
2498 860 2659 912 non
2755 846 2881 913 cst
2961 840 3461 914 naturaliter

1909 958 1987 1029 in
2080 958 2260 1050 ipsa
2352 957 2847 1037 anima;nec
2916 960 3042 1030 est
3152 955 3456 1049 passi0‚

1908 1073 2094 1165 quia
2174 1077 2298 1147 est
2384 1070 2652 1144 forma
2719 1092 3242 1165 perma.nens;
3320 1092 3464 1144 nec

1907 1189 2256 1271 habitus,
2341 1189 2526 1282 quia
2579 1188 2901 1262 habitus
2970 1195 3097 1262 est
3187 1211 3465 1261 sccun-

1904 1304 2089 1376 dum
2155 1325 2386 1396 quem
2433 1304 2732 1376 habens
2785 1305 2981 1375 bene
3040 1305 3164 1376 vel
3252 1306 3463 1377 male

1906 1424 2177 1515 potest
2306 1419 2675 1513 operari;
2777 1420 3212 1494 character
3300 1441 3462 1492 non

1904 1543 2027 1611 est
2071 1538 2563 1631 principium
2643 1538 2989 1628 alicujus
3104 1538 3463 1631 operati-

1907 1655 2342 1726 onisbonae
2397 1656 2520 1726 vel
2609 1655 2866 1726 malae.
2948 1655 3127 1725 Non
3203 1655 3458 1738 bonae,

1905 1772 2091 1864 quia
2201 1777 2467 1863 potest
2557 1774 2779 1842 stare
2839 1791 3020 1843 cum
3129 1774 3458 1863 peccato

1909 1887 2290 1971 mortali;
2327 1908 2486 1959 non
2522 1887 2779 1967 malsc,
2819 1892 3068 1980 patet,
3116 1887 3307 1978 quia
3339 1893 3465 1962 est

1907 2006 2200 2078 donum
2245 2005 2416 2085 Dei,
2456 2010 2536 2076 et
2587 2004 2923 2075 effectus
2991 2006 3464 2076 Sacramen-

1906 2123 2009 2201 ti,
2052 2140 2253 2209 ergo
2338 2120 2404 2190 si
2469 2119 2612 2190 illa
2660 2118 2948 2191 divisio
2993 2118 3467 2211 Philosophi

1905 2239 2407 2311 sufficienter
2449 2240 2786 2310 evacuet
2820 2238 3171 2309 formam
3240 2237 3466 2308 abso-

1904 2356 2164 2426 lutam
2219 2354 2294 2425 in
2376 2351 2677 2433 anima,
2753 2352 3124 2443 sequitur
3167 2373 3457 2445 propo-

1906 2470 2183 2541 situm.

1994 2589 2229 2669 Item,
2289 2586 2356 2657 si
2416 2590 2632 2658 esset
2703 2584 2971 2657 forma
3052 2585 3452 2669 absoluta,
3480 2623 3709 2687 Argum.
3742 2622 3799 2675 2,

1901 2724 2060 2774 non
2122 2705 2392 2795 potest
2456 2702 2670 2793 poni,
2735 2701 2896 2773 nisi
2978 2700 3069 2771 de
3158 2720 3455 2791 genere

1904 2818 2351 2912 qualitatiS‚
2435 2821 2656 2910 patet
2717 2817 3239 2890 discurrendo
3316 2838 3461 2910 per

1902 2934 2066 3006 alia
2127 2951 2669 3025 genera;non
2746 2931 2962 3004 enim
3062 2938 3187 3006 est
3285 2933 3460 3005 sub-

1904 3050 2234 3128 stantia,
2348 3050 2540 3141 quia
2662 3049 2981 3120 advenit
3077 3055 3262 3142 post
3331 3074 3466 3118 esse

1902 3168 2399 3261 completum
2486 3165 3006 3248 substantiae;
3092 3189 3252 3240 non
3337 3176 3464 3244 est

1902 3285 2343 3378 quantitas,
2409 3287 2651 3376 patet,
2710 3285 2894 3377 quia
2957 3283 3225 3357 forma
3295 3287 3462 3377 spi-¹

1905 3401 2237 3474 ritualis
2307 3411 2376 3474 et
2420 3402 2946 3493 incorporea;
2993 3406 3072 3474 et
3125 3403 3239 3475 sic
3301 3403 3460 3475 dis-

1898 3521 2300 3596 currendo
2352 3520 2442 3591 de
2483 3518 2697 3589 aliis.
2750 3518 3120 3600 Qualitas
3183 3525 3457 3593 autem

1900 3639 2084 3735 poni
2149 3658 2307 3709 non
2407 3640 2706 3729 potest.
2790 3635 3200 3709 Probatur
3303 3634 3462 3708 dis-

1899 3753 2295 3828 currendo
2346 3770 2492 3843 per
2550 3750 2858 3842 species
2902 3752 3356 3841 qualitatis.

1992 3871 2429 3947 Praeterea,
2478 3866 2744 3938 forma
2804 3867 3176 3941 absoluta
3222 3868 3458 3944 habet
3483 3914 3707 3978 Argum,
3739 3913 3796 3968 3,

1899 3987 2261 4078 aliquam
2334 3983 2894 4076 operationem
2978 3986 3447 4078 propriam;

1896 4103 2335 4176 character
2424 4101 2698 4171 autem
2786 4120 2945 4171 non
3023 4100 3262 4176 habet
3303 4102 3451 4174 ali-

1902 4237 2145 4311 qua-m
2180 4216 2738 4310 operationem
2782 4216 3203 4309 propriam
3267 4244 3281 4301 ;
3331 4241 3459 4292 er-

1794 4333 1799 4338 ”
1899 4355 2027 4427 go,
2074 4337 2231 4408 etc.

323 4477 424 4540 An
501 4474 853 4539 character
907 4475 995 4540 sil
1053 4475 1280 4558 forma
1337 4475 1698 4542 absoluta?

239 4720 453 4778 Alensis
481 4723 534 4778 4.
573 4736 628 4788 p.
658 4736 710 4789 q.
747 4720 831 4776 19.
862 4737 944 4775 m.
980 4720 1028 4775 1.
1072 4726 1188 4773 art.
1232 4720 1279 4776 1.
1307 4727 1355 4774 οι
1384 4723 1439 4775 2.
1474 4722 1541 4775 D.
1579 4722 1783 4777 Bonav.

310 4804 401 4857 hic
458 4808 573 4857 art.
637 4801 689 4857 1.
745 4817 798 4869 q.
863 4801 910 4855 1.
959 4799 1117 4857 Rich.
1174 4802 1230 4855 d.
1278 4801 1330 4855 5.
1369 4809 1481 4857 art.
1542 4805 1596 4857 2.
1637 4819 1687 4870 q.
1732 4804 1782 4859 1.

313 4873 380 4930 D.
415 4873 608 4928 Thom.
640 4873 697 4929 3.
734 4889 792 4940 p.
832 4890 882 4941 q.
907 4873 999 4926 63.
1034 4878 1146 4927 art.
1215 4874 1264 4926 2.
1295 4873 1497 4926 suarez
1525 4876 1662 4929 ibid.
1697 4875 1784 4930 11.

309 4952 434 5000 secl.
467 4948 523 5001 2.
552 4943 791 4998 Durand.
814 4946 865 4998 d.
886 4945 936 4998 4.
956 4960 1008 5009 q.
1034 4943 1082 4998 1.
1104 4945 1261 4999 Sotus
1279 4946 1335 4997 d.
1362 4944 1410 4999 1.
1437 4961 1489 5013 q.
1513 4946 1565 5000 4.
1592 4950 1703 5000 art.
1726 4949 1781 5001 2.

312 5017 510 5074 Athert.
540 5013 634 5070 hic
662 5021 773 5070 art.
810 5015 865 5072 3.
893 5014 1029 5070 Vide
1047 5015 1185 5089 Scot.
1210 5019 1266 5072 7.
1301 5017 1516 5082 Physic.
1552 5032 1602 5074 ο.
1631 5017 1684 5071 4.

339 5265 446 5337 Ad
489 5260 919 5335 secundum
974 5258 1088 5330 sic
1153 5257 1645 5350 proceditur,
1710 5262 1789 5331 ct

139 5372 216 5482 5ff·
253 5378 628 5469 arguitur
679 5374 883 5467 quod
948 5373 1384 5447 character
1451 5394 1609 5454 non
1682 5373 1787 5444 sit

257 5493 521 5567 forma
590 5491 991 5571 absoluta,
1081 5490 1269 5581 quia
1355 5489 1789 5568 secundum

1990 4445 2427 4521 Praeterea,
2486 4440 2753 4511 forma
2803 4440 3177 4514 absoluta
3239 4444 3448 4516 acci-

1898 4557 2241 4632 dentalis
2324 4576 2844 4648 quaecumque
2913 4562 3038 4631 cst
3092 4559 3452 4632 delebilis

1902 4676 1999 4747 ab
2060 4676 2201 4747 illo
2247 4674 2323 4746 in
2371 4694 2523 4766 quo
2592 4677 2740 4755 est,
2799 4674 2984 4766 quia
3043 4675 3446 4748 abeodem

1904 4794 2174 4885 potest
2223 4789 2470 4862 deleri
2552 4790 2641 4861 de
2726 4790 3091 4882 subjecto
3181 4813 3228 4862 a.
3297 4814 3452 4883 quo

1903 4906 2434 4999 imprimitur,
2491 4905 2569 4976 in
2641 4905 3089 4995 subiectum
3162 4908 3453 4981 saltem

1903 5044 1947 5096 a
1989 5025 2183 5101 Deo,
2249 5022 2436 5113 quia
2514 5042 2608 5092 cx
2663 5040 2817 5112 quo
2869 5026 2992 5097 est
3037 5023 3448 5114 posterius

1906 5159 2049 5210 suo
2098 5138 2486 5229 subJect0‚
2517 5157 2675 5208 non
2713 5142 2832 5210 est
2881 5141 3445 5224 contradictiO,

1906 5255 2107 5347 quod
2169 5274 2326 5325 non
2365 5253 2596 5332 insit:
2644 5253 3080 5328 character
3141 5256 3444 5348 simpli·

1903 5371 2113 5443 citer
2161 5370 2281 5441 est
2331 5369 2816 5448 indelebilis:
2882 5389 3104 5461 erg0,
3160 5376 3311 5445 etc.

3481 4519 3703 4579 Argum.
3739 4517 3794 4569 4.

1993 5487 2499 5580 Oppositum,
2547 5484 2980 5560 character
3029 5491 3150 5561 est
3191 5491 3450 5584 dispo·
3530 5455 3747 5581 offssotg't.
