4255 6375
531 555 752 619 duplex.

461 616 576 669 Alia
604 625 782 668 eontra

524 1132 719 1181 semper

488 1181 748 1230 meliorem

515 1250 706 1311 partem

801 398 919 463 426

816 558 897 629 in
992 563 1498 657 suscipiendo
1573 569 2080 661 Baptismum
2179 591 2357 642 esse

488 674 1049 803 &gemam-fictus
1109 680 1565 773 dupliciter.
1611 684 1788 756 Uno
1845 686 2102 767 mon
2155 688 2356 778 quod
2467 688 2862 779 displicet,
2931 691 3150 761 nullo
3216 692 3444 761 modo
3501 690 3780 781 recipit
3816 710 3953 781 gra·

459 803 780 931 allsspoffiffi
813 795 1180 868 ostendat
1251 819 1334 871 se
1399 799 1605 872 velle
1676 802 2040 893 recipere
2130 802 2352 874 illam

493 928 770 1042 {31:232
810 911 1331 995 ablutionem,
1376 937 1470 988 eo
1516 916 1747 987 modo
1785 940 1938 1010 quo
1995 919 2356 991 Ecclesia

485 1054 750 1120 praesumit
812 1029 1148 1104 intendit
1216 1052 1396 1104 eam
1467 1035 1864 1115 conferre,
1928 1042 2006 1109 et
2082 1040 2353 1109 tamen

814 1148 1277 1238 oppositum
1321 1151 1558 1226 habet
1609 1154 1686 1223 in
1730 1152 2026 1236 anim0,
2090 1158 2167 1226 et
2221 1153 2355 1226 ille

811 1281 971 1334 non
1025 1264 1318 1359 recipit
1367 1272 2013 1350 Sacramentum,
2080 1276 2167 1342 ut
2226 1291 2351 1361 pa-

809 1385 926 1456 tet
970 1403 1066 1454 ex
1123 1387 1566 1476 quaestione
1611 1387 2118 1480 praecedenti,
2168 1388 2353 1478 quia

807 1494 1296 1587 simpliciter
1378 1504 1501 1572 est
1595 1502 1878 1572 nolens
1980 1504 2347 1593 respectu

802 1612 1241 1685 ablutionis
1302 1616 1951 1695 sacramentalis,
2011 1618 2205 1693 licet
2248 1622 2350 1691 sit

797 1731 1104 1810 volens,
1146 1735 1513 1824 respectu
1565 1733 2003 1805 ablutionis
2047 1735 2348 1826 simpli·

799 1845 939 1928 cis,
986 1852 1065 1920 et
1117 1848 1182 1919 si
1245 1848 1437 1919 talis
1493 1854 1774 1940 postea
1841 1850 2254 1925 recederet
2305 1873 2345 1923 a

798 1962 1147 2045 fictione,
1185 1967 1403 2037 esset
1455 1965 2023 2056 baptizandus3
2075 1972 2343 2038 tamen

802 2078 1167 2150 Ecclesia
1201 2080 1605 2169 judicaret
1647 2102 1830 2153 eum
1883 2083 2348 2156 consentire

801 2195 885 2267 in
943 2195 1439 2270 ablutionem
1516 2201 2224 2280 sacramentalem,
2270 2206 2350 2274 et

802 2317 1134 2401 cogeret
1174 2333 1356 2384 eum
1392 2314 1486 2385 ad
1523 2315 2125 2387 observantiam
2176 2318 2348 2388 fidei

806 2428 1319 2510 Christianae,
1412 2431 1600 2521 quia
1671 2433 2096 2523 praesumit
2167 2454 2347 2525 par-

804 2545 968 2615 tem
1012 2542 1462 2625 meliorem,
1525 2547 1838 2635 quando
1892 2546 2123 2636 signa
2192 2568 2349 2618 ma-

802 2658 926 2749 gis
970 2661 1478 2751 praetendunt
1536 2681 1740 2743 eam,
1797 2663 2009 2736 sicut
2054 2684 2346 2755 praesu-

804 2777 951 2849 mit
1037 2781 1214 2869 post
1286 2780 1926 2862 matrimonium,
1997 2782 2088 2852 de
2157 2783 2341 2855 ficto

801 2899 1335 2983 cognoscente
1372 2896 1620 2976 illam,
1681 2917 1918 2988 quam
1955 2898 2339 2977 affidavit.

802 3028 1296 3100 cognoscere
1391 3012 1680 3086 affectu
1784 3015 2174 3095 maritali,
2269 3023 2347 3089 et

806 3127 979 3200 ideo
1032 3128 1253 3220 cogit
1303 3150 1487 3202 eum
1544 3131 1637 3202 ad
1679 3151 1965 3203 verum
2016 3155 2344 3206 consen-

806 3266 985 3318 sum
1023 3246 1716 3319 matrimonialem
1771 3250 1848 3319 in
1890 3271 2093 3320 eam.

894 3361 1073 3433 Alio
1154 3365 1382 3434 modo
1464 3366 1729 3455 potest
1807 3364 2101 3455 aliquis
2173 3389 2349 3438 esso

806 3481 1595 3561 fictus,‚ostendendo
1659 3503 1740 3553 se
1789 3504 1966 3556 esse
2015 3486 2349 3576 disposir

697 3608 706 3614 ’
801 3605 977 3673 tum
1086 3599 1179 3669 ad
1249 3597 1797 3691 recipiendum
1869 3604 2345 3674 Sacramen-

802 3723 1000 3795 tum,
1045 3718 1124 3787 et
1184 3722 1455 3787 tamen
1497 3734 1654 3786 non
1723 3721 1846 3789 est
1904 3717 2347 3809 dispositus

801 3833 1174 3911 interius,
1221 3831 1347 3903 vel
1420 3831 1607 3922 quia
1684 3852 1843 3903 non
1923 3832 2162 3907 habet
2232 3857 2350 3906 ro-

799 3954 1015 4023 ctam
1058 3949 1314 4030 fidem,
1353 3947 1479 4020 vel
1515 3948 1703 4040 quia
1745 3946 1982 4023 habet
2027 3952 2347 4044 aliquod

801 4070 1223 4160 peccatum
1313 4066 1665 4138 mortale
1733 4072 1923 4139 tunc
1995 4068 2072 4140 in
2133 4077 2344 4152 actu,

800 4186 925 4257 vel
973 4185 1510 4277 praeteritum,
1543 4186 1632 4256 de
1668 4205 1822 4276 quo
1857 4187 2080 4258 nullo
2119 4189 2348 4258 modo

806 4300 1200 4375 atteritur
1285 4300 1411 4371 vel
1479 4301 1964 4374 conteritur.
2033 4303 2129 4374 Et
2190 4303 2349 4376 isto

808 4418 1152 4491 secundo
1253 4417 1486 4489 modo
1592 4419 2139 4490 communiter
2241 4420 2349 4491 lo-

806 4540 1168 4627 quuntur
1257 4534 1531 4607 Sancti
1601 4535 1679 4605 et
1769 4535 2186 4608 Doctores
2234 4538 2350 4607 -de

801 4654 988 4725 ficte
1020 4651 1454 4743 baptizato.

890 4769 1092 4842 Dico
1183 4772 1373 4840 tunc
1458 4766 1584 4856 (b),
1678 4769 1863 4859 quia
1940 4769 2350 4839 nolentem

799 4887 1015 4958 Deus
1070 4904 1227 4955 non
1281 4883 1708 4976 justificat,
1775 4885 2209 4957 secundum
2259 4885 2350 4956 il-

806 5002 934 5074 lud
980 5000 1412 5092 Augustini
1450 5029 1463 5070 :
1510 5005 1639 5079 Qui
1683 5006 1932 5067 crearit
1975 5015 2033 5068 te
2072 5006 2218 5069 sine
2266 5015 2345 5083 te,

800 5142 934 5185 non
963 5121 1367 5206 justificabit
1402 5131 1461 5185 te
1499 5121 1644 5184 sinc
1686 5131 1764 5184 te.
1807 5120 1995 5197 Iste,
2043 5139 2080 5207 q
2098 5117 2177 5188 ui
2219 5117 2349 5187 ha-

800 5235 933 5308 bet
995 5235 1432 5310 actualiter
1477 5233 1786 5306 obicem
1835 5238 2127 5306 contra
2171 5254 2349 5324 gra-

807 5352 1029 5434 tiam,
1109 5356 1301 5444 puta
1365 5350 1949 5432 infidelitatem,
2020 5353 2138 5421 vel
2212 5350 2350 5422 ali-

806 5469 1010 5560 quod
1101 5472 1542 5561 peccatum,
1619 5468 1822 5559 quod
1899 5473 2089 5540 tunc
2167 5474 2345 5540 actu

806 5582 1255 5655 voluntatis
1352 5584 1820 5664 committit,
1916 5582 2042 5654 vel
2146 5584 2349 5673 quod

1910 411 2054 470 121ss.
2103 411 2204 474 Ν.
2249 411 2838 476 SENTENTIARUM

2473 572 2700 664 prius
2752 573 3189 657 commisit,
3225 578 3302 647 et
3334 574 3556 646 nullo
3592 576 3809 646 modo
3835 574 3946 647 sibi

2471 805 2694 887 tiam,
2770 808 3199 878 secundum
3256 807 3810 897 Augustinum‚
3859 807 3952 876 ubi

2472 942 2715 1012 supra
2765 947 2778 989 :
2833 926 3064 990 Omnis
3094 928 3207 1010 qui
3243 946 3378 990 311-oe
3428 926 3781 990 voluntatis
3823 926 3956 989 arbi-

2471 1051 2568 1104 ter
2615 1043 3004 1105 constitutus
3053 1052 3168 1120 cst,
3224 1044 3377 1111 etc.
3424 1042 3503 1110 et
3545 1038 3638 1108 de
3695 1037 3840 1109 isto
3873 1035 3954 1108 in-

2470 1153 2877 1242 telligitur
2941 1152 3129 1223 illud
3178 1157 3358 1245 Sap.
3416 1157 3477 1223 1.
3523 1158 3811 1241 Spiritus
3841 1177 3955 1220 sati·

2468 1285 2607 1336 clus
2636 1273 3016 1357 disciplinoe
3045 1275 3317 1359 effuyiel
3360 1273 3613 1355 fictum.

2562 1389 2656 1457 Et
2692 1385 2756 1456 si
2805 1387 3188 1478 objicitur
3234 1388 3355 1472 (c),
3391 1405 3591 1478 ergo
3638 1386 3782 1457 iste
3810 1387 3957 1455 tunc
4036 1414 4043 1437 τ

2468 1502 2785 1574 videtur
2851 1524 3028 1575 esse
3088 1503 3548 1594 perplexus,
3610 1503 3956 1593 quianon
4029 1480 4033 1509 ⁸

2474 1623 2688 1712 patet
2762 1620 2911 1690 sibi
2993 1619 3123 1690 via
3211 1618 3525 1699 salutis,
3602 1639 3781 1689 curn
3838 1610 4037 1703 nonff

2473 1738 2726 1828 possit
2792 1736 3088 1807 iterum
3152 1734 3578 1826 baptizari,
3639 1735 3811 1826 quia
3864 1735 3957 1805 ba·

2470 1853 2820 1945 ptizatus
2863 1857 3009 1933 est,
3058 1856 3134 1925 et
3198 1854 3367 1923 sine
3426 1853 3708 1941 gratia
3763 1851 3961 1943 bapti-

2469 1969 2703 2040 smali
2751 1968 3055 2040 salvari
3098 1989 3255 2039 non
3307 1972 3604 2060 potest.
3666 1967 3962 2059 Respon-

2464 2085 2634 2164 deO,
2730 2084 3218 2175 rebaptizari
3281 2103 3439 2154 non
3492 2086 3788 2174 potest,
3824 2084 3957 2173 quin

2465 2204 2678 2274 Deus
2748 2201 3104 2274 instituit
3186 2200 3699 2292 Baptismum
3790 2200 3965 2271 inite·

2468 2321 2830 2399 rabilem,
2869 2340 2963 2390 ne
3002 2323 3340 2411 propter
3379 2319 3698 2409 plenam
3742 2317 3967 2389 remis-

2468 2438 2800 2516 sionem,
2903 2457 3075 2525 quae
3162 2436 3252 2508 fit
3320 2434 3426 2506 ibi
3505 2436 3679 2505 tam
3759 2433 3963 2524 culpae

2468 2576 2703 2646 quam
2755 2573 3024 2644 pinnae,
3087 2554 3424 2624 daretur
3484 2551 3807 2623 occasio
3863 2570 3965 2621 5ae

2470 2671 2645 2762 pius
2742 2667 3273 2758 delinquendi,
3370 2667 3436 2738 si
3544 2667 3961 2759 Baptismus

2469 2791 2742 2877 posset
2777 2784 3070 2875 saepius
3107 2784 3422 2855 iterari.
3471 2785 3698 2865 Quod
3740 2786 3957 2853 autem

2467 2905 2544 2976 in
2628 2902 3047 2994 Baptismo
3128 2902 3215 2974 fit
3287 2900 3671 2971 remissio
3751 2899 3958 2971 omnis

2466 3040 2739 3113 pocnae,
2795 3018 2987 3090 dicit
3043 3015 3523 3089 Ambrosius
3587 3019 3672 3083 cle
3722 3039 3958 3083 consec-r.

2463 3141 2618 3206 dist.
2675 3139 2731 3208 4.
2778 3139 2856 3207 et
2906 3133 3259 3208 sumitur
3307 3134 3397 3206 de
3437 3133 3717 3225 glossa
3773 3150 3963 3224 super

2466 3253 2605 3326 illo
2657 3253 2901 3324 verbo
2941 3279 2953 3320 1
3002 3256 3162 3319 Sine
3212 3255 3604 3336 poenitentia
3636 3265 3786 3318 sem!
3828 3251 3960 3315 dona

2464 3377 2607 3452 Dei,
2676 3372 2909 3440 Rom.
2969 3372 3070 3439 11.
3120 3372 3379 3447 Gratia,
3434 3367 3725 3458 inquit,
3770 3370 3877 3433 Dei
3916 3369 3959 3430 ιἰι

2920 3509 3049 3552 mm
3128 3489 3412 3573 requirit
3484 3489 3820 3572 yemitnm,
3892 3485 4053 3566 velta.

4014 3553 4023 3592 t

2461 3609 2824 3692 planctum,
2884 3605 2984 3668 vel
3041 3603 3314 3687 aliquod
3366 3624 3554 3689 opuS,
3620 3603 3735 3667 sed
3786 3601 3959 3665 omnia
4022 3647 4029 3652 .

2462 3720 3079 3808 {Ji-alisecndonc113
3135 3720 3215 3787 et
3280 3715 3683 3805 Magister
3734 3717 3793 3786 4.
3841 3716 3957 3781 disi.
4019 3685 4037 3780 i

2464 3861 2608 3922 cap.
2646 3837 3052 3922 antepenult.
3092 3834 3387 3902 Tamen
3429 3832 3636 3905 nulli
3672 3812 4055 3923 quoties-ii?⁴

2468 3971 2806 4042 cumque
2878 3948 3205 4027 labenti,
3289 3947 3718 4040 praeclusit
3796 3949 3958 4020 Deus
3996 3983 4021 4030 f⁴

2467 4068 2681 4137 viam
2718 4066 3007 4136 salutis
3044 4065 3121 4135 in
3158 4066 3304 4136 hac
3344 4065 3563 4148 vita3
3611 4083 3767 4135 non
3796 4063 3956 4133 enini

2468 4186 2559 4255 ad
2625 4183 3021 4276 majorem
3085 4183 3705 4256 miserationem
3758 4177 3959 4250 voluit

2467 4304 2640 4394 ipse
2675 4322 3257 4394 quemcumque
3290 4306 3672 4373 nostrum
3709 4299 3795 4371 ad
3826 4315 3957 4390 pro·

2466 4421 2775 4491 ximum
2824 4419 3208 4509 obligare,
3270 4439 3509 4508 quam
3566 4419 3740 4510 ipse
3795 4413 3957 4485 volu-

2466 4538 2626 4610 erit
2707 4536 3000 4607 habere
3069 4537 3161 4606 ad
3232 4534 3665 4607 subditum.
3772 4535 3955 4603 Petro

2468 4660 2739 4727 autem
2786 4652 3207 4745 quaerenti,
3253 4655 3486 4720 Manli.
3534 4656 3645 4723 18.
3699 4647 3953 4742 quoties

2466 4769 2789 4839 deberet
2856 4768 3267 4839 dimittere
3339 4763 3589 4839 fratri
3652 4758 3952 4858 peccanti

2470 4887 2547 4956 in
2601 4886 2893 4977 ipsum,
2930 4911 3019 4954 (ιη
3065 4890 3303 4973 septies
3344 4891 3374 4952 ζ)
3425 4882 3849 4976 respondit,
3887 4902 3952 4945 s»-

2466 5007 2764 5088 pluagyies
2812 5005 3094 5088 seplies;
3149 5000 3310 5070 imo
3372 5000 3799 5071 Secundum
3846 4996 3952 5065 All·

2468 5118 2881 5206 gustinum
2928 5116 3006 5187 in
3068 5115 3361 5188 Homil.
3408 5119 3681 5194 millies,
3725 5114 3949 5177 millies:

2466 5239 2547 5307 et
2635 5233 3237 5314 universaliter,
3352 5230 3946 5324 quotiescumque

2469 5350 2926 5443 peccaverit
2995 5354 3070 5421 et
3137 5346 3731 5438 recognoverit,
3815 5358 3944 5429 par·

2468 5467 2798 5538 cendum
2834 5469 2955 5538 est
2999 5466 3096 5537 ei.
3140 5465 3266 5538 Sic
3300 5483 3500 5555 ergo
3535 5466 3741 5537 Deus
3779 5451 3939 5531 inssi-

2465 5583 2627 5657 tuit
2675 5583 2998 5674 aliquod
3049 5582 3260 5654 aliud
3305 5581 3764 5658 remedium,
3801 5590 3938 5662 quo-

2469 3493 2827 3575 Baptisnm,
