4255 6375
408 590 691 638 Monstrum

426 651 481 702 in
508 652 693 703 Gallia.

409 1460 694 1511 Monstrum

454 1524 671 1573 duarum

426 1587 729 1647 animarum,

445 1648 697 1712 quomodo

436 1710 700 1775 baptizan-

496 1772 635 1823 (lum.

401 4577 487 4628 Ad
517 4593 610 4642 aig

752 371 870 433 556

756 530 1055 603 habens
1095 533 1248 605 duo
1300 536 1595 628 capita,
1655 556 2002 627 quorum
2055 552 2299 605 unum

755 652 1164 744 expressit
1197 654 1413 727 nolle
1454 656 1544 728 de
1576 676 1695 739 ec,
1746 656 1835 727 de
1875 677 2033 747 quo
2087 654 2302 727 aliud

754 769 1160 860 expressit
1240 771 1469 844 velle.
1545 772 1809 844 Unum
1880 772 2096 844 enim
2166 790 2301 841 no-

754 882 907 957 luit
956 885 1400 965 continere,
1446 893 1525 961 et
1568 889 1837 961 sobrie
1887 889 2188 968 vivere,
2225 893 2305 960 et

755 1000 967 1073 aliud
1012 1003 1394 1078 lascivire
1443 1011 1524 1080 et
1584 1006 1925 1098 epulari,
1986 1012 2066 1080 et
2117 1027 2302 1078 cum

755 1140 1001 1191 unum
1055 1142 1200 1213 per
1253 1144 1341 1195 os
1392 1144 1624 1197 suum
1677 1126 2127 1207 excederet,
2186 1144 2304 1197 re·

754 1237 1064 1329 liquum
1127 1243 1531 1315 clamabat
1577 1265 1661 1316 se
1712 1245 2075 1336 gravari.

847 1357 961 1427 De
1031 1358 1171 1430 tali
1250 1366 1617 1433 monstro
1675 1362 1879 1442 dico,
1961 1362 2164 1454 quod
2235 1361 2300 1432 si

760 1472 1159 1546 certitudo
1232 1481 1500 1567 potest
1587 1476 1889 1554 haberi,
1964 1480 2043 1549 ct
2142 1476 2301 1547 sint

719 1595 1066 1678 partes,
1131 1593 1222 1664 de
1282 1594 1568 1685 quibus
1613 1597 1837 1687 patet
1885 1594 2089 1685 quod
2136 1614 2305 1685 per·

764 1705 1017 1780 tinent
1077 1708 1169 1779 ad
1227 1707 1652 1783 distinctas
1721 1731 2140 1802 personas,
2189 1731 2304 1782 se·

759 1823 1115 1914 paratim
1154 1822 1521 1915 perfundi
1561 1826 1885 1899 deberet
1916 1826 2074 1899 ista
2109 1845 2301 1919 pars

753 1942 833 2010 et
902 1938 1066 2021 illa,
1131 1960 1313 2012 cum
1386 1942 1823 2015 iteratione
1884 1942 2169 2015 formae
2221 1941 2303 2014 in

753 2057 1156 2149 singulari
1214 2081 1459 2152 super
1507 2065 1963 2153 utrumque.
2030 2059 2107 2133 Si
2162 2080 2300 2131 au-

752 2179 909 2247 tem
967 2175 1370 2249 certitudo
1441 2175 1718 2248 haberi
1789 2196 1948 2247 non
2008 2175 2295 2267 possit.

748 2288 1275 2380 baptizandus
1362 2294 1487 2365 est
1577 2291 1866 2363 saltem
1965 2291 2042 2362 in
2136 2290 2298 2363 illis

754 2404 1148 2496 partibus,
1235 2429 1408 2499 quae
1483 2407 2069 2500 principaliter.
2126 2428 2299 2501 per-

758 2520 1016 2596 tinent
1088 2525 1182 2596 ad
1272 2546 1545 2608 unum,
1618 2545 1799 2599 cum
1871 2526 2140 2599 forma
2217 2526 2296 2597 in

751 2637 1199 2729 singulari;
1288 2646 1367 2715 et
1464 2643 1807 2715 secundo
1886 2642 2294 2715 abluendae

749 2758 935 2827 sunt
987 2755 1165 2827 aliae
1212 2763 1512 2850 parteS,
1570 2779 1742 2851 quae
1811 2778 1967 2830 non
2032 2759 2293 2830 viden-

749 2869 886 2938 tur
957 2866 1529 2961 principaliter
1600 2870 2009 2963 pertinere
2052 2871 2144 2942 ad
2209 2872 2295 2943 il·

750 2984 914 3056 lum
960 2985 1340 3078 primum,
1402 2993 1481 3063 et
1542 2987 1693 3061 hoc
1754 3008 1932 3060 cum
1997 2988 2289 3071 forma,

747 3123 921 3196 quae
957 3105 1352 3176 servanda
1384 3111 1508 3178 est
1545 3106 1621 3178 in
1658 3106 1845 3190 illis,
1881 3106 1970 3177 de
2007 3106 2292 3200 quibus

744 3224 865 3292 est
899 3221 1249 3304 dubium,
1317 3245 1489 3315 quae
1536 3225 1867 3317 ponitur
1916 3229 2287 3314 Exeraoaq.

744 3337 828 3403 de
888 3340 1229 3426 Raptis-mo
1278 3354 1336 3407 et
1393 3347 1534 3429 ejus
1586 3345 1847 3429 effectu,
1917 3346 2135 3429 capite
2213 3344 2295 3410 de

745 3455 1002 3541 quibu-3.

1323 3686 1412 3742 SC
1423 3689 1719 3746 HOLIUM.

810 3907 867 3962 Si
904 3911 1139 3964 constat
1172 3913 1512 3966 monstrum
1561 3910 1795 3967 habere
1827 3910 1980 3968 dua÷
2030 3916 2294 3984 animaS,

745 4019 890 4075 pars
947 4010 1232 4075 spectans
1290 4007 1366 4061 ad
1426 3992 1621 4063 hanc⁴
1665 4010 1960 4077 animam,
2035 4015 2293 4069 seorsim

745 4102 1135 4173 baptizanda,
1182 4119 1216 4159 a
1266 4111 1439 4176 parte
1500 4120 1640 4177 quae
1680 4111 1914 4177 spectat
1958 4108 2035 4164 ad
2082 4110 2293 4166 aliam.

745 4201 811 4256 Si
857 4200 1119 4258 dubium
1176 4207 1287 4270 est,
1348 4219 1424 4260 an
1485 4205 1616 4261 haec
1690 4206 1793 4261 vel
1854 4206 1963 4262 illa
2024 4223 2169 4279 pars
2219 4211 2301 4269 sit

749 4301 1010 4358 alterius
1041 4303 1290 4369 animae,
1324 4303 1438 4359 sub
1476 4305 1826 4362 conditione
1859 4305 2223 4376 baptizetur.

839 4498 953 4570 Ad
988 4519 1086 4591 pr
1094 4499 1342 4571 imum
1386 4504 1484 4590 (c)
1518 4507 2119 4592 argumentum,
2167 4526 2298 4578 an·

672 4577 1118 4688 1'tecedens
1168 4637 1326 4688 non
1360 4623 1483 4691 est
1534 4640 1845 4702 verum,
1900 4622 2296 4713 loquendo

747 4732 838 4803 de
909 4753 1066 4804 uno
1140 4735 1585 4825 Baptismo.
1667 4737 1873 4808 Nam
1955 4735 2020 4809 si
2093 4738 2295 4810 idem

751 4847 1106 4941 baptizat
1170 4850 1468 4942 plures,
1534 4852 1684 4924 hoc
1736 4856 1859 4924 est
1928 4853 2297 4944 pluribus

751 4964 1437 5057 baptizationibus
1534 4969 1908 5060 passivis,
2008 4975 2087 5044 et
2185 4973 2300 5044 ita

749 5085 938 5156 sunt
1011 5083 1287 5175 plures
1364 5085 1986 5177 baptizationes.
2052 5090 2154 5161 Et
2232 5089 2297 5160 si

746 5197 1118 5272 intendat
1224 5201 1575 5292 probare
1674 5202 2097 5293 majorem,
2182 5205 2298 5276 lo-

754 5315 1061 5405 quendo
1144 5315 1235 5387 de
1326 5317 1560 5389 unico
1640 5318 2086 5409 BaptismO,
2181 5342 2299 5392 re-

750 5432 1129 5523 spondeo,
1222 5436 1425 5525 quod
1512 5434 1662 5508 hoc
1749 5455 1909 5506 non
2008 5438 2298 5529 probat

750 5549 1018 5643 prima
1084 5551 1462 5643 probatio
1521 5554 1611 5623 de
1699 5553 1977 5626 multis
2057 5554 2298 5628 simul

1974 373 2117 437 Lm.
2152 375 2251 437 lv.
2283 366 2876 438 SENTENTJARUM

2414 534 2800 625 aspersiS,
2847 539 2934 610 ut
2981 539 3202 628 patet
3238 536 3317 608 in
3409 531 3662 604 tertio
3722 549 3955 601 mem-

2414 650 2562 721 bro
2621 651 3198 724 distinctionis.

2503 769 2780 859 Neque
2822 770 3166 842 secunda
3211 767 3590 861 probatio
3623 766 3714 837 de
3745 783 3955 835 mon·

2418 884 2644 965 stris,
2713 886 2903 977 quia
2943 887 3009 959 si
3071 891 3340 959 essent
3381 886 3556 957 duae
3599 903 3958 976 personae

2418 1000 2496 1072 in
2551 1008 2949 1084 monstro,
2987 1007 3258 1077 essent
3307 1001 3790 1093 singillatim
3837 998 3957 1069 ba-

2419 1116 2810 1207 ptizandae
2850 1143 2864 1198 ;
2947 1118 3072 1189 vel
3154 1117 3220 1189 si
3302 1115 3546 1189 simul
3611 1114 3954 1206 baptiza·

2353 1313 2363 1327 ‚
2420 1237 2707 1306 rentur
2746 1218 2894 1307 hac
2946 1235 3262 1307 forma:
3305 1239 3447 1323 qu
3511 1237 3796 1322 Baptizo
3825 1254 3950 1298 mx

2418 1351 2787 1444 quamvis
2886 1354 3261 1427 minister
3328 1355 3710 1445 peccaret
3795 1349 3956 1420 sine

2415 1472 2929 1551 necessitate,
3021 1491 3194 1563 quae
3280 1490 3439 1542 non
3522 1472 3800 1561 posset
3874 1468 3954 1537 tle

2416 1586 2637 1659 facili
2683 1588 3056 1668 inveniri,
3122 1586 3308 1660 talis
3366 1586 3712 1666 scilicet,
3767 1584 3956 1675 quod

2415 1722 2574 1774 non
2599 1708 2875 1795 posset
2916 1703 3329 1796 expectari
3377 1701 3796 1793 singillata
3832 1700 3951 1770 ba·

2418 1819 2755 1910 ptizatio
2797 1841 3108 1897 eorum,
3158 1823 3431 1891 essent
3491 1824 3766 1891 tamen
3810 1817 3949 1887 duo

2415 1936 2840 2028 Baptismi,
2890 1936 3100 2009 sicut
3141 1935 3446 2007 dictum
3501 1940 3629 2008 est
3691 1934 3768 2005 in
3811 1939 3958 2006 ter·

2414 2053 2530 2126 tio
2585 2053 2947 2126 membro
3015 2049 3590 2125 distinctionis.

2503 2171 2613 2242 Ad
2670 2170 3000 2244 tertiam
3055 2168 3625 2262 probationem
3680 2168 3772 2237 de
3817 2169 3950 2237 Eu·

2413 2289 2837 2366 charistia,
2905 2286 3273 2379 quamvis
3331 2286 3729 2360 Sacerdos
3785 2304 3949 2376 pro-

2412 2405 2741 2477 ferendo
2813 2404 3059 2475 semel
3129 2402 3406 2483 verba,
3490 2401 3771 2494 plures
3829 2399 3949 2470 ho·

2411 2522 2615 2596 stias
2667 2525 3090 2594 consecret
3134 2520 3402 2599 simul,
3467 2523 3742 2593 tamen
3778 2520 3949 2589 sunt

2408 2638 2514 2711 ibi
2554 2638 2830 2730 plures
2873 2636 3541 2709 consecrationes
3587 2636 3946 2727 passivae.

2408 2758 2510 2827 Et
2589 2755 2836 2827 etiam
2929 2759 3202 2845 posset
3305 2751 3665 2833 concedi,
3757 2751 3945 2842 quod

2405 2875 2676 2943 essent
2755 2870 3029 2962 plures
3101 2868 3676 2947 Eucharistiae,
3749 2866 3945 2938 sicut

2407 2991 2683 3084 plures
2720 2989 3034 3070 hostiae,
3072 2989 3459 3062 similiter
3500 2989 3742 3081 plura
3778 2991 3944 3061 vina

2405 3110 2911 3187 consecrata,
2965 3106 3177 3180 sicut
3240 3106 3476 3200 plura
3557 3106 3776 3178 vina.

2493 3224 2606 3298 Ad
2667 3224 3098 3296 secundum
3158 3224 3359 3306 dico,
3416 3224 3622 3315 quod
3681 3224 3759 3295 in
3819 3223 3941 3295 ali
3960 3244 4116 3351 ἦξε

2405 3362 2559 3434 quo
2665 3345 3167 3415 concurrunt
3246 3340 3506 3433 plura,
3599 3360 3938 3432 quorum
4041 3385 4046 3400 ς

2407 3457 2810 3550 quodlibet
2870 3458 3042 3529 sine
3100 3457 3260 3529 alio
3321 3462 3446 3531 est
3516 3456 3825 3549 aliquid
3872 3457 3935 3528 in
3971 3491 4066 3554 ῆι·

2408 3594 2517 3655 se,
2591 3575 2669 3645 et
2734 3572 2947 3647 sicut
2996 3577 3117 3645 est
3172 3572 3466 3665 aliquis
3521 3571 3602 3643 in
3656 3595 3766 3653 se,
3839 3573 3938 3643 ita
3986 3551 4118 3679 &gg

2405 3694 2680 3782 potest
2758 3711 3236 3783 permanere
3313 3694 3399 3764 ut
3469 3690 3579 3764 sit
3655 3689 3939 3780 aliquid

2405 3804 2690 3890 totius,
2755 3805 2967 3881 sicut
3038 3811 3162 3880 est
3225 3807 3302 3878 in
3370 3806 3513 3880 illo
3582 3804 3940 3896 exemplo

2404 3931 2496 4002 de
2533 3929 2900 4023 partibus
2933 3928 3241 3999 domus.
3288 3926 3461 3998 Hoc
3515 3928 3746 3998 modo
3798 3946 3939 3998 non

2406 4052 2531 4121 est
2595 4048 2673 4119 in
2739 4044 3193 4139 proposito,
3257 4043 3446 4134 quia
3498 4063 3645 4116 nec
3716 4043 3942 4115 verba

2410 4162 2582 4235 sine
2623 4160 3040 4235 ablutione
3112 4164 3298 4234 sunt
3341 4159 3645 4250 aliquid
3686 4157 3942 4251 Bapti-

2410 4278 2589 4361 smi‚
2656 4298 2800 4349 nec
2879 4276 3187 4350 ablutio
3252 4275 3425 4347 sine
3494 4275 3789 4346 verbis.
3856 4275 3941 4344 Et

2412 4394 2480 4466 si
2522 4395 2764 4475 dicas,
2815 4393 3108 4465 saltem
3168 4391 3307 4465 illa
3371 4396 3461 4465 ut
3502 4392 3743 4464 simul
3799 4390 3943 4462 exi·

2412 4509 2738 4592 stentia,
2821 4513 3007 4582 sunt
3087 4509 3179 4581 ad
3249 4507 3788 4600 Baptismum,
3869 4509 3941 4577 et

2412 4627 2526 4700 sic
2575 4632 2918 4719 possunt
2977 4626 3231 4699 adhuc
3288 4646 3467 4699 esse
3500 4646 3549 4698 a
3587 4625 3937 4704 diversis,

2410 4741 2562 4814 hoc
2639 4761 2927 4815 verum
3012 4744 3252 4822 esset,
3357 4739 3428 4813 si
3506 4762 3668 4814 non
3741 4746 3938 4813 esset

2410 4858 2682 4931 unitas
2780 4856 3208 4931 efficientis
3319 4858 3741 4950 requisita,
3833 4858 3934 4929 in-

2415 4980 2805 5067 quantum
2901 4975 3040 5047 illa
3126 4975 3637 5049 constituunt
3708 4993 3927 5047 unum

2414 5092 2792 5183 signum3
2926 5094 3051 5164 est
3175 5093 3442 5164 autem
3564 5086 3932 5182 requisita

2413 5210 2755 5302 propter
2825 5205 3418 5279 ordinationem
3484 5202 3931 5298 principalis

2414 5322 2733 5415 agentis
2802 5325 2884 5396 et
2963 5320 3513 5402 instituentis;
3592 5325 3673 5395 et
3745 5316 3928 5393 istud

2413 5440 2830 5531 nons,esset
2875 5436 3196 5528 signum
3259 5434 3576 5520 efficax,
3648 5436 3794 5509 nisi
3835 5439 3928 5508 to·

2413 5555 2705 5631 taliter
2765 5552 3386 5628 ministraretur
3433 5554 3535 5625 ab
3585 5554 3866 5627 eodem.
