4255 6375
130 4425 264 4523 ffiven-
301 4452 462 4512 tione
525 4452 762 4529 posita,
829 4450 1157 4532 adjunctis
1216 4453 1377 4526 aliis,
1436 4455 1544 4515 vel
1599 4473 1829 4519 omnes

128 4549 233 4651 2²⁰2?
298 4569 473 4630 simul
500 4572 589 4632 ita
624 4568 1065 4632 determinant
1112 4574 1413 4632 naturam
1458 4570 1830 4648 specificam

126 4663 252 4716 Μ·
298 4683 705 4759 Sacramenti,
763 4691 836 4747 ut
889 4686 1080 4748 simul
1122 4693 1392 4765 sumptae
1451 4707 1464 4749 :

1433 446 1642 510 [ηδτ.
1688 446 1788 507 m.
1836 444 2198 522 QUAEsrio
2254 445 2301 505 1.

289 624 428 668 cum
470 610 839 687 pvoescripta
891 608 1124 681 forma,
1177 610 1354 670 recte
1387 623 1546 688 ergo
1579 608 1817 668 Doctor

288 725 430 786 dicit
470 726 718 787 ablutio
773 728 1069 800 hominis,
1130 728 1184 789 si
1243 727 1480 788 invitus
1533 725 1818 804 baptiza-

3358 437 3467 503 5281

1934 606 2102 680 insit,
2136 621 2287 685 quae
2326 608 2481 666 sunt
2527 604 2648 666 sub
2694 600 2942 681 specie,
2999 599 3175 678 quod
3216 601 3316 659 est
3360 600 3485 657 ter-

1930 725 2086 784 tium
2158 716 2416 802 genus3
2480 721 2635 783 nihil
2694 723 2798 781 est
2849 719 2952 781 bis
2996 719 3305 794 positum,
3373 718 3485 774 aut

283 848 472 914 retur,
519 859 656 905 non
716 850 891 906 esset
947 844 1370 921 baptismalis,
1428 846 1610 905 recte
1657 859 1815 922 ergo
1926 839 2314 919 frequenter
2384 837 2656 911 dictum,
2740 835 2918 915 quod
2991 838 3092 895 est
3178 836 3486 910 quartum

279 959 449 1021 addit
477 962 863 1040 aliqualiter
892 964 1368 1037 consentientis;
1396 964 1448 1024 si
1490 980 1527 1024 a
1571 963 1817 1039 seips0,

281 1093 402 1138 non
431 1083 613 1138 esset
642 1078 1044 1155 baptismalis
1074 1079 1393 1151 similiter,
1424 1084 1606 1139 recte
1658 1095 1817 1157 ergo

279 1192 452 1256 addit
480 1193 564 1256 ab
590 1195 723 1255 alio
741 1196 959 1270 facta,-
987 1196 1040 1255 si
1072 1202 1248 1256 esset
1279 1197 1343 1255 in
1382 1196 1506 1258 alio
1537 1197 1816 1275 liquore,

279 1326 400 1371 non
444 1316 625 1371 esset
655 1310 1085 1387 baptismam,
1140 1315 1321 1372 recte
1354 1328 1512 1390 ergo
1561 1311 1823 1375 additur

279 1429 338 1487 in
380 1444 589 1504 aqum
619 1430 672 1491 si
709 1427 865 1505 joco
901 1432 967 1488 et
1009 1429 1150 1489 sine
1200 1429 1563 1490 intentione
1607 1426 1817 1502 fieret,

284 1557 405 1604 non
464 1547 647 1602 esset
690 1540 1117 1619 baptismaliS‚
1178 1546 1358 1602 recte
1418 1559 1576 1620 ergo
1637 1540 1821 1603 addit

283 1674 415 1718 cum
479 1658 696 1719 debito
759 1659 1122 1720 intentione.
1186 1658 1397 1720 Verba
1467 1660 1576 1721 illa
1646 1665 1821 1721 certa

280 1775 464 1835 verba
511 1775 917 1851 proferente,
968 1774 1250 1838 admittit
1297 1777 1489 1838 Sotus
1541 1790 1688 1838 esse
1735 1776 1819 1837 de

281 1892 520 1953 ratione
594 1892 1018 1965 sacramenti,
1078 1891 1352 1971 ejusque
1412 1891 1815 1955 definitione.

283 2009 457 2081 item,
489 2007 543 2069 si
575 2026 710 2070 non
756 2010 1147 2085 siqnislcaret
1188 2010 1542 2086 efficaciter
1584 2027 1670 2073 ex
1717 2013 1815 2072 in-

280 2126 590 2187 stitutione
624 2127 869 2200 divina,
904 2130 1031 2188 etc.
1066 2126 1454 2189 ablutionem
1492 2130 1728 2188 animas
1779 2145 1818 2187 α

269 2247 543 2317 peccato,
580 2247 710 2305 etc.
745 2258 877 2304 non
911 2248 1089 2305 esset
1124 2244 1551 2321 baptismaliS,
1598 2260 1819 2323 neque

279 2355 564 2419 differret
611 2375 648 2418 a
699 2359 1030 2437 Baptismo
1077 2361 1370 2433 Joannis,
1425 2362 1533 2440 qui
1580 2359 1701 2422 fuit
1740 2377 1821 2423 ex

277 2475 682 2537 institutione
755 2474 995 2548 divina,
1057 2478 1239 2538 Lucae
1294 2478 1352 2538 3.
1417 2481 1677 2538 Factum
1733 2486 1819 2539 est

277 2589 533 2651 verbum
597 2591 859 2652 Domini
896 2608 1090 2670 super·
1127 2597 1442 2654 loannem
1491 2594 1822 2656 Zacharias

274 2704 474 2779 filium
515 2706 591 2766 in
636 2707 904 2780 deserto,
938 2714 993 2768 et
1027 2710 1190 2768 venit
1239 2709 1306 2769 in
1353 2724 1602 2769 omnem
1644 2713 1815 2787 reqi-

278 2836 452 2898 onem
486 2823 801 2883 „Iordanis
839 2824 1205 2897 praedicans
1257 2825 1652 2900 Baptismum
1690 2842 1820 2900 poe-

278 2934 563 3005 nitentiae,
620 2938 745 2994 etc.
807 2940 874 2994 et
917 2934 1184 2997 Joannis
1234 2938 1286 2996 l.
1349 2939 1472 3007 Qui
1511 2939 1682 3000 misit
1723 2954 1822 2998 me

280 3048 624 3125 baptizare,
692 3047 805 3109 ille
869 3050 1037 3109 milti
1099 3052 1290 3123 dixit,
1353 3057 1479 3113 etc.
1546 3053 1823 3133 Cyrillus

279 3164 378 3225 lib.
409 3167 466 3227 2.
515 3166 590 3225 in
632 3168 968 3237 loannem,
1023 3182 1167 3242 cap.
1218 3167 1277 3228 2.
1333 3174 1389 3229 et
1438 3168 1496 3228 3.
1552 3169 1641 3229 ait
1687 3169 1823 3232 haec

281 3279 506 3343 dixisse
536 3285 887 3354 loannem,
921 3302 998 3345 ne
1025 3301 1141 3345 sua
1170 3293 1386 3359 sponte
1422 3303 1825 3361 pras-currere

281 3401 618 3473 uideretur,
650 3403 764 3476 qui
787 3417 913 3460 non
959 3418 1086 3460 suoe
1125 3401 1494 3475 voluntatis,
1525 3406 1638 3464 sed
1664 3406 1824 3466 divi·

283 3533 364 3577 10ae
416 3518 915 3592 dispensationis
959 3518 1252 3577 minister
1296 3518 1446 3592 fuit,
1503 3524 1628 3580 etc.
1688 3522 1823 3581 Au-

283 3637 577 3712 gustinus
624 3635 734 3694 lib.
807 3634 870 3694 4.
942 3637 1019 3696 de
1093 3637 1443 3710 Baptismo,
1504 3654 1653 3713 cap.
1718 3642 1822 3701 22.

284 3748 449 3810 idem
481 3749 700 3811 docet.
737 3749 876 3809 Fuit
908 3750 1102 3811 etiam
1141 3752 1512 3829 Baptismus
1560 3754 1826 3816 Joannis

285 3865 395 3925 suh
478 3866 920 3927 determinata
996 3864 1205 3927 forma
1294 3868 1674 3943 verborum,
1758 3877 1832 3933 ut

285 3997 464 4060 supra
516 3983 800 4046 vidimus
858 3982 977 4045 sed
1048 4001 1176 4045 non
1229 3984 1348 4047 fuit
1411 3989 1474 4048 in
1546 3989 1832 4051 remissi-

288 4115 462 4162 onem
497 4107 948 4179 peccatorum,
995 4102 1062 4163 in
1109 4119 1236 4181 quo
1274 4102 1485 4166 differt
1521 4122 1554 4165 a
1605 4107 1827 4183 Bapti-

293 4231 416 4278 smo
447 4217 701 4278 Christi.

370 4336 696 4409 Quaelibet
748 4350 906 4408 ergo
967 4336 1282 4412 particula
1328 4339 1391 4400 in
1439 4338 1546 4398 illa
1597 4338 1826 4401 defini·

1528 4692 1833 4754 Omnibus

297 4813 407 4860 non
447 4804 662 4874 insint,
713 4801 814 4862 vel
854 4803 1234 4878 simpliciter
1263 4820 1403 4879 quae
1430 4811 1594 4879 sunt,
1626 4806 1724 4868 vel
1752 4808 1832 4868 iis

294 4932 420 4990 quae
437 4921 548 4980 sub
573 4921 795 4981 eodem
818 4937 1049 4997 qenere
1074 4926 1210 4981 sunt
1234 4921 1672 4996 definitorum,
1702 4929 1826 4985 etc,

295 5034 456 5108 quod
507 5042 605 5097 est
648 5036 930 5113 primum
972 5051 1189 5115 genus
1219 5037 1536 5114 superflui
1569 5041 1633 5100 in
1666 5039 1832 5102 defi-

297 5149 523 5213 nitione
575 5152 883 5214 traditum
933 5169 969 5214 a
1017 5153 1406 5232 Philosopho
1459 5155 1520 5216 6.
1572 5158 1829 5231 Topico-

296 5279 443 5335 rum,
490 5284 628 5343 cap.
681 5270 741 5330 2.
800 5269 1104 5344 Qualibet
1150 5268 1341 5331 etiam
1382 5271 1662 5345 sublata,
1697 5289 1828 5334 non

301 5389 503 5445 manet
548 5383 835 5447 definitio
870 5388 1133 5463 propria
1173 5387 1595 5460 sacramenti,
1645 5390 1830 5467 quod

304 5504 392 5561 est
442 5502 807 5565 seeundum
875 5518 1094 5583 genus
1163 5504 1478 5581 superflui
1547 5506 1831 5580 ibidem,-

289 5617 459 5704 *nulla
499 5620 811 5698 particula
862 5620 1260 5700 exprimitur,
1316 5624 1472 5700 quin
1519 5622 1828 5686 omnibus

1927 972 2181 1047 genus;
2220 973 2353 1018 non
2383 954 2648 1016 additur
2679 953 2896 1031 aliqua
2925 968 3078 1031 pars
3109 949 3194 1012 ad
3251 952 3481 1021 totum,

1931 1070 2110 1151 quod
2157 1075 2258 1133 est
2302 1074 2601 1150 quintum
2651 1085 2889 1148 genus,
2941 1066 3243 1128 Definitio
3295 1063 3486 1125 deni-

1931 1207 2062 1270 que
2094 1196 2195 1253 est
2223 1207 2307 1251 ex
2344 1190 2681 1264 prioribus
2708 1198 2765 1248 et
2792 1186 3151 1247 notioribus
3181 1191 3236 1246 et
3263 1186 3484 1245 imme-

1930 1309 2144 1379 diatis,
2193 1322 2273 1367 ex
2319 1306 2558 1385 quibus
2589 1306 2890 1383 sequitur
2921 1309 3126 1365 artem
3159 1300 3478 1364 definien-

1931 1423 1994 1484 di
2068 1425 2458 1486 observasse
2515 1421 2865 1482 Doctorem
2924 1417 3144 1497 quoad
3200 1416 3478 1478 definiti-

1931 1557 2152 1603 onem.

2009 1655 2102 1739 (d)
2158 1660 2254 1719 Ad
2312 1660 2766 1732 arqumentum
2835 1654 3097 1724 dicitur,
3172 1656 3296 1712 etc.
3372 1649 3480 1709 Hic

1934 1894 2162 1953 teriam
2220 1897 2331 1951 aut
2359 1889 2761 1968 subjectum,
2795 1884 3127 1964 praedicari
3161 1882 3243 1943 de
3282 1882 3479 1942 artitl-

1932 2008 2201 2068 cialibus
2247 2009 2311 2067 in
2356 2011 2563 2077 recto;
2615 2004 2743 2065 hoc
2791 2019 3019 2064 verum
3073 2016 3240 2073 esse,
3286 2000 3340 2060 si
3379 2015 3482 2059 su-

1930 2128 2145 2183 matur
2208 2126 2338 2183 tota
2387 2122 2686 2192 materia,
2743 2125 2853 2180 aut
2899 2118 3296 2195 subjectum,
3350 2130 3485 2176 non

1931 2246 2154 2302 autem
2213 2256 2387 2317 pars.
2452 2238 2776 2315 supponit
2817 2241 3042 2298 aulem
3087 2234 3487 2296 sententiam

1929 2354 2257 2423 Richardi‚
2334 2354 2693 2416 asserentis
2771 2351 3049 2412 formam
3132 2352 3486 2412 verborum

1933 2489 2078 2535 esse
2133 2471 2214 2533 de
2261 2472 2528 2532 materia
2577 2469 3001 2539 Sacramenti,
3043 2484 3167 2529 seu
3198 2469 3485 2528 essentia

1935 2597 1998 2653 et
2047 2588 2477 2652 fundamento
2541 2587 2878 2649 relationis
2936 2584 3479 2657 sacramentalis;

1934 2705 2172 2767 domus
2220 2719 2353 2765 non
2408 2704 2642 2765 dicitur
2693 2718 2839 2763 esse
2892 2700 3076 2777 lapis.
3119 2697 3486 2761 Adverten-

1935 2821 2093 2882 dum
2173 2821 2445 2898 insuper
2513 2817 2675 2880 illud
2750 2834 2876 2879 non
2953 2832 3099 2878 esse
3156 2816 3487 2894 peculiare

1934 2940 2068 2999 enti
2100 2936 2432 3009 artificiali,
2469 2937 2621 3014 quia
2654 2935 2737 2996 de
2769 2934 2945 2995 omni
2979 2936 3288 2994 concreto
3320 2935 3481 2993 acri-

1933 3053 2179 3115 dentali
2211 3052 2596 3130 praedicatur
2631 3050 3005 3129 subjectum
3034 3063 3226 3109 suum
3262 3047 3480 3123 totale,

1933 3170 2110 3254 quod
2154 3174 2543 3249 importatur
2572 3184 2691 3247 per
2722 3166 3137 3244 praedicatum
3172 3181 3252 3227 ex
3283 3162 3482 3225 modo

1933 3284 2346 3369 significandi
2384 3289 2447 3350 in
2501 3288 2835 3359 concrete,
2889 3282 3116 3343 saltem
3165 3279 3485 3342 secunda-

1931 3408 2051 3474 rio,
2087 3407 2261 3468 bene
2296 3404 2469 3465 enim
2523 3402 2778 3472 dicitur,
2824 3416 3093 3462 currens
3121 3403 3206 3458 est
3237 3400 3482 3456 Petrus.

2013 3525 2089 3584 Et
2130 3522 2264 3582 haic
2310 3526 2409 3581 est
2454 3519 2614 3579 ratio
2658 3533 2862 3595 quare
2907 3516 3281 3595 subjectum
3322 3514 3488 3575 entis

1937 3638 2283 3703 artificialis
2315 3636 2703 3717 praedicetur
2750 3632 2831 3695 de
2868 3637 3014 3711 ipso
3052 3636 3114 3694 in
3151 3637 3485 3704 concret0,

1940 3773 2082 3836 quie
2122 3755 2504 3832 praedicatio
2549 3755 2728 3812 esset
2775 3747 2957 3820 falsa,
3016 3751 3069 3810 si
3116 3738 3521 3808 sumeretur‘

1937 3882 2140 3944 forma
2186 3878 2534 3943 artificialis
2592 3879 2654 3937 in
2686 3877 3012 3937 abstracto
3041 3891 3056 3945 ;
3091 3889 3223 3935 non
3254 3870 3492 3934 sufficit

1941 4000 2138 4069 enim,
2182 4002 2252 4058 ut
2296 3994 2507 4057 forma
2550 3995 2725 4065 insit,
2773 3991 2894 4053 nisi
2939 4006 3020 4051 ex
3062 3989 3259 4051 modo
3293 3989 3491 4067 signi-

1939 4114 2177 4179 ficandi
2230 4115 2500 4176 denotet
2547 4127 2739 4172 suum
2789 4111 3009 4180 inesse,
3074 4113 3273 4186 atque
3331 4106 3490 4167 illud

1943 4232 2044 4294 cui
2097 4231 2269 4303 insit,
2330 4230 2657 4305 importet.
2722 4227 2903 4286 Ratio
2965 4240 3123 4303 ergo
3172 4239 3484 4302 quorum·

1942 4350 2116 4420 dam,
2162 4353 2234 4408 ut
2278 4347 2433 4417 Soti,
2482 4348 2615 4424 jam
2660 4342 3010 4420 praemissa,
3067 4344 3132 4402 et
3168 4338 3331 4402 falsa
3366 4343 3489 4414 est,

1942 4471 2007 4528 et
2040 4462 2383 4525 committit
2416 4479 2538 4525 non
2577 4475 2842 4522 causam
2883 4464 2950 4518 ut
2999 4474 3289 4530 causam,
3338 4456 3492 4533 quia

1942 4600 2065 4645 nec
2121 4586 2250 4643 tota
2296 4577 2626 4658 quidditas
2667 4582 2733 4636 et
2799 4576 2963 4635 ratio
2996 4574 3163 4635 entis
3195 4571 3490 4634 artificia-

1940 4699 2041 4772 lis,
2089 4704 2154 4759 ut
2200 4694 2527 4759 artificiale
2560 4699 2683 4766 est,
2718 4697 2818 4754 est
2869 4708 2988 4752 sua
3027 4690 3320 4764 materia,
3367 4704 3484 4749 ne-

1942 4831 2072 4893 que
2118 4815 2168 4874 si
2218 4814 2416 4884 esset,
2468 4808 2623 4871 inde
2669 4811 3044 4869 sumeretur
3092 4803 3483 4866 fundamen-

1943 4939 2078 4994 tum
2113 4926 2533 5009 praedicandi‚
2585 4923 2707 4985 sed
2758 4941 2839 4985 ex
2891 4940 2969 4986 eo
3020 4921 3200 5001 quod
3242 4924 3304 4982 in
3336 4938 3485 4983 con-

1942 5052 2118 5110 creto
2181 5063 2299 5123 per
2358 5045 2759 5112 alterutrum,
2824 5040 2961 5100 sive
3006 5039 3306 5110 formam,
3349 5038 3484 5099 sive

1940 5163 2280 5225 materiam
2310 5160 2700 5237 importatur
2728 5156 3055 5234 reliquum
3084 5173 3098 5225 ;
3151 5158 3283 5214 tota
3316 5154 3492 5214 enim

1935 5278 2101 5340 ratio
2135 5275 2413 5338 ‘nominis
2447 5280 2546 5336 est
2574 5272 2968 5344 humanitas,
2998 5269 3118 5331 sed
3149 5284 3281 5331 non
3313 5274 3491 5330 recte

1941 5395 2024 5457 de
2067 5395 2211 5471 ipso
2266 5389 2650 5471 praedicatur
2699 5391 2791 5451 sic
2839 5390 2900 5450 in
2953 5388 3306 5460 abstractO,
3370 5384 3489 5448 sed

1943 5518 2192 5574 tantum
2222 5510 2288 5571 in
2319 5509 2654 5570 concreto,

3618 1672 3699 1724 12.

1929 1773 2146 1853 rejicit
2192 1772 2587 1835 solutionem
2635 1768 2971 1843 Richardir
3004 1770 3112 1847 qui
3157 1766 3311 1828 dicit
3339 1781 3481 1827 ma·
3508 1734 3831 1865 „gssntffl

3542 2931 3807 2991 Quomodo

3532 3010 3589 3043 su
3596 2995 3638 3060 bj
3647 3000 3759 3045 ectu
3767 3008 3815 3041 m

3525 3058 3834 3121 praedicatur

3552 3120 3617 3170 de
3644 3125 3771 3172 toto,
