4255 6375
765 437 889 504 196

471 603 651 717 Cgh-{3
754 603 819 672 4.
878 604 987 670 Ex
1043 625 1168 692 quo
1224 605 1531 672 instituta
1596 615 1690 671 est
1751 603 2188 669 Circumcisio
2230 603 2304 666 in

401 729 595 781 Donat.
628 729 716 781 24.
748 722 997 807 populo
1037 723 1185 798 Dei,
1231 722 1322 788 ad
1368 723 1840 808 purqaeionem
1896 721 2093 806 hujus
2156 741 2304 804 pcc-

751 841 887 902 cati
953 839 1214 917 veleris,
1277 839 1536 904 valebat
1593 839 1856 924 maqnis
1915 848 1973 901 ec
2036 837 2295 921 paruis,

748 957 919 1019 sicut
962 956 1341 1041 Baptismus
1388 956 1612 1020 valere
1661 955 1854 1040 coepit
1902 975 1986 1019 ea:
2034 974 2159 1038 quo
2198 953 2303 1017 in-

745 1073 1013 1136 stitutus
1042 1081 1171 1150 est‚·
1233 1067 1380 1140 hoc
1439 1088 1598 1139 non
1664 1070 1907 1142 esset.
1976 1065 2133 1138 nisi
2196 1063 2301 1136 ibi

750 1185 1271 1258 conferretur
1311 1185 1584 1275 gratia
1629 1210 1643 1265 ;
1681 1203 1905 1274 ergo,
1939 1185 2090 1254 etc.

842 1303 1070 1383 Item,
1116 1302 1327 1373 Beda
1370 1321 1615 1394 super
1663 1300 1853 1372 illud
1904 1299 2143 1373 Lucae
2184 1300 2228 1369 Ξ
2278 1324 2293 1368 :

748 1420 1103 1506 Postquam
1182 1421 1617 1486 consummati
1700 1431 1852 1485 sunl
1920 1418 2062 1483 dies
2129 1428 2292 1482 octa.

753 1563 780 1597 α
807 1535 986 1601 Idem
1007 1537 1381 1621 salutiferae
1400 1537 1767 1602 curationis
1783 1535 2118 1599 auxilium
2146 1535 2298 1598 Cir·

748 1654 1058 1718 cumcisio
1091 1655 1164 1718 iu
1205 1654 1343 1739 lcqc
1385 1653 1639 1738 ayebae,
1694 1651 1868 1738 quod
1916 1651 2299 1736 Baptismus

750 1781 1037 1855 tempore
1065 1770 1304 1856 qratiae
1346 1788 1543 1854 ayere
1577 1769 1935 1832 consuevit.
1980 1791 2006 1825 n

1191 1995 1850 2060 COMMENTARIUS.

493 2228 603 2340 01-d
835 2222 923 2308 (a)
969 2222 1113 2285 llaec
1148 2231 1238 2285 est
1265 2240 1449 2306 pars.
1496 2222 1612 2285 Hic
1644 2222 1875 2284 Doctor
1904 2220 2114 2305 tangit
2149 2240 2290 2304 par·

403 2304 695 2478 Ἷοὲωξῖἷὲὲὲ
746 2348 873 2401 tem
910 2335 1361 2402 incidentalem
1398 2334 1862 2400 distinctionis
1911 2334 2127 2400 Primo
2158 2334 2292 2401 dis-

744 2450 905 2519 serit
953 2471 1033 2515 ex
1103 2471 1281 2515 more
1339 2470 1453 2535 pro
1494 2460 1767 2535 utraque
1827 2463 2008 2535 parte
2071 2470 2289 2536 quoes-

739 2565 970 2642 tionis;
1009 2563 1295 2631 secundo
1325 2563 1484 2629 doce
1539 2562 2119 2629 circumcisionem
2181 2563 2287 2631 de-

738 2680 980 2746 levisse
1021 2692 1393 2766 peccatum;
1456 2678 1667 2754 tertia,
1733 2700 1811 2746 an
1872 2692 2087 2765 posset
2119 2684 2288 2746 Deus

736 2798 816 2865 de
848 2798 1131 2885 potentia
1163 2797 1457 2863 absoluta
1506 2796 1720 2862 delere
1772 2811 2102 2882 peccatum
2155 2796 2289 2862 ori-

737 2913 956 3001 ginale
1021 2913 1162 2978 sine
1205 2911 1537 2977 infusione
1574 2911 1845 2998 gratiae3
1905 2924 2159 2999 quartu,
2205 2934 2287 2978 an

737 3030 933 3095 etiam
990 3028 1072 3094 de
1131 3027 1417 3114 potentia
1482 3027 1870 3105 ordinaria;
1935 3040 1999 3094 et
2059 3027 2287 3094 ultimo

736 3143 995 3212 tandem
1064 3143 1412 3230 respondet
1466 3143 1545 3211 ad
1624 3156 2009 3232 argumenta
2085 3165 2288 3231 oppo-

736 3273 885 3329 sita.

1307 3527 1390 3583 SC
1401 3527 1713 3585 HOLIUM.

803 3783 1079 3839 Resolvit
1108 3796 1183 3838 ex
1215 3781 1691 3839 auctoritatibus
1722 3782 2279 3840 circumcisionem

729 3878 1039 3936 delevisse
1094 3880 1421 3950 originale.
1470 3883 1552 3938 Ita
1606 3884 1869 3948 Augyust.
1932 3882 2177 3949 citatu8‚
2222 3886 2282 3939 et

730 3981 838 4037 lib.
893 3978 945 4035 3.
988 3982 1198 4035 contra
1248 3979 1478 4035 Julian.
1523 3994 1579 4034 c.
1616 3980 1701 4035 18.
1738 3982 1799 4036 et
1828 3979 1936 4035 lib.
1970 3979 2022 4033 5.
2059 3995 2109 4035 c.
2140 3980 2190 4033 9.
2221 3985 2282 4036 et

729 4082 794 4135 in
828 4078 890 4134 id
923 4080 1072 4133 Gen.
1126 4078 1210 4134 17.
1246 4080 1567 4134 masculus
1594 4080 1801 4146 cujux,
1848 4083 1957 4134 etc.
2010 4082 2072 4134 et
2105 4077 2162 4137 4.
2203 4077 2280 4133 de

726 4180 898 4248 Bapt.
958 4192 1011 4233 c.
1070 4176 1161 4231 24.
1222 4176 1310 4231 13.
1371 4176 1557 4231 civit.
1600 4190 1735 4245 cap.
1787 4176 1877 4231 26.
1922 4176 2171 4243 (ἔναρον.
2222 4176 2276 4231 4.

725 4275 871 4332 Mor.
928 4277 982 4333 2.
1043 4277 1104 4330 et
1159 4274 1213 4328 3.
1268 4272 1531 4329 habetur
1577 4289 1711 4344 cap.
1747 4275 1912 4335 Quod
1941 4258 2169 4341 autem,
2202 4273 2279 4329 de

723 4369 1016 4425 Consecr.
1066 4367 1127 4423 d.
1168 4369 1221 4424 4.
1265 4369 1483 4435 Prosp.
1528 4367 1641 4424 lib.
1682 4367 1758 4423 de
1790 4368 2187 4439 promission.
2224 4369 2276 4424 1.

720 4481 782 4538 p.
843 4482 978 4538 cap.
1044 4468 1130 4523 14.
1192 4470 1478 4538 cyprian.
1515 4466 1592 4522 de
1650 4466 1898 4523 cardin.
1956 4466 2273 4538 operibus,

721 4568 943 4623 Isidor.
975 4564 1086 4621 lib.
1122 4566 1186 4621 in
1216 4565 1366 4621 Gen.
1409 4579 1461 4619 c.
1512 4565 1565 4620 3.
1615 4567 1785 4620 Beda
1832 4565 2075 4621 citatus.
2126 4568 2278 4620 Ber-

718 4666 906 4721 nard.
940 4678 1125 4720 serm.
1160 4662 1236 4718 de
1267 4663 1627 4718 CircumciS.
1663 4661 1949 4719 habetur.
1984 4676 2119 4731 cap.
2145 4666 2277 4717 Ma·

703 4767 899 4832 jureii,
933 4760 1010 4816 de
1042 4761 1213 4830 Bapt.
1236 4762 1435 4815 Alens.
1457 4760 1509 4814 4.
1535 4774 1595 4829 p.
1621 4775 1676 4830 q.
1696 4760 1751 4814 7.
1780 4772 1861 4815 m.
1884 4760 1939 4813 7.
1968 4763 2032 4815 D.
2058 4760 2272 4815 Thom.

716 4857 772 4912 3.
806 4861 963 4927 part.
1006 4871 1061 4927 q.
1096 4857 1188 4912 61.
1220 4859 1338 4910 art.
1374 4856 1425 4910 3.
1460 4859 1520 4910 et
1550 4871 1606 4926 q.
1624 4858 1714 4911 62.
1747 4859 1862 4911 art.
1894 4855 1946 4910 6.
1971 4860 2032 4913 et
2059 4869 2274 4912 omnes

718 4950 1151 5010 communiter.
1182 4953 1415 5019 Quaerit
1447 4953 1661 5008 Doctor
1709 4967 1787 5007 an
1840 4951 1953 5009 hoc
2003 4954 2274 5024 potuerit

719 5052 856 5108 fleri
891 5052 1026 5108 sine
1067 5052 1284 5120 gratiae
1313 5050 1652 5118 infusione,
1694 5057 1756 5108 et
1802 5067 1924 5122 qua
1973 5053 2268 5122 potentia,

721 5148 1063 5218 ordinaria,
1096 5149 1200 5205 vel
1232 5147 1512 5205 absoluta
1538 5148 1562 5203 2

506 5394 559 5448 2,
814 5365 962 5436 Hic
1040 5364 1645 5456 supponendum
1714 5364 1812 5452 (b)
1888 5367 2014 5436 est
2091 5368 2265 5436 tan-

720 5501 960 5573 quam
993 5486 1335 5563 certum,
1386 5480 1587 5572 quod
1642 5499 1785 5571 per
1826 5479 2267 5554 Circumci-

715 5598 1028 5673 sionem
1064 5600 1486 5689 peccatum
1530 5595 1930 5685 originale
1961 5595 2266 5667 deleba-

1950 440 2096 503 ΗΒ.
2131 435 2230 502 iv,
2261 434 2862 502 SENTENTIARUM

2416 601 2578 678 tur.
2643 598 2844 690 quod
2905 599 3131 691 patet
3204 616 3352 690 per
3427 594 3978 671 auctoritates

2417 717 2934 787 Sanctorum.
3019 717 3116 786 Et
3186 714 3281 786 ad
3343 712 3493 786 hoc
3566 718 3692 786 est
3757 711 3981 784 ratio

2415 850 2805 922 congrua,
2855 830 3044 923 quia
3085 833 3299 903 Deus
3333 829 3559 903 nullo
3603 835 3982 923 tempore

2417 947 2752 1039 reliquit
2794 966 3047 1038 genus
3103 947 3543 1018 humanum
3609 945 3788 1018 sine
3855 966 3978 1017 re·

2415 1063 2673 1134 medio
2727 1062 3196 1135 necessario
3239 1063 3334 1135 ad
3386 1062 3763 1143 salutem,
3816 1082 3978 1133 ma·

2411 1179 2628 1252 xime
2662 1180 2873 1260 illos,
2913 1179 3200 1272 quibus
3236 1178 3405 1272 ipse
3439 1180 3702 1270 legem
3730 1179 3974 1261 dedit.

2414 1301 2501 1367 ut
2553 1316 2699 1387 per
2755 1295 2932 1388 eJus
3003 1294 3612 1368 observantiam
3669 1296 3979 1387 pertin·

2410 1416 2696 1502 gerent
2756 1412 2850 1484 ad
2904 1412 3280 1486 salutem.
3352 1413 3704 1510 Frustra
3754 1413 3976 1484 enim

2410 1528 2701 1603 fuisset
2752 1530 2941 1603 data
2992 1529 3182 1603 talis
3227 1529 3384 1610 lex,
3442 1529 3617 1602 sine
3670 1529 3829 1602 tali
3867 1550 3976 1601 re·

2413 1647 2714 1728 medio;
2765 1665 2964 1738 ergo
3023 1652 3389 1738 tempore
3434 1645 3638 1736 legis
3684 1647 3980 1718 Mosai-

2409 1784 2520 1834 cae
2597 1762 2807 1835 dedit
2880 1762 3202 1854 aliquod
3273 1762 3435 1836 tale
3522 1762 3973 1834 remedium

2412 1877 3032 1951 observantibus
3119 1876 3582 1970 hujusmodi
3681 1878 3974 1968 legem.

2406 1992 2586 2062 Non
2650 1997 2992 2084 possunt
3051 1998 3325 2066 autem
3390 1993 3815 2084 attingere
3883 1994 3973 2066 ad

2407 2108 2753 2182 salutem
2808 2109 2978 2181 sine
3057 2109 3457 2184 deletione
3528 2109 3967 2202 originalis

2404 2224 2686 2317 culpae,
2736 2226 2939 2316 quod
2993 2227 3482 2320 supponitur
3539 2251 3627 2295 esc
3681 2230 3969 2296 secundo
4015 2215 4134 2326 {mm

2407 2343 2627 2422 libro;
2701 2360 2903 2432 ergo
2991 2343 3069 2414 in
3139 2343 3281 2414 illa
3352 2344 3525 2435 lege
3596 2344 3967 2418 instituit

2404 2455 2727 2548 aliquod
2817 2458 3261 2531 remedium
3346 2464 3642 2533 contra
3736 2461 3963 2532 illem

2403 2572 2760 2664 culpam;
2811 2575 3136 2655 istud.et
3169 2595 3329 2647 non
3365 2575 3605 2659 aliud,
3641 2577 3967 2651 videtur

2399 2707 2576 2759 esse
2638 2688 2746 2760 ibi
2807 2689 3299 2773 institutum,
3356 2696 3750 2784 tanquam
3808 2693 3965 2766 tale

2403 2805 2846 2876 remedium
2879 2811 3169 2879 contra
3203 2806 3458 2892 illam,
3494 2808 3740 2901 juxta
3777 2809 3962 2880 illud

2400 2924 2681 2994 Genes.
2754 2925 2860 2995 17.
2943 2925 3298 3006 Masculus,
3372 2931 3560 3014 cujus
3634 2928 3962 3014 proeputii

2401 3061 2582 3118 carn,
2623 3042 2777 3111 etc.

2493 3154 2593 3226 Et
2635 3152 2701 3225 si
2748 3151 3209 3245 objiciatur,
3258 3157 3464 3247 quod
3515 3158 3956 3231 Circumci-

2401 3268 2522 3340 sio
2567 3270 2674 3343 sit
2731 3290 2830 3342 ex
2876 3271 3280 3353 Patribus.
3365 3293 3525 3345 non
3578 3296 3679 3347 ex
3757 3273 3951 3366 lege.

2400 3383 2586 3476 quia
2626 3385 2815 3459 data
2847 3390 2971 3459 est
3004 3386 3347 3459 Abrahae
3381 3389 3951 3468 circumcisio,

2398 3504 2478 3572 et
2535 3499 2686 3572 hoc
2751 3520 2896 3593 per
2960 3502 3261 3575 multos
3302 3523 3586 3586 annos,
3639 3505 3953 3578 scilicet

2397 3616 2968 3708 quadringenti
3003 3622 3189 3692 ante
3212 3618 3473 3709 legem
3504 3620 3948 3693 Mosaicam

2392 3731 2665 3827 datam
2743 3732 2826 3806 in
2890 3738 3160 3807 monte
3233 3734 3479 3812 Sinai.
3543 3734 3698 3809 hoc
3791 3756 3940 3808 non

2393 3848 2664 3922 obviat
2728 3849 2919 3940 quin
2989 3850 3095 3923 sit
3157 3849 3599 3923 remedium
3654 3855 3945 3924 contra

2393 3964 2797 4056 originale
2866 3969 3313 4058 peccatum.
3387 3967 3609 4049 Quod
3670 3974 3941 4042 autem

2387 4083 2600 4153 Deus
2676 4081 2939 4154 voluit
3010 4082 3203 4153 illud
3257 4082 3691 4157 instituere
3755 4088 3932 4158 ante

2394 4195 2650 4286 legem
2706 4197 2998 4287 Moysi,
3055 4197 3331 4289 arguit
3383 4200 3588 4291 quod
3635 4220 3803 4273 non
3844 4200 3940 4271 sit

2392 4314 2835 4387 remedium
2898 4316 3239 4408 praecise
3305 4316 3780 4409 hujusmodi
3838 4318 3936 4389 le-

2389 4430 2538 4520 gis,
2600 4431 2732 4503 sed
2803 4452 2947 4505 nec
3018 4433 3147 4505 lex
3217 4433 3411 4505 illud
3479 4436 3932 4515 evacuavit,

2392 4549 2523 4621 sed
2565 4550 3108 4624 confirmavit.

2481 4664 2627 4737 Sed
2693 4664 3258 4757 inquirendum
3318 4670 3442 4740 est
3500 4668 3622 4755 (c),
3679 4687 3790 4740 an
3843 4686 3929 4738 ex

2388 4779 2549 4854 isto
2612 4780 3060 4872 supposito,
3121 4786 3514 4872 sequatur
3575 4801 3929 4856 necessa-

2393 4895 2512 4966 rio
2556 4897 2915 4985 gratiam
2952 4895 3031 4967 in
3065 4896 3713 4970 circumcisione
3760 4917 3928 4970 cou-

2384 5009 2614 5081 ferri.
2669 5012 2766 5082 Et
2831 5011 3018 5101 quia
3067 5010 3433 5083 dimissio
3493 5011 3779 5103 culpae,
3857 5015 3926 5083 et

2381 5125 2712 5201 collatio
2775 5126 3092 5216 gratiae,
3154 5126 3323 5199 sive
3399 5126 3917 5220 conjunctim.

2383 5243 2553 5314 sive
2587 5242 3060 5334 separatim,
3097 5263 3254 5314 non
3290 5242 3746 5335 respiciunt
3774 5241 3915 5315 nisi

2381 5360 2830 5452 potentiam
2869 5359 3266 5440 divinam;
3309 5358 3608 5451 aliquid
3660 5365 3918 5434 autem

2377 5479 2677 5553 dicitur
2754 5478 3138 5571 possibile
3219 5480 3388 5551 Deo
3466 5478 3910 5571 dupliciter,
3982 5460 4063 5575 Ἥ

2380 5596 2693 5669 scilicet
2727 5596 3160 5668 secundum
3205 5594 3657 5687 potentiam
3708 5598 3913 5670 abso·
3951 5594 4058 5658 ΡΜ
