4255 6375
896 439 1016 500 452
2039 434 2182 495 LIB.
2238 432 2339 498 lv.
2371 431 2967 495 SENTEN'HARUM

885 602 992 667 tio,
1043 600 1227 656 aliter
1278 601 1787 655 contemneretur
1845 597 2219 667 BaptismuS,
2288 608 2431 650 cum

884 699 1153 756 aliorum
1185 696 1493 754 scandalo.
1522 698 1606 753 Ita
1646 696 1996 752 communis
2028 697 2374 751 Doctorum.

984 941 1458 1034 Respondeo
1520 940 1646 1029 (b),
1739 937 2156 1010 dicendum
2229 932 2433 1025 quod

893 1053 1077 1151 post
1202 1057 1710 1149 Baptismum
1819 1053 2431 1148 promulgatum

891 1197 1038 1269 per
1072 1176 1394 1248 modum
1430 1174 1843 1267 praecepti,
1882 1170 2214 1263 quilibet
2250 1188 2435 1259 qua·

887 1296 1424 1385 litercumque
1487 1290 2013 1385 justificatus,
2069 1289 2202 1379 qui
2274 1306 2433 1362 non

887 1411 1255 1504 implevit
1345 1410 1538 1482 illud
1629 1411 2152 1502 praeceptum,
2248 1430 2430 1481 cum

887 1551 1042 1622 quo
1075 1532 1291 1603 Deus
1336 1549 1497 1600 non
1538 1528 2035 1621 dispensavit
2069 1526 2434 1620 speciali-

884 1651 1037 1728 ter,
1102 1651 1190 1720 ut
1250 1666 1409 1718 non
1460 1649 1884 1719 teneretur
1924 1644 2018 1715 ad
2070 1644 2290 1729 illud,
2328 1649 2435 1718 te-

881 1767 1125 1836 netur
1192 1764 1287 1835 ad
1375 1762 1885 1855 Baptismum
1964 1761 2282 1841 affectu,
2353 1766 2432 1835 et

887 1901 1034 1973 pro
1069 1880 1250 1952 loco
1294 1885 1374 1952 et
1406 1883 1778 1969 tempore
1810 1877 2127 1954 effectu,
2169 1878 2236 1948 si
2273 1897 2432 1948 ma-

887 2003 1021 2072 net
1053 1998 1326 2071 viator
1357 1996 1803 2077 nobiscum,
1845 2016 2261 2088 quousque
2298 2017 2434 2087 po-

890 2118 1049 2189 test
1102 2114 1517 2188 commode
1554 2114 1918 2206 recipere
1979 2113 2056 2185 in
2113 2112 2430 2187 effectu.

607 2235 799 2296 omnes
896 2229 1152 2320 Hujus
1250 2228 1463 2302 ratio
1561 2227 2188 2303 fundamentalis
2283 2234 2431 2309 est.

561 2316 827 2439 μξῖἶιῗὲῗιιὶ
896 2348 1080 2439 quia
1120 2346 1250 2418 lex
1304 2346 1882 2420 universaliter
1914 2346 2438 2437 promulgata

570 2440 864 2562 Jffnssssffifs.
898 2484 1175 2535 omnes
1232 2463 1537 2553 obligat
1590 2467 2087 2552 (universaliter
2114 2462 2290 2535 dico
2344 2461 2437 2533 il-

628 2576 785 2610 ΜΨ·
897 2581 1059 2653 lam
1094 2580 1629 2673 promulgari,
1685 2580 1767 2651 in
1807 2580 2038 2671 cujus
2087 2579 2438 2671 promul-

893 2699 1224 2790 gatione
1309 2719 1466 2770 non
1525 2703 1651 2772 est
1710 2698 1982 2789 aliqua
2068 2695 2436 2789 acceptio

892 2837 1284 2910 personae,
1350 2816 1518 2886 sive
1559 2814 2141 2908 cujuscumque
2207 2836 2437 2887 exce-

891 2932 1063 3023 ptio
1099 2952 1495 3025 personae,
1565 2931 1691 3002 vel
1771 2931 2437 3024 circumscriptio

889 3049 1595 3137 circumstantiae);
1658 3048 1821 3121 tale
1896 3047 2050 3121 fuit
2146 3068 2439 3140 praece-

893 3171 1120 3260 ptum
1162 3168 1253 3240 de
1321 3167 1743 3260 Baptismo
1791 3164 2323 3258 suscipiendo,
2360 3169 2442 3239 et

893 3286 1044 3358 hoc
1084 3284 1710 3366 rationabiliter,
1761 3283 1944 3375 quia
1985 3301 2440 3373 congruum

895 3401 1049 3474 fuit
1103 3421 1378 3474 omnes
1420 3401 1510 3473 de
1563 3401 1735 3491 lege
1807 3398 2277 3474 Christiana
2309 3399 2443 3470 ha—

893 3518 1080 3589 bere
1143 3539 1389 3589 unum
1443 3518 1789 3609 signum,
1835 3516 1915 3589 in
1961 3538 2114 3609 quo
2158 3535 2440 3588 conve·

893 3635 1164 3708 nirent
1201 3634 1415 3707 inter
1457 3655 1563 3713 se,
1600 3639 1679 3706 et
1738 3632 2441 3723 distinguerentur

892 3751 989 3821 ab
1020 3750 1230 3830 aliis,
1263 3755 1347 3824 ut
1379 3750 1677 3822 dictum
1712 3753 1835 3822 est
1879 3748 1958 3820 in
1996 3747 2439 3842 quaestione

889 3869 980 3941 de
1017 3869 1528 3943 institutione
1565 3868 2073 3941 Sacramenti
2107 3867 2185 3938 in
2231 3886 2439 3939 com-

895 3984 1140 4066 muni,
1177 3987 1255 4056 et
1295 3985 1646 4057 maxime
1683 3984 1873 4057 illud
1914 3982 2263 4073 signum,
2294 4001 2439 4074 per

895 4102 1096 4195 quod
1141 4102 1765 4193 ingrederentur
1828 4100 2437 4174 observantiam

891 4218 1129 4311 hujus
1183 4220 1426 4311 legis;
1494 4240 1638 4311 per
1679 4219 1854 4311 ejus
1896 4218 2110 4291 enim
2176 4238 2436 4289 susce-

894 4337 1251 4430 ptionem
1322 4336 1895 4409 adscribuntur
1948 4335 2067 4408 illi
2116 4334 2302 4427 legi,
2358 4338 2437 4407 et

891 4453 1268 4524 dicuntur
1296 4454 1386 4525 de
1420 4451 1733 4524 familia
1776 4451 2108 4526 Christi.

986 4567 1270 4639 Posset
1320 4565 1569 4639 etiam
1622 4566 1783 4637 alia
1820 4566 2032 4638 ratio
2067 4564 2438 4654 assigna-

894 4682 989 4763 ri,
1047 4683 1235 4773 quia
1278 4682 1614 4773 quilibet
1645 4682 1920 4754 viator
1963 4683 2288 4755 tenetur
2319 4699 2437 4751 es-

894 4820 976 4871 se
1027 4798 1478 4871 membrum
1531 4797 1916 4871 Ecclesiae
1971 4795 2431 4876 militantis,

893 4937 1052 4988 non
1088 4921 1408 4990 tantum
1455 4916 1530 4988 in
1566 4914 1907 4989 scientia
1957 4913 2255 4997 divina,
2304 4914 2434 4986 sed

887 5034 1136 5107 etiam
1195 5037 1587 5125 quantum
1665 5032 1759 5104 ad
1831 5030 2213 5105 notitiam
2289 5030 2436 5103 ali-

891 5170 1124 5223 orum
1182 5151 1763 5231 membrorum,
1811 5148 2320 5241 quantumin
2353 5168 2436 5220 se

888 5273 1040 5353 est,
1104 5266 1292 5359 quia
1334 5270 1660 5341 tenetur
1702 5286 1882 5338 cum
1956 5264 2142 5338 aliis
2196 5284 2438 5337 mem-

887 5382 1058 5455 bris
1094 5383 1703 5456 communicare
1740 5386 1818 5455 in
1850 5382 2003 5464 his,
2042 5403 2218 5474 quae
2268 5403 2439 5475 per-

892 5499 1149 5573 tinent
1221 5501 1315 5572 ad
1389 5498 1993 5572 observantiam
2063 5499 2294 5590 legis,
2356 5501 2437 5572 et

889 5637 1028 5690 eos
1097 5638 1258 5692 non
1334 5618 1910 5692 scandalizare.
1985 5617 2067 5692 Si
2162 5622 2437 5691 autem

676 1035 730 1083 2.

2548 611 2708 663 non
2786 589 3192 682 acciperet
3262 589 3867 663 Sacramentum,
3895 603 3983 673 per

2549 708 2756 800 quod
2798 705 2882 781 fit
2918 706 3369 779 membrum
3406 701 3776 776 Ecclesiae
3803 720 3983 772 secun·

2545 825 2731 897 dum
2764 823 3157 916 judicium
3218 821 3628 901 Ecclesiae,
3670 837 3811 891 non
3847 821 3981 888 esset

2546 945 2784 1035 aptus
2816 942 2910 1014 ad
2977 941 3632 1015 communionem
3673 956 3833 1009 cum
3871 934 3981 1005 aliis

2550 1058 2936 1132 membris
2998 1059 3077 1131 in
3126 1057 3405 1132 multis
3477 1054 3778 1129 actibus
3820 1051 3983 1144 perti-

2544 1168 2918 1241 nentibus
2979 1169 3073 1241 ad
3136 1166 3632 1248 Ecclesiam3
3693 1161 3982 1235 scandali·

2544 1289 2770 1358 zaret
2808 1283 3058 1358 etiam
3128 1282 3393 1356 active
3472 1280 3635 1352 alia
3696 1276 3982 1352 membra.

2546 1420 2719 1491 quae
2762 1398 3151 1472 haberent
3186 1398 3697 1472 occasionem
3728 1393 3987 1486 judican-

2545 1515 2620 1588 di
2671 1516 2935 1609 ipsum
3012 1518 3529 1589 contemnere
3561 1510 3988 1586 communita-

2545 1631 2740 1701 tem.

2639 1745 2757 1813 Ex
2792 1742 2943 1815 boc
3025 1746 3160 1835 pot
3190 1745 3313 1814 est
3410 1740 3757 1813 formari
3823 1739 3988 1812 tertia

2550 1861 2791 1942 ratio,
2831 1860 3018 1953 quia
3051 1861 3185 1953 qui
3222 1865 3492 1953 potest
3520 1881 3620 1931 ex
3651 1863 3820 1931 actu
3849 1854 3991 1927 fac-ili

2550 1996 2929 2066 magnam
2968 1977 3331 2069 gratiam
3364 1976 3804 2068 acquirere,
3836 1973 3888 2044 si
3911 1992 3990 2041 ne-

2548 2093 2807 2184 gligat
2876 2093 3106 2166 illum
3151 2098 3452 2177 actum,
3526 2092 3827 2164 videtur
3880 2108 3991 2179 gra·

2550 2210 2748 2284 tiam
2799 2216 3347 2293 contemnere,
3410 2210 3538 2282 vel
3610 2210 3991 2282 saltemnon

2550 2353 2730 2406 eam
2819 2332 2933 2406 ita.
2982 2332 3443 2426 appretiari
3517 2336 3874 2424 quantum
3922 2331 3989 2397 esi

2549 2448 3156 2542 appretiabilis;
3196 2450 3331 2522 sed
3372 2449 3534 2530 ille,
3594 2448 3718 2541 qui
3766 2450 3989 2519 nonest

2552 2566 3036 2659 baptizatus,
3073 2572 3803 2659 quantumcumque
3830 2563 3991 2635 aliter

2554 2683 2660 2756 sit
2694 2685 3220 2774 justificatus,
3260 2705 3403 2776 per
3439 2690 3707 2759 actum
3736 2681 3988 2752 facilem,

2554 2800 2868 2874 scilicet
2948 2822 3090 2898 per
3170 2801 3759 2893 susceptionem
3810 2793 3991 2887 Bapti-

2556 2918 2734 3001 smi,
2808 2921 3077 3010 potest
3125 2938 3506 3010 magnam
3550 2917 3868 3010 gratiam
3914 2933 3991 2984 ac·

2557 3036 2905 3128 quirere,
3043 3036 3231 3128 quia
3358 3041 3994 3129 quantumcumque

2554 3150 2915 3247 perfecto
2984 3153 3075 3224 (le
3143 3152 3317 3244 lege
3388 3148 3782 3225 communi
3847 3163 3995 3218 acce

2549 3268 2765 3342 denti
2800 3269 2895 3341 ad
2930 3269 3472 3361 Baptismum,
3526 3272 3847 3360 augetur
3877 3279 3994 3354 gra·

2549 3385 2709 3468 tia;
2756 3406 2955 3477 ergo
3000 3386 3066 3458 si
3108 3386 3496 3478 negligat,
3532 3386 3824 3458 videtur
3875 3396 3992 3452 con-

2550 3506 2913 3575 temnere
3026 3505 3411 3594 gratiam,
3528 3507 3607 3576 et
3696 3502 3810 3575 dat
3869 3494 3992 3569 aliis

2560 3619 3071 3692 occasionem
3105 3620 3218 3692 sic
3253 3620 3686 3711 judicandi.

2987 3886 3644 3951 COMMENTARIUS.

2641 4110 2734 4197 (b)
2800 4108 3180 4196 Respondco
3256 4109 3635 4188 dicendum,
3694 4105 3840 4196 quod
3888 4108 3979 4188 pm!

2553 4227 2968 4313 Baptismum
3001 4227 3519 4313 promulqatum,
3571 4240 3689 4293 etc.
3736 4217 3979 4291 conclusio

2551 4352 2648 4407 est
2691 4341 3057 4408 communis
3116 4342 3409 4408 omnium
3471 4343 3536 4408 in
3601 4344 3714 4409 hac
3751 4333 3981 4406 distincti-

2550 4478 2697 4536 one,
2741 4468 2800 4522 cc
2831 4460 2892 4523 3.
2929 4468 3109 4545 part.
3158 4470 3391 4544 quoest.
3446 4463 3556 4527 68.
3593 4468 3717 4526 art.
3752 4462 3803 4522 1.
3832 4465 3980 4535 estque

2550 4574 2630 4639 de
2672 4572 2828 4653 fide;
2867 4587 3042 4660 patet
3069 4575 3337 4642 Ioannis
3375 4579 3441 4642 3.
3477 4578 3628 4643 Nisi
3649 4578 3779 4663 quis
3800 4579 3978 4640 renam

2552 4689 2778 4771 fuerit,
2825 4702 2948 4757 etc.
2995 4705 3057 4756 et
3095 4713 3171 4757 ex
3209 4690 3355 4758 aliis
3413 4692 3575 4760 locis
3630 4712 3806 4780 supra
3846 4679 3976 4754 citatis

2551 4808 2630 4875 de
2671 4810 3054 4876 necessitate
3113 4825 3177 4878 et
3222 4811 3512 4879 efficacia
3570 4810 3863 4901 Baptismi.
3902 4807 3972 4869 De-

2551 4923 2775 4993 finitur
2807 4929 2871 4992 in
2919 4925 3297 4994 Tridentino
3326 4950 3481 4997 sesa.
3529 4935 3591 4997 7.
3634 4930 3709 4997 de
3752 4922 3969 5013 Baptisnr

2549 5063 2692 5109 can.
2730 5049 2792 5110 5.
2839 5045 2919 5111 Si
2976 5046 3123 5132 quis
3161 5045 3424 5112 dixerit
3465 5048 3839 5135 Baptismum
3878 5036 3965 5104 Ii'bz'·

2551 5181 2698 5226 rum
2736 5182 2889 5239 esse,
2958 5162 3078 5259 hoc
3135 5174 3251 5242 est,
3316 5184 3455 5230 non
3516 5162 3896 5231 necessarium
3919 5144 3965 5215 αὖ

2547 5280 2848 5356 salutem,
2896 5279 3253 5345 anathema
3289 5281 3420 5361 sit‚·
3479 5282 3593 5369 qui
3628 5301 3807 5348 canon
3848 5272 3963 5339 etiam

2551 5392 2776 5459 referri
2801 5404 3012 5480 potest
3032 5395 3111 5461 de
3134 5392 3281 5483 lege
3309 5395 3653 5466 ordinaria.
3678 5402 3805 5464 Item
3826 5381 3962 5457 sess-5

2551 5530 2699 5596 cap.
2762 5514 2827 5576 4.
2899 5513 2970 5575 In
3021 5511 3396 5581 Florentino
3463 5516 3706 5583 decreto
3761 5501 3952 5577 ambusti

2551 5644 2698 5710 cap.
2735 5625 3046 5712 Majores,
3099 5628 3184 5695 de
3231 5631 3595 5718 Baptismo,
3631 5645 3687 5698 et
3729 5622 3848 5694 locis
3871 5609 3961 5681 ⁸1¹⁴ss
