4255 6375
652 436 730 495 51
1844 434 1986 495 [AB.
2024 433 2122 495 lv,
2154 434 2748 498 SEN'I'ENTIARUM

342 657 355 668 ,
742 595 1030 658 Medium
1069 598 1296 657 autem
1336 599 1437 657 est
1483 610 1756 657 causare
1801 598 2102 656 naturam
2148 596 2216 655 in

340 657 595 780 Lffissfflssa
665 711 881 791 aliquo
961 711 1297 776 individuo
1356 729 1479 791 per
1552 712 1979 785 creationem,
2055 711 2216 773 nihil

665 826 1163 906 praesuppositO,
1217 828 1508 908 alioquin
1552 832 1959 907 repugnaret
1998 829 2210 889 Deum

663 959 862 1021 posse
922 959 1149 1006 creare
1206 960 1385 1006 nunc
1460 944 1871 1006 individuum
1930 943 2209 1023 alicujus

662 1061 910 1139 speciei
956 1063 1450 1138 praeexistentiS,
1501 1068 1573 1123 ut
1619 1062 1790 1141 ignis
1834 1062 1939 1124 vel
1994 1061 2210 1123 homi-

662 1175 788 1252 niS,
840 1175 1020 1255 quod
1067 1177 1442 1256 Theologus
1487 1193 1622 1240 non
1678 1176 1995 1246 admittitz
2047 1192 2207 1255 ergo

332 1328 622 1382 Producere
663 1297 716 1358 si
776 1293 1069 1356 secunda
1151 1294 1586 1372 intelligentia
1660 1296 1751 1355 sic
1811 1292 2212 1373 produceret

316 1390 632 1445 naturamin
667 1412 929 1475 tertiam
971 1414 1045 1472 ut
1099 1407 1237 1471 vult
1302 1409 1658 1481 Avicenna,
1719 1425 1855 1470 non
1911 1410 2212 1488 sequitur

427 1455 522 1504 boc

339 1516 602 1568 individuo
663 1527 845 1608 quod
885 1544 957 1590 se
1006 1528 1220 1606 ipsum
1265 1526 1688 1605 produceret,
1737 1526 2033 1605 quamvis
2077 1542 2212 1587 non

364 1584 583 1631 tantum.
665 1649 895 1727 ageret
950 1645 1168 1722 aliquo
1256 1645 1783 1721 praesuppositO,
1858 1640 2009 1719 quia
2077 1657 2213 1703 non

662 1763 962 1840 sequitur
1030 1760 1212 1839 quod
1306 1758 1708 1837 produceret
1776 1765 2078 1819 naturam
2148 1758 2213 1818 in

668 1875 974 1938 omnibus
1032 1873 1514 1948 universaliter,
1574 1888 1612 1933 a
1658 1872 1897 1951 quibus
1954 1872 2214 1951 partici-

667 1993 805 2071 pari
875 1996 1126 2071 posset,
1189 1994 1300 2052 aut
1357 1992 1808 2068 participetur,
1853 1990 2022 2051 sicut
2082 2006 2217 2051 non

664 2116 987 2191 sequitur,
1022 2116 1074 2176 si
1104 2117 1283 2177 Deus
1335 2120 1591 2176 crearet
1638 2130 1814 2176 nunc
1863 2115 2216 2196 Angelum,

667 2232 846 2312 quod
875 2232 1000 2295 hac
1031 2231 1364 2293 creatione
1416 2236 1674 2293 crearet
1719 2233 2008 2311 Angelos
2052 2250 2219 2311 prae-

374 2307 595 2420 οιὲἓιιιᾚο
669 2350 1032 2413 existentes
1061 2356 1174 2412 aut
1203 2349 1574 2428 possibileS,
1620 2350 1859 2428 quibus
1902 2349 2005 2410 hic
2039 2349 2219 2413 esset

320 2439 640 2545 afflig-agga
673 2468 900 2530 similis
945 2470 1009 2529 in
1068 2465 1353 2529 essendo
1384 2513 1401 2541 ,
1453 2471 1520 2529 et
1563 2470 1674 2546 qui
1719 2467 2215 2546 participatione

351 2557 601 2671 322ssss
673 2602 802 2648 esse
839 2583 1280 2646 immaterialis
1330 2588 1398 2644 et
1449 2583 1647 2644 creati
1722 2588 1903 2656 sunt;
1954 2600 2036 2645 ex
2081 2600 2213 2662 quo

667 2703 968 2780 sequitur
1009 2700 1250 2761 malam
1313 2715 1462 2760 esse
1519 2698 1985 2762 deductionem
2042 2699 2214 2761 illam

663 2821 1007 2898 utriusque
1061 2816 1586 2880 contradictoriae
1638 2820 2002 2894 praemissae,
2062 2820 2215 2897 quia

660 2935 958 2999 secunda
1003 2951 1137 2997 non
1183 2933 1503 3014 sequitur,
1539 2934 1691 3011 quia
1722 2936 1772 2995 si
1806 2934 2212 3013 participatio

658 3053 1061 3132 intelligatur
1116 3052 1183 3113 in
1229 3067 1334 3125 ee,
1391 3050 1572 3130 quod
1629 3049 1915 3130 Angelus
1961 3050 2207 3130 produ-

662 3185 820 3235 cens
862 3170 1119 3232 ratione
1161 3166 1438 3247 alicujus
1481 3167 1937 3246 praesuppositi
1982 3166 2068 3230 ad
2111 3170 2213 3232 sui

658 3284 1163 3365 productionem
1194 3300 1232 3344 a
1275 3284 1414 3344 Deo
1468 3281 1568 3363 (ut
1623 3281 1917 3344 secunda
1977 3284 2210 3345 Intelli-

660 3400 884 3481 gentia
936 3415 1019 3460 ex
1064 3402 1288 3461 mente
1334 3398 1688 3460 Avicennae
1749 3397 2135 3475 producitur
2175 3415 2207 3460 a

662 3516 824 3597 Deo)
890 3516 1316 3594 participaret
1396 3518 1698 3576 naturam
1776 3514 2065 3589 essendi,
2142 3520 2214 3576 ut

661 3634 1057 3712 applicatam
1115 3631 1224 3693 tali
1275 3631 1782 3709 praesupposito,
1841 3631 1937 3692 sic
1988 3633 2206 3711 Ange-

660 3751 763 3812 lus
820 3748 1199 3827 producens
1281 3762 1410 3809 non
1483 3750 1660 3808 esset
1726 3747 2208 3825 participatum,

661 3867 831 3928 sicut
879 3880 1102 3943 neque
1148 3861 1449 3926 secunda
1500 3862 1936 3942 intelligentia
1981 3870 2081 3925 est
2121 3865 2213 3926 sic

659 3982 1042 4063 participata
1072 4028 1089 4056 ,
1167 3979 1319 4060 quia
1405 3984 1707 4056 creatur;
1765 3982 1908 4043 talis
1986 3986 2211 4043 autem

657 4099 1070 4178 participatio
1117 4114 1199 4160 ex
1251 4095 1460 4159 forma
1518 4101 1586 4159 et
1641 4097 1914 4160 materia
1962 4099 2208 4161 discur-

658 4231 771 4278 sus
811 4213 1009 4277 infert
1046 4214 1510 4293 impotentiam
1569 4212 1858 4276 creandi.

740 4333 805 4394 Si
874 4332 1277 4412 intelligatur
1357 4334 1581 4393 autem
1648 4330 2060 4410 participatio
2130 4347 2209 4393 eo

658 4450 884 4524 mod0,
918 4466 1046 4528 quo
1080 4450 1292 4510 omnis
1324 4447 1602 4510 effectus
1658 4451 1759 4509 est
1802 4447 2209 4527 participatio

658 4585 789 4630 suae
845 4579 1088 4639 causae,
1134 4565 1240 4627 vel
1297 4569 1607 4626 creatura
1667 4563 2019 4637 Creatoris,
2083 4580 2215 4625 non

659 4682 813 4747 facit
868 4681 954 4744 ad
1009 4680 1443 4760 propositum,
1518 4681 1669 4759 quia
1725 4681 1861 4743 haec
1935 4679 2214 4758 perinde

668 4804 915 4872 manet,
963 4799 1098 4860 sive
1144 4800 1407 4858 creetur
1462 4795 1815 4869 secunduS‚
1885 4796 2023 4858 sive
2082 4813 2218 4860 non

668 4914 1073 4996 producatur
1115 4929 1196 4975 ex
1269 4913 1484 4991 aliquo
1552 4913 2027 4990 praesupposito
2099 4930 2220 4993 per

669 5034 973 5112 primum.
1037 5031 1103 5092 Sl
1160 5029 1452 5108 denique
1508 5028 1912 5107 intelligatur
1957 5030 2215 5107 partic-i-

672 5154 845 5232 patio
874 5149 1167 5213 formalis
1198 5166 1278 5212 eo
1325 5147 1523 5211 modo
1576 5165 1704 5227 quo
1755 5152 1988 5212 natura
2038 5167 2216 5212 com-

673 5267 892 5328 munis
951 5265 1215 5328 essendi
1266 5264 1692 5344 participatur
1748 5265 1830 5327 ab
1888 5265 2221 5340 omnibuS,

676 5398 813 5446 non
873 5382 1169 5458 sequitur
1219 5382 1327 5443 illa
1388 5380 1888 5459 consequentia,
1936 5381 2087 5458 quia
2139 5381 2223 5444 ad

676 5498 845 5561 hanc
903 5497 1469 5574 participationem
1524 5497 1760 5562 modus
1811 5495 2226 5574 producendi

680 5610 1044 5676 nihilfecit.
1089 5611 1277 5675 Adde
1310 5613 1488 5692 quod
1533 5617 1677 5691 ipse
1721 5615 1899 5675 Deus
1943 5613 2035 5675 sic
2084 5629 2229 5691 par·

2332 596 2550 673 ticipat
2608 611 2755 657 esse
2829 615 3176 661 commune
3233 601 3298 661 in
3340 601 3593 662 ratione
3637 599 3879 676 praedi·

2325 714 2471 786 cati,
2520 713 2698 792 quod
2748 730 2883 777 non
2941 715 3221 797 derogat
3274 718 3494 779 virtuti
3565 719 3877 780 creativae

2323 826 2509 906 ejus3
2570 830 2746 891 bene
2820 847 2981 912 ergo
3037 830 3235 895 infert
3304 830 3534 893 Scotus
3593 850 3728 896 non
3789 851 3876 896 ex

2319 944 2597 1021 sequela
2638 948 2835 1008 unius
2892 947 3383 1012 contradictorii
3437 966 3572 1014 non
3630 966 3878 1028 seque-

2317 1059 2450 1121 lam
2498 1061 2766 1124 alterius
2808 1064 2876 1125 in
2927 1065 3204 1127 materia
3254 1066 3753 1144 praesupposita.

2400 1177 2705 1240 Secundo
2738 1185 2934 1261 urget
2978 1182 3217 1243 Doctor
3251 1201 3266 1243 t
3326 1200 3479 1255 esse,
3514 1181 3696 1261 quod
3727 1199 3876 1261 par·
4024 1222 4098 1271 54.

2324 1291 2648 1371 ticipatur,
2699 1302 2800 1357 est
2846 1300 3032 1358 actus
3082 1298 3379 1362 diversus
3428 1299 3511 1359 ab
3556 1299 3873 1374 essentia,
3957 1282 4161 1395 Βξῶὼ
4217 1308 4218 1325 ²

2322 1418 2520 1491 atque
2560 1415 2698 1490 ipsa
2731 1417 3081 1492 posterior,
3111 1417 3219 1478 vel
3261 1416 3432 1478 idem
3464 1416 3589 1494 ipsi
3640 1431 3872 1478 essen-
3956 1407 4161 1520 Ἐζᾶ
4217 1492 4218 1495 ¹

2325 1530 2446 1604 tiae,
2485 1532 2797 1607 tanquam
2855 1530 3100 1607 primus
3172 1536 3358 1593 actus
3414 1534 3532 1594 rei.
3585 1532 3880 1594 Primum
3909 1531 4098 1645 ”hlffion
4099 1548 4184 1645 ff

2323 1662 2457 1707 non
2490 1644 2652 1707 tollit
2684 1645 3108 1720 creationem,
3140 1648 3293 1726 quia
3333 1658 3880 1728 praesupponeret

2328 1779 2480 1836 esse,
2529 1766 2596 1823 et
2624 1763 2997 1825 secundum
3027 1763 3151 1824 hoc
3196 1779 3329 1825 non
3375 1768 3739 1841 crearetur,
3785 1773 3879 1828 ta·

2329 1896 2481 1941 men
2538 1883 2766 1957 posset
2820 1879 3031 1940 creari
3078 1879 3448 1942 secundum
3493 1882 3879 1959 essentiam,

2329 2011 2480 2074 quae
2525 2012 2656 2058 non
2702 1998 3250 2074 praesupponitur.
3311 1997 3690 2060 Secundum
3719 2015 3881 2062 vero

2328 2114 2545 2174 minus
2591 2112 2846 2188 probat,
2880 2113 3029 2191 quia
3059 2128 3265 2174 unum
3294 2113 3707 2177 individuum
3737 2132 3884 2194 par-

2330 2229 2603 2307 ticipans
2632 2234 2935 2291 naturam
2989 2229 3237 2309 speciei
3278 2236 3499 2309 potest
3543 2248 3692 2296 esse
3754 2240 3882 2297 ter·

2326 2347 2542 2408 minus
2600 2349 2808 2425 primo
2857 2347 3306 2425 productionis
3349 2350 3719 2414 secundum
3766 2370 3880 2415 na-

2327 2467 2539 2522 turam
2581 2462 2646 2522 in
2676 2460 2817 2537 ipso
2846 2479 2862 2533 ;
2896 2460 2962 2521 in
2994 2462 3118 2524 alio
3162 2480 3317 2525 vero
3371 2465 3606 2527 eadem
3658 2472 3885 2545 potest

2326 2591 2477 2637 esse
2526 2577 2918 2655 principium
2948 2578 3386 2656 producendi.
3434 2583 3498 2643 Si
3530 2586 3755 2644 autem
3785 2583 3880 2644 ibi

2325 2698 2871 2771 praesupponatur
2940 2694 3210 2773 aliquid,
3268 2702 3342 2758 ut
3396 2699 3695 2775 materia,
3742 2716 3881 2761 non

2326 2813 2430 2870 est
2485 2814 2754 2887 propter
2810 2815 3111 2872 naturam
3162 2812 3333 2873 illam
3392 2813 3882 2893 participatam,

2323 2924 2444 2987 sed
2490 2927 2642 3004 quia
2690 2925 2894 2989 forma
2939 2926 3283 3004 producta,
3357 2945 3501 3008 quae
3565 2937 3667 2993 est
3722 2948 3883 3008 pars

2323 3048 2572 3103 naturae
2619 3042 3036 3120 participatae,
3073 3049 3174 3106 est
3226 3044 3437 3108 forma
3491 3048 3879 3125 materiaIiS,

2325 3162 2452 3220 etc.

2402 3274 2684 3336 Primum
2757 3274 3125 3339 membrum
3208 3279 3518 3357 supponit
3599 3281 3876 3343 modum
3913 3295 4162 3368 nectantur

2324 3389 2823 3469 philosophandi
2855 3390 2938 3453 de
2985 3397 3270 3456 essentia
3302 3399 3367 3456 et
3413 3397 3762 3459 existentia
3807 3401 3881 3460 in
3930 3372 4165 3470 ἕζῷηιᾜῃ

2322 3508 2537 3570 schola
2580 3511 2654 3570 D.
2702 3510 2988 3587 Thomas,
3024 3528 3153 3590 quo
3190 3515 3504 3576 asseritur
3538 3515 3711 3576 inter
3736 3516 3878 3578 haec
3911 3487 4167 3549 “munem'‘

2324 3623 2644 3686 distinctio
2705 3626 2923 3700 realis,
2969 3625 3138 3690 adeo
3195 3635 3268 3692 ut
3310 3635 3543 3693 natura
3587 3633 3881 3693 bumana

2322 3748 2652 3818 assumpta
2698 3758 2735 3802 a
2766 3743 3005 3817 Verbo,
3065 3744 3321 3806 dicatur
3390 3747 3674 3808 existere
3735 3749 3876 3810 exi·

2321 3860 2561 3920 stentia
2606 3858 2824 3929 Verbi,
2869 3863 2936 3921 et
2978 3876 3110 3922 non
3154 3863 3430 3940 propria,
3492 3863 3659 3926 sicut
3712 3865 3875 3925 sub-

2320 3973 2488 4036 sistit
2542 3974 2966 4036 subsistentia
3031 3977 3250 4051 Verbi,
3304 3979 3484 4057 quod
3559 3981 3883 4058 supponit
3938 3968 4156 4026 sententia

3912 4041 3970 4088 D.
4005 4034 4172 4084 ‘Phe-ma,²
4217 4053 4218 4056 ¹

2322 4091 2627 4155 eamdem
2687 4096 2988 4154 naturam
3043 4093 3110 4155 in
3154 4111 3285 4157 esse
3336 4101 3581 4160 naturae
3637 4099 3877 4179 singu—
3908 4102 3966 4149 de
3997 4091 4169 4208 effu&

2320 4210 2472 4271 laris
2516 4211 2792 4288 produci
2850 4229 3004 4275 vera
3048 4217 3508 4294 generatione,
3573 4221 3878 4297 quamvis
3911 4219 4155 4276 existentia.

2324 4326 2693 4401 existentia,
2741 4345 2870 4407 qua
2921 4330 3177 4404 existat,
3242 4350 3375 4396 non
3444 4335 3881 4414 producatur,

2325 4443 2446 4505 sed
2501 4444 2833 4507 mediante
2891 4447 3138 4510 unione
3198 4455 3723 4515 communicetur
3768 4471 3881 4516 na-

2327 4565 2483 4623 turae
2512 4565 2900 4625 extrinsece.
2937 4561 3111 4624 idem
3144 4565 3383 4628 modus
3413 4568 3882 4648 philosophan-

2326 4676 2392 4739 di
2461 4679 2943 4741 accommodari
2989 4686 3203 4758 potest
3243 4685 3521 4764 Angelo,
3563 4690 3636 4747 ut
3693 4687 3881 4750 dica-

2325 4801 2430 4856 tur
2499 4794 2704 4854 creari
2740 4792 3111 4856 secundum
3169 4804 3471 4859 naturam
3526 4802 3883 4881 singularis

2329 4917 2441 4973 aut
2484 4926 2656 4985 eam,
2703 4927 2846 4990 quae
2900 4916 2999 4974 est
3069 4913 3246 4991 prior
3293 4916 3659 4994 existentia,
3740 4928 3882 4982 tan-

2335 5045 2530 5107 quam
2574 5027 2942 5106 subjectum
2984 5031 3165 5092 reale
3198 5032 3367 5112 ejus,
3403 5038 3702 5112 quamvis
3745 5054 3881 5099 esse

2334 5143 2720 5222 adveniens,
2781 5151 2895 5208 aut
2922 5150 3501 5227 praesuppositum,
3549 5168 3683 5214 non
3739 5171 3880 5218 cre-

2336 5265 2503 5322 etur.

2412 5379 2892 5459 Argumentum
2951 5397 3110 5463 ergo
3141 5383 3265 5447 hac
3309 5385 3375 5446 in
3405 5389 3618 5463 parte,
3667 5394 3770 5450 est
3800 5404 3887 5451 ex

2337 5497 2668 5575 principiis
2741 5496 3037 5561 adversae
3088 5501 3350 5576 scholae,
3407 5519 3602 5581 quam
3662 5507 3882 5585 impu-

2338 5619 2522 5695 gnat,
2603 5612 2688 5677 ad
2764 5615 2945 5694 quod
3028 5617 3217 5680 aliter
3313 5637 3447 5683 non
3517 5623 3888 5700 respondet
