4255 6375
505 2657 815 2725 Responsio,

531 4879 809 4992 neggi-ma-

604 5013 691 5056 tur
731 5065 739 5074 ·

515 5078 797 5135 responsio.

864 357 982 425 308
1965 366 2112 428 1213.
2145 362 2245 428 tv,
2274 362 2871 431 SENTENTIARUM

848 523 1355 610 responderunt,
1401 545 1609 613 neque
1644 527 1705 591 si
1752 528 2054 612 Spiritus
2123 537 2393 591 sanctus
2509 525 2781 592 buscum
2830 525 3118 615 loquitur
3176 527 3455 613 Paulus)
3508 527 3851 615 Baptismus
3895 529 4090 617 4³·th

846 648 959 717 esc,
1033 639 1460 720 audivimu3‚·
1528 643 1748 709 subdit
1819 644 2091 711 Paulus:
2156 646 2227 710 in
2267 662 2392 729 quo
2505 653 2610 707 tus
2647 641 2841 707 etiam
2882 643 2946 707 in
3009 644 3273 710 nornine
3331 643 3571 710 Christi
3626 644 3744 710 hoc
3788 628 4090 735 impul-³³³?

846 775 1002 842 erqo
1060 757 1383 844 baptizati
1438 759 1642 824 estis?
1718 759 1902 846 quasi
1967 776 2390 848 supponeret,

843 872 898 937 si
940 873 1428 960 baptizarentur
1475 875 1807 963 Baptismo
1839 878 2111 957 Christi,
2153 878 2293 945 fore
2326 893 2397 946 ut

847 988 1161 1075 Spiritum
1248 1002 1547 1057 sanctum
1618 1007 1793 1061 recte
1869 1008 2179 1074 nossent;
2266 1016 2393 1061 non

845 1103 969 1170 alia
1020 1105 1534 1195 ratione,{quain
1575 1130 1655 1175 ex
1686 1108 1894 1177 forma
1943 1110 2287 1198 Baptismi,
2328 1112 2395 1178 in

844 1239 968 1305 qua
1017 1219 1459 1300 invocaretur,
1517 1245 1676 1310 ergo
1726 1226 1850 1291 hoc
1919 1226 2234 1312 supponit
2274 1230 2394 1292 Ba-

848 1334 1158 1421 ptismum
1194 1336 1258 1402 in
1291 1338 1702 1406 invocatione
1734 1341 1931 1407 trium
1971 1362 2397 1428 personarum

844 1451 1047 1518 fuisse
1084 1454 1165 1519 ab
1209 1454 1555 1539 Apostolis,
1622 1476 1750 1520 non
1789 1456 1976 1522 aliter
2014 1457 2266 1525 datum.

936 1573 1147 1656 Atque
1177 1570 1474 1657 sequitur
1502 1571 1774 1637 alterius
1816 1571 2166 1638 declaratio
2196 1586 2261 1639 et
2291 1572 2396 1638 in-

847 1682 1204 1770 telligentia
1255 1686 1713 1771 praedictorum
1767 1687 2084 1768 locorum,
2144 1688 2208 1753 in
2251 1689 2392 1775 qui-

847 1799 969 1866 bus
1017 1800 1259 1866 dicitur
1313 1802 1681 1887 Baptismus
1745 1803 1934 1870 datus
1996 1803 2062 1868 in
2133 1803 2398 1871 nomine

845 1914 1109 1994 Christi,
1140 1917 1289 2003 quia
1324 1918 1446 1983 hoc
1477 1918 1620 2003 ipso
1653 1918 1790 1984 loco
1824 1919 2095 1985 inferius
2126 1918 2388 2000 dicitur,

844 2044 903 2097 el
943 2035 1048 2098 his
1079 2033 1279 2099 dictis
1307 2035 1634 2119 baptizati
1660 2045 1813 2100 sunl
1847 2037 1914 2100 in
1958 2039 2227 2103 nomine
2264 2039 2391 2101 Do-

845 2149 1017 2213 mini
1059 2150 1233 2229 Jesu,
1281 2163 1406 2217 etc.
1461 2173 1610 2216 cum
1658 2151 1941 2236 primum
1996 2153 2395 2220 insinuasset

846 2263 1084 2331 Paulus
1123 2266 1396 2332 formam
1449 2266 1764 2353 Baptismi
1812 2267 1949 2333 dari
1986 2271 2047 2332 in
2085 2269 2394 2335 invocati-

846 2402 970 2447 one
1009 2381 1292 2468 Spiritus
1333 2383 1567 2461 sancti,
1606 2403 1840 2469 nempe
1871 2384 2067 2450 simul
2100 2406 2247 2450 cum
2282 2386 2399 2452 ali-

850 2495 905 2562 is
947 2498 1269 2583 personis

939 2614 1311 2700 Respondet
1366 2618 1661 2702 vasquez
1719 2638 1799 2682 ex
1830 2617 1954 2682 hoc
1995 2617 2136 2684 loco
2169 2617 2231 2683 id
2268 2638 2394 2684 non

856 2728 1129 2816 intelligi
1187 2729 1560 2805 efficaciter,
1649 2733 1800 2819 quia
1887 2732 2039 2799 licet
2109 2733 2394 2821 baptiza-

852 2858 1077 2911 rentur
1107 2846 1171 2910 in
1214 2847 1478 2914 nomine
1537 2847 1776 2914 Christi
1828 2849 2066 2927 solum,
2108 2851 2244 2936 jam
2281 2871 2395 2936 per

851 2959 1346 3029 instructionem
1440 2965 1755 3048 praeviam
1847 2975 1911 3030 et
1994 2965 2390 3046 catechesim

850 3073 1160 3142 deberent
1265 3097 1536 3145 noscere
1637 3078 1956 3165 Spiritum
2061 3092 2388 3160 sanctum,

849 3194 1152 3281 quamvis
1185 3216 1312 3261 non
1344 3196 1760 3264 invocaretur
1798 3217 2118 3284 expresse
2155 3197 2219 3293 in
2253 3197 2394 3285 ipsa

845 3310 1076 3379 forma.
1122 3314 1360 3380 Paulus
1392 3326 1609 3381 autem
1658 3315 2131 3401 interrogando
2174 3335 2255 3380 an
2291 3337 2396 3383 re-

843 3428 1170 3512 cepissent
1210 3430 1523 3516 Spiritum
1566 3445 1891 3512 sanctum,
1956 3431 2236 3498 intendit
2286 3453 2391 3499 re-

842 3541 1207 3628 ceptionem
1272 3546 1415 3633 ejus
1475 3545 1800 3612 visibilem
1889 3567 2003 3633 per
2061 3546 2392 3634 impositi-

841 3679 1034 3725 onem
1093 3680 1326 3727 manus
1385 3661 1449 3726 in
1507 3661 2041 3742 Confirmatione‚
2103 3675 2172 3729 ut
2217 3674 2392 3750 patet

842 3795 923 3841 ex
963 3775 1183 3842 verbis
1240 3777 1817 3865 subsequentibus,
1862 3779 2191 3866 baptizati
2227 3789 2382 3845 sunt

841 3891 916 3956 in
952 3893 1221 3960 nomine
1278 3895 1552 3960 Domini
1618 3896 1796 3974 Iesu,
1866 3907 1926 3960 et
1984 3916 2131 3961 cum
2174 3897 2389 3981 impo-

837 4015 1072 4080 suisset
1129 4016 1268 4081 illis
1309 4038 1544 4083 manns
1583 4019 1857 4099 Paulus,
1927 4020 2109 4084 venit
2170 4019 2390 4104 Spiri-

843 4143 944 4197 tus
979 4144 1243 4198 sanctus
1288 4155 1489 4220 super
1526 4157 1654 4215 eos,
1692 4147 1816 4202 etc.
1863 4139 2102 4202 Contra
2146 4145 2388 4221 urgent

843 4247 993 4326 alii;
1039 4269 1196 4335 ergo
1255 4250 1703 4338 interrogatiO,
1758 4272 1874 4318 seu
1938 4250 2140 4318 illatio
2180 4249 2387 4331 Pauli,

846 4384 971 4431 non
1013 4378 1186 4432 esset
1217 4364 1472 4447 idonea,
1512 4366 1638 4433 nisi
1671 4379 2069 4454 supponeret
2099 4387 2183 4433 ex
2214 4387 2390 4433 com-

841 4480 1021 4547 muni
1071 4479 1261 4548 modo
1301 4480 1632 4569 loquendi,
1679 4504 1790 4549 eos
1836 4482 2150 4570 baptizari
2191 4482 2389 4548 debe-

841 4616 911 4662 re
966 4596 1031 4662 in
1089 4596 1406 4685 Spiritum
1456 4609 1778 4678 sanctum,
1827 4618 2021 4686 quem
2073 4618 2204 4663 non
2262 4618 2386 4664 au—

842 4710 1131 4777 dierunt.

931 4828 1386 4915 Respondetur
1447 4840 1665 4896 tamen
1755 4829 1929 4895 illam
1995 4828 2390 4896 solutionem

839 4948 1072 5013 bonam
1115 4967 1282 5026 esse,
1328 4945 1481 5033 quia
1513 4967 1661 5013 cum
1697 4945 2067 5032 Baptismus
2099 4966 2182 5011 ex
2211 4965 2390 5011 com-

837 5065 1017 5130 muni
1049 5065 1397 5145 sententia,
1443 5084 1638 5151 quam
1679 5064 1875 5130 tradit
1923 5063 2210 5150 Cyrillus
2242 5063 2390 5129 Ale·

837 5181 1198 5249 xandrinus
1259 5182 1373 5248 lib.
1416 5187 1519 5250 11.
1565 5183 1642 5247 in
1677 5182 2003 5247 loannem
2042 5202 2190 5267 cap.
2256 5184 2375 5248 16.

837 5299 1147 5385 supponit
1197 5297 1390 5365 fidem
1459 5296 1833 5384 explicitam
1904 5296 2273 5377 TrinitatiS,
2325 5309 2390 5364 et

839 5415 1334 5481 instructionem
1368 5415 1540 5481 circa
1561 5414 1737 5481 hunc
1764 5412 2141 5493 articulum,
2169 5411 2382 5501 quoad

838 5530 1092 5604 adultos
1125 5532 1400 5621 (quales
1435 5532 1702 5598 fuerunt
1744 5529 1835 5597 illi
1874 5527 2205 5618 discipuli,
2244 5530 2388 5617 qui-

2506 768 2636 835 tat;
2693 757 2928 825 deinde
2994 760 3268 845 requirit
3316 761 3512 826 etiam
3555 772 3625 826 ut
3688 752 4090 846 praemiis-¹³²!

2510 884 2615 939 tur
2673 874 3015 941 instructio
3072 874 3152 942 de
3225 878 3612 944 necessitate
3696 890 3755 943 et
3818 879 3971 945 fructu

2510 988 2819 1074 Baptismi
2862 1011 2977 1076 per
3020 990 3436 1058 collationem
3487 991 3764 1079 Spiritus
3799 994 3977 1058 sancti·

2509 1103 2789 1184 ficantis‚
2839 1118 2909 1173 ut
2948 1109 3180 1174 Petrus
3218 1109 3535 1174 Actorum
3584 1110 3649 1173 2.
3706 1108 3974 1193 praestitit:

2510 1220 2924 1304 Baptizetnr,
2979 1222 3217 1310 inquit,
3285 1225 3733 1311 unusquisque
3769 1235 3979 1290 vestrum

2512 1335 2583 1399 in
2622 1338 2886 1402 nomine
2917 1339 3190 1404 Domini
3235 1339 3409 1415 Iesu,
3474 1340 3545 1404 in
3594 1340 3977 1405 remissionem

2510 1464 2921 1538 peccatorum
2972 1468 3358 1533 vestrorum,
3424 1465 3486 1521 et
3543 1455 3872 1541 accipietis
3910 1456 3983 1520 de

2509 1589 2667 1633 num
2725 1569 3027 1655 Spiritus
3077 1572 3316 1650 sancti,
3363 1583 3486 1638 etc.
3547 1570 3665 1637 Illa
3707 1591 3847 1657 ergo
3889 1569 3981 1636 dis·

2510 1684 2747 1769 positio
2825 1683 2890 1748 in
2976 1683 3197 1752 adulto
3256 1684 3618 1774 requiritur
3704 1684 3778 1750 ad
3831 1686 3985 1771 Bapti-

2510 1818 2756 1878 smum,
2805 1811 2874 1866 ut
2915 1811 3091 1885 patet
3129 1823 3205 1868 ex
3242 1801 3565 1869 scrutinio
3594 1800 3760 1890 quod
3790 1820 3986 1886 semper

2509 1913 2939 1999 praemittitur
2999 1937 3077 1981 ex
3121 1936 3242 1982 usu
3285 1917 3551 2006 antiquo
3592 1915 3896 1993 Ecclesiae,
3933 1914 3988 1979 de

2510 2051 2636 2117 quo
2692 2032 2939 2117 optime
3001 2034 3326 2101 pamelius
3366 2035 3783 2100 annotatione
3836 2032 3986 2118 prima

4024 826 4090 869 a

2510 2145 2574 2211 in
2618 2147 2853 2213 librum
2906 2147 3286 2216 Tertulliani
3327 2148 3407 2215 de
3440 2150 3790 2237 Baptism0.
3830 2116 4092 2267 Potest&

2508 2283 2665 2349 ergo
2717 2263 3139 2350 interrogatio
3191 2265 3369 2331 Pauli
3436 2266 3797 2353 respective
3845 2264 3987 2329 etiam
4090 2272 4091 2279 ’

2509 2377 2587 2442 ad
2645 2378 3004 2446 efficaciam
3064 2380 3376 2467 Baptismi
3429 2381 3674 2447 Christi
3744 2379 3985 2466 intelligi,

2508 2504 2571 2559 et
2619 2493 2933 2580 Spiritum
2981 2495 3518 2577 sanctificantem,
3558 2497 3641 2564 de
3680 2496 3896 2584 quibus
3923 2494 3985 2558 in·

2516 2607 2807 2672 struendi
2857 2621 3041 2675 erant
3106 2610 3501 2695 baptizandi,
3569 2611 3738 2678 sicut
3796 2608 3988 2675 deiide

2508 2721 2888 2800 Trinitatis;
2934 2724 3245 2811 supponit
3295 2726 3471 2792 enirn
3520 2726 3727 2792 fuisse
3771 2724 3988 2812 baptiza-

2506 2846 2608 2902 tos
2658 2849 2720 2903 et
2772 2837 3152 2918 instructOS,
3207 2841 3378 2926 quod
3419 2841 3686 2908 denotat
3737 2840 3990 2929 particula

2506 2952 2862 3033 credenteS,
2916 2958 2979 3021 si
3020 2956 3352 3042 Spiritum
3415 2950 3736 3025 Sanc-limi
3795 2959 3988 3044 accepi·

2516 3072 2637 3135 stis
2673 3070 3058 3137 credentes?
3088 3073 3202 3138 Vel
3241 3074 3410 3140 sicut
3449 3074 3515 3139 in
3549 3077 3771 3142 Graeco
3800 3074 3985 3159 legitur

2504 3197 2938 3268 πιστεύσαντες,
2985 3200 3329 3276 postquam
3378 3191 3811 3257 credidistis?
3842 3192 3905 3254 Et
3937 3186 3989 3251 fi·

2508 3304 2607 3368 nis
2650 3302 3177 3390 interrogationis
3218 3304 3362 3386 fuit,
3413 3318 3481 3372 ut
3549 3306 3979 3394 impositionem

2505 3440 2736 3485 manus
2783 3420 3172 3507 acciperent,
3228 3421 3283 3487 si
3336 3423 3625 3489 nondum
3677 3422 3857 3490 suerit
3910 3420 3977 3485 eis

2503 3535 2673 3614 data,
2736 3535 2798 3602 id
2848 3550 2968 3617 est,
3021 3536 3622 3618 Confirmationem,
3677 3560 3788 3627 per
3825 3557 3978 3627 quam

2503 3650 2850 3718 visibiliter
2916 3653 3198 3739 Spiritus
3254 3655 3460 3721 sancti
3519 3655 3686 3722 dona
3743 3672 3983 3721 commu-

2505 3767 2923 3834 nicabantur.

4088 2652 4093 2685 l

4086 2696 4093 2759 l

4086 3509 4093 3570 l

2592 3881 2774 3948 Unde
2820 3883 3104 3950 secunda
3176 3884 3601 3972 interrogatio
3655 3886 3852 3952 locum
3902 3882 3984 3947 ha·
4064 3893 4095 3941 3

2505 3997 2643 4062 buit
2681 3998 2853 4085 (illis
2903 3998 3293 4076 dicentibuS,
3365 4022 3576 4088 neque
3619 4003 3682 4066 si
3742 3999 3986 4086 Spiritus

2499 4127 2764 4181 sanctus
2820 4126 2933 4194 est,
3025 4118 3452 4202 audivimus)
3526 4119 3868 4207 respective
3928 4110 3983 4178 ad

2505 4229 2905 4308 Baptismum
2944 4231 3208 4312 Christi,
3253 4223 3361 4322 qui
3396 4234 3464 4300 in
3499 4236 3742 4322 Spiritu
3780 4242 3983 4303 sancto,

2501 4358 2566 4411 et
2603 4344 2740 4432 igni
2802 4346 3187 4433 baptizabat,
3250 4350 3567 4417 Actorum
3610 4357 3671 4418 1.
3736 4351 3862 4416 sive
3892 4345 3982 4412 sub

2507 4460 2712 4526 forma
2774 4462 2896 4528 hac
2928 4463 3027 4529 vel
3079 4464 3187 4530 illa
3219 4465 3674 4533 conferebatur
3704 4475 3763 4532 et
3810 4481 3985 4548 respe-

2504 4576 2673 4643 ctive
2711 4577 2789 4643 ad
2839 4579 3246 4664 Baptismum
3295 4583 3585 4661 loannis,
3638 4581 3747 4670 qui
3798 4579 3900 4645 ruit
3938 4577 3980 4639 in

2503 4714 2669 4781 aqua
2727 4706 3001 4772 tantum,
3057 4715 3185 4761 non
3261 4696 3327 4762 in
3389 4697 3661 4784 Spiritu,
3725 4708 3891 4782 atque
3926 4688 3979 4756 ad

2508 4810 2651 4896 ejus
2736 4809 3209 4890 differentiam;
3282 4813 3450 4880 alius
3523 4825 3737 4880 autem
3814 4806 3977 4896 Bapti-

2506 4946 2691 4992 smus
2733 4926 2795 4990 in
2841 4947 2961 4992 usu
3005 4948 3132 4993 non
3198 4927 3341 5007 fuit,
3396 4930 3506 5016 qui
3548 4927 3737 4996 fidem
3790 4919 3973 4993 Christi

2508 5042 2773 5109 haberet
2818 5063 3165 5112 annexam.
3211 5044 3389 5111 Facit
3419 5043 3499 5110 ad
3532 5045 3653 5112 hoc
3689 5041 3839 5133 quod
3864 5038 3975 5106 sub·

2498 5159 2727 5246 jungit
2758 5158 3036 5227 Paulus:
3069 5161 3358 5227 Ioannes
3386 5161 3749 5248 baptizavit
3795 5153 3971 5242 Bapti-

2501 5296 2639 5341 smo
2675 5277 3085 5360 poeviilentiae
3121 5277 3463 5362 populum,
3498 5278 3724 5344 dicens
3775 5277 3834 5341 in
3860 5289 3964 5336 eum

2502 5400 2617 5487 qui
2657 5410 2970 5466 venturus
3007 5411 3168 5465 essct
3200 5412 3349 5486 post
3388 5403 3625 5488 ipsum,
3692 5413 3754 5468 ul
3798 5394 3965 5465 crede-

2502 5544 2673 5612 rent,
2722 5534 2842 5598 hoc
2901 5544 3015 5613 cst,
3051 5535 3127 5600 in
3171 5534 3412 5616 lesum,
3460 5545 3589 5606 ete.

4092 4097 4095 4178 Ι
