4255 6375
373 2036 686 2104 Significatio

454 2104 638 2152 formae

493 2170 602 2214 tota

436 2226 603 2285 simul,
648 2229 699 2273 et

480 2304 582 2338 non

393 2349 695 2400 successiva.

447 3062 635 3112 Sensus

375 3123 555 3175 formae
596 3140 696 3175 non

497 3192 575 3239 est

383 3249 690 3322 significatio

412 3319 660 3380 partium.

697 387 812 449 154

709 560 822 617 aut
852 548 1337 618 indeterminati
1402 554 1482 632 A,
1547 572 1696 639 pars
1744 565 1964 618 autem
1999 551 2252 633 formae,

711 686 861 753 quae
902 665 968 732 in
1000 668 1301 755 sequenti
1334 668 1661 756 profertur
1694 670 1795 748 B‚·
1829 680 1985 734 tunc
2022 669 2075 733 A
2109 687 2260 753 sup·

567 858 578 867 .
663 862 668 867 .
711 780 977 868 ponitur
1021 782 1099 848 ad
1132 784 1209 863 B,
1255 805 1414 871 ergo
1443 784 1772 851 subtracto
1805 785 1879 864 B,
1918 791 2137 849 manet
2175 783 2253 861 A,

713 909 775 965 et
817 898 913 965 sic
944 911 1162 965 manet
1214 899 1582 988 subjectum
1635 900 2114 967 sanctificatum
2148 920 2263 985 per

715 1014 900 1080 illum
981 1013 1258 1101 gradum
1329 1016 1809 1103 quantumlibet
1875 1015 2256 1095 minimum;

716 1150 874 1217 ergo
909 1129 1153 1197 virtute
1192 1131 1419 1197 formae
1463 1144 1814 1218 utrumque
1845 1143 2019 1199 recte
2046 1131 2263 1216 sequi-

718 1257 847 1326 tur,
893 1245 1065 1333 quod
1136 1259 1236 1313 est
1283 1246 1637 1313 absurdum
1678 1271 1692 1326 ;
1757 1248 1927 1314 unde
1967 1247 2266 1335 sequitur

721 1374 1067 1450 utramque
1105 1363 1494 1430 solutionem
1527 1365 1736 1452 magis
1776 1363 1999 1431 ludere
2030 1365 2092 1431 in
2119 1385 2267 1431 ver-

721 1483 821 1549 bis
861 1482 1190 1569 ambiguis
1226 1482 1568 1550 desitionis
1617 1495 1678 1550 et
1719 1483 2108 1571 inceptionis
2149 1503 2265 1548 en-

722 1599 808 1663 tis
848 1597 1233 1678 successivi,
1270 1618 1465 1685 quam
1498 1598 1827 1666 sustinere
1884 1598 2268 1665 fundamen-

723 1724 858 1780 tum
926 1696 1324 1802 op‘positum,
1396 1725 1506 1781 aut
1562 1734 1883 1782 evacuare
1929 1712 2268 1781 difficulta-

723 1844 881 1898 tem.

817 1942 1000 2019 Quod
1043 1952 1215 2029 patet
1244 1942 1461 2022 tertio,
1499 1944 1893 2011 resumendo
1943 1944 2113 2033 quod
2165 1966 2268 2012 su·

732 2081 844 2146 pra
885 2062 1301 2147 praemissum
1342 2074 1441 2128 est
1489 2061 1567 2128 de
1616 2060 2096 2150 significatione
2143 2064 2270 2130 for-

732 2200 880 2259 mae,
927 2180 1076 2266 quia
1108 2179 1256 2245 licet
1305 2179 1512 2246 forma
1542 2181 1752 2268 quoad
1785 2202 2019 2248 sonum
2063 2194 2269 2247 mate-

731 2294 984 2379 rialem,
1038 2296 1174 2384 (qui
1237 2309 1337 2362 est
1397 2295 1892 2363 fundamentum
1947 2309 2268 2364 remotum

728 2410 1253 2498 significationis,
1298 2415 1357 2479 et
1399 2412 1707 2480 efficaciae
1750 2414 2263 2497 sacramentalis,

727 2548 920 2613 quam
954 2527 1149 2593 habet
1188 2549 1268 2594 ex
1309 2528 1609 2595 instituto
1648 2529 1944 2615 Christi,)
2003 2530 2090 2596 sit
2117 2550 2270 2596 suc-

724 2643 1057 2723 cesssiva3
1104 2656 1417 2732 quantum
1477 2654 1692 2711 tamen
1753 2643 1829 2711 ad
1882 2645 2271 2732 significati-

725 2780 915 2826 onem
948 2761 1377 2847 complexam,
1441 2782 1591 2852 quae
1639 2774 1738 2828 est
1813 2783 1894 2828 ex
1948 2762 2265 2848 partibuS,

723 2888 916 2961 prout
947 2898 1017 2943 se
1050 2888 1275 2944 mutuo
1307 2877 1765 2957 determinant,
1815 2898 1941 2945 non
1986 2891 2087 2945 est
2116 2899 2267 2944 suc-

724 2995 999 3073 cessiva,
1079 2994 1190 3061 ned
1276 3014 1666 3081 permanens
1723 3004 1786 3060 ει
1853 3004 1986 3061 tota
2043 2993 2261 3075 simul,

726 3110 879 3198 quia
943 3111 1085 3176 haec
1139 3109 1531 3198 significatio
1596 3110 2059 3199 propositionis
2139 3133 2267 3179 non

728 3241 827 3296 est
865 3229 1249 3317 aggregatio
1292 3229 1574 3316 partium
1644 3230 1918 3296 seorsim
1970 3246 2269 3319 sumpta-

730 3367 900 3427 rum,
983 3346 1193 3435 quoad
1262 3344 1352 3426 id,
1420 3345 1594 3435 quod
1677 3347 1974 3415 absolute
2012 3347 2273 3434 signifi-

729 3476 902 3545 cant,
956 3464 1080 3530 hoc
1130 3462 1304 3529 enim
1348 3462 1679 3529 materiale
1755 3474 1878 3544 est,
1932 3464 2046 3530 sed
2120 3486 2272 3531 con-

726 3582 902 3649 sistit
943 3580 1008 3646 in
1061 3579 1303 3646 unione
1341 3579 1672 3667 praedicati
1713 3579 1792 3646 ad
1872 3581 2269 3667 subjectum,

724 3696 1084 3765 secundum
1125 3695 1549 3763 limitationes
1590 3696 1932 3784 adjunctas
1972 3708 2036 3764 et
2064 3697 2277 3765 deter-

728 3813 1119 3881 minationes
1176 3835 1191 3891 ;
1265 3833 1423 3900 ergo
1493 3835 1621 3879 non
1688 3815 1953 3900 ponitur
2045 3835 2280 3882 sensus

725 3930 1111 4019 completus,
1195 3930 1306 4018 qui
1401 3944 1501 3997 est
1573 3930 2071 3998 fundamentum
2132 3931 2278 3998 effi-

725 4048 922 4115 caciae
1022 4047 1514 4114 sacramentalis
1559 4101 1574 4128 ,
1618 4049 1774 4138 {nisi
1874 4048 1940 4113 in
2007 4049 2276 4116 instanti

727 4163 1068 4250 completae
1138 4163 1542 4250 prolationiS,
1607 4164 1673 4229 in
1734 4185 1864 4252 quo
1917 4177 2134 4251 partes
2211 4185 2281 4231 se

732 4294 957 4349 mutuo
1007 4281 1513 4349 determinantes
1567 4281 1821 4370 integre
1896 4294 2283 4369 receperunt

732 4420 884 4479 esse,
929 4411 991 4466 et
1031 4420 1149 4486 pro
1188 4419 1317 4486 quo
1364 4418 1600 4465 sensus
1641 4397 2002 4485 completus
2050 4398 2282 4465 formae

733 4517 957 4585 haberi
1009 4516 1292 4605 primum
1334 4526 1544 4602 potest
1584 4515 1650 4582 in
1699 4515 1870 4596 aliis,
1919 4527 1983 4581 et
2030 4514 2109 4582 de
2152 4536 2281 4604 quo

735 4633 1095 4701 instruendi
1145 4642 1299 4700 sunt
1346 4631 1733 4718 recipientes
1765 4633 2277 4711 Sacramentum,

738 4769 807 4824 ut
862 4776 1060 4844 supra
1116 4753 1545 4843 exposuimus
1601 4776 1682 4820 ex
1736 4753 2058 4834 Patribus,
2129 4754 2283 4842 quia

737 4872 1101 4950 instructi0,
1145 4891 1294 4958 quae
1333 4891 1413 4936 ex
1456 4870 1661 4936 forma
1701 4870 2100 4938 Sacramenti
2163 4871 2282 4936 ha-

735 4990 869 5058 beri
905 4999 1136 5076 potest,
1200 4999 1338 5053 tum
1383 4988 1664 5074 primum
1715 4986 1965 5073 incipit,
2022 4987 2284 5074 quando

735 5110 940 5175 forma
1006 5117 1102 5174 est
1153 5103 1474 5190 complete
1522 5102 1793 5189 prolata,
1851 5112 2007 5169 tunc
2064 5115 2282 5171 autem

737 5246 864 5292 non
896 5236 995 5292 est
1034 5224 1240 5290 forma
1272 5219 1634 5288 secundum
1675 5239 1868 5285 suum
1902 5240 2037 5285 esse
2076 5220 2276 5301 reale,

737 5343 890 5433 quia
947 5341 1208 5409 transiit
1265 5337 1585 5426 completa
1644 5335 2047 5424 prolatione3
2129 5357 2287 5424 ergo

743 5460 968 5548 nequit
1028 5469 1184 5525 tunc
1240 5475 1510 5524 causare
1583 5452 1830 5541 aliquid
1878 5452 2151 5542 physice
2207 5475 2287 5520 ex

744 5575 974 5672 majori
1035 5594 1233 5672 supra
1291 5572 1659 5672 praemissa.

1978 388 2122 451 [ΑΒ.
2158 391 2260 452 lv.
2292 386 2883 454 SENTENTIARUM

2461 551 2880 637 Respondent
2946 550 3055 618 alii
3094 549 3173 617 ad
3223 550 3394 618 idem
3434 564 3888 638 argumentum
4026 550 4075 600 2¹-

2370 665 2785 734 concedendo
2892 679 3099 734 totum
3200 667 3371 755 quod
3456 666 3910 755 praetenditur,

2375 801 2605 869 nempe
2681 783 2987 850 effectum
3046 781 3446 851 Sacramenti
3534 783 3786 850 causari
3854 783 3913 847 in

2374 896 2645 965 instanti
2678 901 3017 986 supposita
3049 900 3433 987 prolatione,
3460 899 3576 967 sed
3620 900 3807 966 aliter
3860 914 3920 966 et

2372 1020 2581 1087 aliter.
2613 1021 2774 1084 Nam
2833 1016 3096 1105 quidam
3175 1017 3399 1084 dicunt
3502 1018 3571 1082 in
3626 1017 3929 1084 int-att

2372 1135 2764 1214 extrinsecO,
2819 1135 2884 1199 in
2924 1155 3052 1222 quo
3099 1155 3328 1201 verum
3368 1145 3469 1200 est
3507 1133 3745 1213 «licere,
3788 1134 3917 1220 jam

2374 1250 2651 1338 prolatio
2700 1270 2829 1317 non
2896 1263 3019 1331 est,
3074 1261 3185 1316 aut
3224 1250 3431 1317 forma
3495 1248 3916 1329 Sacramenti,

2375 1379 2438 1433 et
2476 1377 2626 1433 ante
2653 1367 2778 1432 hoc
2818 1364 3189 1431 immediate
3227 1363 3382 1442 fuit,
3418 1374 3484 1428 et
3523 1363 3611 1429 ita
3650 1383 3919 1450 respon-

2376 1481 2483 1547 det
2511 1485 2703 1549 Sotus
2743 1485 2817 1549 in
2856 1487 2919 1548 4.
2974 1481 3270 1547 distinct.
3315 1483 3380 1547 9.
3425 1491 3653 1567 quoesc.
3697 1483 3761 1545 2.
3818 1501 3923 1545 ar·
4009 1500 4105 1544 saa.

2378 1602 2579 1669 ticulo
2628 1603 2692 1666 7.
2745 1611 2809 1666 et
2846 1598 3127 1665 declarat
3182 1596 3480 1683 exemplo
3541 1596 3610 1662 in
3651 1616 3922 1683 genera·

2377 1715 2556 1782 tione
2626 1714 3080 1792 substantiali3
3162 1733 3311 1780 nam
3375 1711 3740 1792 calefactio,
3815 1733 3925 1800 per

2382 1853 2576 1921 quam
2637 1829 3017 1918 producitur
3071 1829 3536 1917 forma’jgniS,
3579 1842 3738 1896 tunc
3777 1850 3925 1917 pro-

2381 1948 2559 2017 ducit
2612 1947 2887 2014 formam
2949 1945 3148 2033 ignis,
3221 1944 3481 2034 quando
3531 1947 3597 2012 in
3659 1946 3924 2014 instanti

2381 2064 2752 2132 extrinseco
2790 2064 2926 2151 jam
2960 2081 3091 2128 non
3134 2072 3235 2129 est
3276 2073 3522 2131 motus.

2469 2184 2648 2248 Hanc
2696 2179 3191 2267 responsionem
3243 2199 3371 2244 non
3412 2200 3646 2247 omnes
3688 2203 3921 2269 appro-

2380 2299 2561 2380 bant,
2625 2310 2688 2366 et
2744 2296 2999 2375 meritc,
3058 2296 3212 2384 quia
3279 2316 3493 2383 neque
3549 2299 3919 2385 exemplum

2381 2431 2479 2487 est
2510 2438 2764 2498 verum,
2804 2437 3015 2505 neque
3053 2426 3153 2483 est
3198 2436 3314 2503 par
3342 2415 3531 2496 ratio,
3613 2438 3690 2482 eo
3731 2417 3918 2484 etiam
3946 2451 4071 2500 „m

2381 2535 2707 2612 admisso;
2773 2533 2993 2599 nullus
3042 2531 3218 2599 enim
3276 2532 3356 2598 ad
3426 2533 3604 2599 hunc
3661 2532 3920 2600 modum
4015 2522 4092 2625 J*

2384 2654 2903 2742 philosophatur,
2956 2662 3028 2716 ut
3112 2660 3327 2716 motus
3382 2650 3469 2717 sit
3533 2670 3737 2718 causa
3789 2650 3922 2717 effi·
3987 2640 4091 2688 “m''

4053 2710 4089 2751 ut

2383 2773 2561 2839 ciens
2664 2769 2939 2857 alicujus
3001 2768 3287 2846 termini,
3382 2778 3453 2834 ut
3529 2768 3918 2856 principium
3941 2765 4146 2832 primm

2394 2912 2518 2979 quo
2566 2887 2670 2955 vel
2710 2887 2902 2976 qnod,
2960 2886 3074 2953 sed
3118 2885 3227 2953 via
3266 2886 3332 2951 in
3383 2887 3771 2968 terminum,
3807 2910 3913 2956 seu
4010 2910 4091 2960 Non

2395 3014 2577 3067 actus
2634 2995 3091 3083 productivus;
3138 3016 3349 3082 neque
3403 2995 3578 3061 ullus
3634 3019 3917 3085 unquam
3949 2979 4150 3085 §2222

2397 3107 2559 3175 dixit
2613 3105 2887 3170 formam
2954 3101 3449 3170 substantialem
3497 3104 3770 3190 produci
3821 3129 3928 3195 per
3974 3088 4152 3211 maffia

2390 3226 2635 3282 motum
2677 3211 3116 3279 calefactionis
3149 3222 3456 3297 tanquam
3490 3231 3759 3279 causam
3795 3215 3929 3281 effi·
4026 3239 4113 3271 mm·

2383 3323 2687 3398 cientem,
2767 3320 2879 3386 sed
2920 3318 3027 3385 vel
3092 3339 3128 3384 a
3186 3317 3401 3384 calore
3466 3318 3573 3384 vel
3634 3340 3670 3385 a
3732 3322 3931 3388 forma

2387 3430 2562 3516 ignis
2622 3426 3022 3515 generantis,
3096 3427 3285 3511 juxta
3382 3426 3602 3492 varias
3671 3428 3740 3494 in
3818 3430 3935 3495 hac

2387 3537 2750 3626 quaestione
2818 3533 3214 3612 sententias;
3284 3546 3349 3600 et
3389 3532 3565 3614 dato,
3649 3549 3721 3601 ut
3779 3535 3933 3613 dixi,

2384 3644 2706 3733 opposito,
2797 3653 3014 3708 motus
3087 3640 3534 3708 calefactionis
3627 3642 3939 3729 relinquit

2388 3764 2533 3843 post
2595 3773 2666 3818 se
2726 3749 3003 3817 calorem
3060 3749 3124 3813 in
3189 3749 3513 3835 subjectO,
3611 3751 3938 3817 mediante

2389 3882 2542 3951 quo,
2591 3862 2688 3947 (ut
2745 3857 3007 3944 quidam
3063 3855 3351 3942 volunt,)
3400 3853 3687 3924 efficitur
3738 3858 3935 3925 forma

2389 3969 2591 4058 ignis,
2636 3980 2943 4052 tanquam
2996 3963 3238 4029 virtute
3283 3964 3601 4049 proxima,
3650 3965 3758 4031 vel
3799 3987 3928 4033 cer-

2392 4090 2455 4145 te
2507 4088 2575 4143 ut
2614 4071 3045 4159 dispositione
3095 4069 3324 4135 ultima
3378 4072 3820 4140 necessitante
3865 4072 3935 4138 ad

2391 4187 2666 4253 formam
2744 4180 2945 4269 ignis,
3018 4179 3490 4246 determinatur
3565 4180 3711 4267 ejus
3791 4203 3930 4269 pro·

2391 4290 2611 4358 ductio
2641 4308 2677 4355 a
2710 4306 3124 4374 quacumque
3170 4305 3365 4351 causa
3414 4283 3551 4366 fiat,
3596 4286 3744 4354 sive
3793 4289 3934 4354 uni-

2392 4397 2629 4465 versali
2683 4395 2823 4461 sive
2872 4391 3271 4481 particulari.

2481 4503 2606 4571 Sed
2648 4499 2922 4588 prolatio
2962 4499 3191 4564 formae
3224 4498 3555 4585 praeterita
3587 4499 3756 4567 nihil
3792 4513 3932 4588 post

2394 4635 2464 4679 se
2520 4606 2831 4694 relinquit
2878 4604 3072 4683 reale,
3119 4624 3234 4690 per
3283 4604 3456 4692 quod
3499 4619 3809 4674 causaret
3848 4608 3935 4673 ef-

2393 4723 2659 4796 fectum,
2723 4713 2829 4781 vel
2895 4713 2975 4778 ad
3050 4711 3235 4779 illum
3315 4711 3821 4795 determinaret3
3881 4728 3940 4781 et

2395 4826 2568 4916 quod
2645 4821 3048 4910 praeteritum
3132 4833 3256 4897 est,
3334 4832 3787 4906 comparatum
3864 4823 3937 4890 ad

2396 4938 2647 5003 instans
2697 4947 2991 5017 praesens
3035 4925 3433 5014 producendi
3484 4927 3760 4997 effectus
3804 4953 3937 5019 per·

2396 5041 2548 5110 inde
2597 5059 2668 5106 se
2730 5036 2924 5102 nabet
2977 5055 3053 5101 ac
3094 5034 3150 5101 si
3210 5054 3546 5119 nunquam
3602 5037 3936 5118 existeret,

2396 5149 2547 5237 quia
2606 5158 2736 5211 tam
2806 5140 3066 5230 proprie
3126 5161 3254 5206 non
3322 5153 3444 5221 est,
3526 5143 3701 5211 sicut
3773 5144 3935 5232 quod

2398 5272 2734 5342 nunquam
2792 5248 3030 5328 extitit,
3092 5247 3197 5314 vel
3238 5247 3534 5317 futurum
3579 5251 3704 5318 erit
3740 5273 3939 5340 quan-

2395 5376 2535 5429 tum
2576 5360 2654 5426 ad
2718 5377 3047 5445 praesens;
3084 5376 3242 5442 ergo
3273 5356 3468 5424 etiam
3520 5377 3709 5446 aeque
3756 5380 3936 5448 repu-

2399 5479 2559 5559 gnat
2599 5467 2725 5556 ipsi
2785 5485 3058 5532 causare
3106 5464 3404 5553 physice,
3451 5465 3621 5532 sicut
3669 5464 3728 5532 ei
3773 5467 3934 5557 quod

2402 5594 2741 5672 nunquam
2782 5571 3019 5646 extitit.
