4255 6375
798 364 918 428 264

811 530 1161 624 obligari
1200 531 1297 605 ad
1332 529 1510 615 hoc,
1558 533 1763 625 quod
1801 535 2072 606 essent
2115 553 2358 605 mem-

807 648 958 722 bra
1017 650 1423 736 Ecclesiae,
1474 656 1555 727 et
1605 653 1699 726 ad
1760 652 2357 746 suscipiendum

811 768 1131 859 signum
1201 768 1396 843 illud
1478 792 1904 844 commune
1986 772 2357 845 omnibus

812 883 1446 975 ingredientibus
1533 886 2079 978 Ecclesiam);
2157 892 2355 970 tum,

814 1000 1003 1094 quia
1108 1003 1503 1078 medicina
1587 1008 2142 1100 praeparativa
2238 1029 2359 1080 su-

821 1122 1124 1211 scepta,
1219 1141 1672 1214 congruum
1767 1127 1890 1196 est
1996 1123 2363 1216 recipere

819 1234 1300 1308 medicinam
1377 1239 1878 1321 curativam;
1957 1239 2362 1333 dispositi-

820 1371 968 1423 one
1026 1354 1276 1426 etiam
1335 1353 1682 1438 inducta,
1728 1377 2180 1449 congruum
2239 1362 2362 1431 est

821 1468 1074 1543 adhuc
1157 1469 1422 1545 induci
1513 1471 1869 1546 formam
1965 1474 2365 1568 principa-

1971 371 2126 435 mss.
2177 373 2277 435 1V.
2311 369 2933 436 SENTEN'HARUM.

2470 657 2639 722 tibus
2714 654 2822 724 19.
2904 648 3333 724 concludit.
3417 652 3724 723 Verum
3791 649 3962 721 enim

2470 773 2618 850 est,
2678 771 2880 863 quod
2926 789 3089 841 non
3154 768 3538 843 habentes
3608 767 3829 838 fidem
3879 766 3968 837 fu·

2470 890 2710 958 erunt
2777 885 3234 980 baptizandi
3303 885 3728 979 Baptismo
3787 883 3970 958 Chri·

2474 1003 2604 1086 sti,
2679 1004 2812 1076 sed
2887 1025 3047 1077 non
3118 1004 3510 1096 sequitur,
3597 1020 3794 1093 ergo
3873 1000 3975 1072 ha-

2472 1122 2751 1198 bentes
2847 1120 3079 1194 fidem
3175 1141 3333 1195 non
3427 1125 3671 1195 erant
3738 1122 3975 1214 postea

2474 1239 2956 1333 baptizandi.
3030 1240 3193 1311 Iste
3263 1238 3543 1310 modus
3634 1235 3980 1328 arguendi

2474 1377 2634 1429 non
2677 1359 2922 1441 tenet,
2970 1356 3129 1429 nisi
3181 1355 3262 1428 in
3309 1354 3581 1428 causis
3624 1353 3978 1447 praecisis,

2478 1473 2685 1566 quod
2769 1492 2929 1544 non
3004 1477 3128 1546 est
3198 1470 3279 1544 in
3357 1469 3812 1565 proposito.
3895 1472 3983 1541 In

470 1599 763 1654 Batismus
818 1587 1019 1671 lem;
1088 1588 1222 1660 sed
1291 1588 1426 1663 ille
1497 1591 1967 1684 Baptismus
2027 1594 2365 1666 Joannis
2478 1588 2822 1663 fidelitas
2922 1589 3138 1662 enim
3233 1608 3395 1661 non
3497 1591 3686 1661 erat
3780 1606 3985 1659 causa

555 1679 735 1714 oanms

508 1724 761 1776 medicina
819 1709 1000 1778 erat
1042 1705 1251 1780 sicut
1306 1707 1733 1800 dispositio
1780 1730 1998 1782 mere
2063 1731 2368 1804 praepa-

469 1788 766 1857 praeparati·

538 1866 728 1966 mmm

500 1976 756 2030 curativa.

644 5478 700 5531 4.

823 1820 1094 1895 rativa
1162 1823 1256 1896 ad
1315 1824 1829 1916 Baptismum
1882 1827 2215 1910 Christi,
2282 1833 2371 1903 ut

827 1959 969 2031 per
1072 1938 1299 2011 illam
1443 1941 1940 2014 ablutionem
2043 1942 2368 2020 facilius

827 2054 1422 2131 inclinarentur
1495 2059 1862 2134 homines
1950 2064 2046 2135 ad
2122 2065 2371 2137 susci-

827 2170 1200 2264 piendum
1277 2175 1775 2251 ablutionem
1854 2180 2002 2252 sibi
2076 2182 2372 2253 saluta-

828 2311 1025 2373 rem,
1117 2312 1261 2366 nec
1347 2299 1560 2368 esset
1658 2296 2093 2372 molestum
2175 2301 2372 2392 ipsis

817 2407 992 2499 jam
1035 2410 1132 2482 ad
1176 2409 1440 2484 simile
1472 2414 1980 2489 exercitatis.
2029 2420 2129 2490 Et
2170 2415 2371 2491 hanc

826 2525 1232 2599 rationem
1280 2527 1542 2601 innuit
1577 2532 1930 2604 Joannes
1974 2534 2373 2627 Baptista,

831 2645 1065 2716 Joan.
1137 2648 1199 2716 1.
1263 2649 1546 2735 Baptzzo
1630 2674 1740 2717 vos
1794 2675 1991 2740 aqua,
2062 2653 2377 2746 (supple

832 2764 1178 2851 tantum)
1229 2765 1487 2831 medius
1545 2778 1762 2833 autem
1828 2781 2110 2836 nestrum
2172 2775 2370 2852 stelit,

831 2901 1023 2970 quem
1097 2903 1209 2948 vos
1274 2885 1565 2964 nescieiS,
1641 2883 1772 2975 qui
1842 2885 2181 2978 (supple)
2250 2888 2378 2959 ba-

833 3000 1091 3089 ptizat
1159 3017 1303 3068 vos
1382 3017 1542 3070 non
1612 2999 1690 3072 in
1759 3020 1967 3092 aqua
2027 3006 2375 3087 tantum,

832 3114 968 3189 sed
1003 3112 1082 3185 in
1125 3113 1432 3208 Spiritu
1477 3120 1557 3190 et
1598 3117 1973 3193 veritate.

924 3231 1005 3305 Si
1083 3231 1404 3305 dicatur
1470 3233 1591 3323 (c),
1684 3236 1888 3326 quod
1984 3238 2385 3329 Magister

830 3339 1197 3433 loquitur
1272 3340 1363 3413 de
1438 3341 1886 3434 Baptizatis
1960 3365 2006 3417 a
2069 3348 2381 3420 Joanne

834 3457 1104 3549 primo
1168 3458 1428 3540 modo,
1495 3462 1769 3534 utente
1839 3461 2149 3537 scilicet
2226 3465 2385 3536 sor-

839 3591 970 3644 ma
1057 3570 1367 3648 Christi
1444 3572 1525 3646 in
1602 3576 2123 3669 Baptizando,
2232 3582 2383 3656 hoc

836 3709 998 3762 non
1053 3694 1316 3783 potest
1388 3696 1634 3775 stare,
1710 3694 1894 3786 quia
1958 3696 2383 3772 infidelitas

839 3804 1357 3898 suscipientis
1424 3807 1961 3900 Baptismum,
2036 3834 2197 3885 non
2262 3821 2384 3889 est

838 3942 1089 3996 causa
1181 3921 1614 4008 sufficiens,
1717 3929 1918 4018 quod
2009 3936 2385 4022 oporteat

840 4062 1024 4113 eum
1087 4041 1291 4114 alias
1348 4042 1779 4138 baptizari,
1849 4047 2034 4119 dum
2112 4050 2383 4121 tamen

839 4156 1046 4228 adsit
1154 4156 1497 4230 intentio
1595 4159 2082 4253 suscipiendi
2167 4162 2384 4247 illud,

843 4275 1049 4368 quod
1099 4273 1420 4348 confert
1471 4277 1862 4350 Ecclesia.
1911 4282 2010 4353 Et
2070 4279 2137 4351 si
2189 4301 2387 4372 ergo

840 4412 888 4464 a
929 4393 972 4463 J
983 4411 1238 4464 oanne
1280 4391 1739 4485 baptizatus
1782 4413 1941 4467 non
1977 4396 2391 4471 habuisset

840 4509 1075 4582 fidem
1151 4508 1608 4594 TrinitatiS,
1691 4511 1876 4583 dum
1937 4516 2210 4586 tamen
2283 4516 2392 4587 in-

847 4626 1210 4700 tenderet
1306 4626 1672 4719 recipere
1761 4626 1990 4700 illum
2077 4631 2394 4722 Baptis-

849 4763 1095 4829 mum,
1169 4762 1405 4835 quem
1499 4745 1851 4817 Joannes
1934 4745 2394 4823 intendebat

853 4981 986 5052 rat
1034 4998 1211 5049 esse
1250 4997 1495 5051 verus
1537 4978 2004 5072 Baptismus
2060 4868 2398 5073 ChEiOstt‘i)

1473 5096 1625 5169 iste
1741 5101 2024 5189 postea
2146 5099 2399 5193 bapti-

1292 5213 1522 5306 cujus
1642 5214 2104 5307 oppositum
2208 5217 2402 5292 dicit

846 4861 1063 4942 dare,
1133 4861 1306 4953 (qui.
1376 4859 1490 4933 sic
1541 4860 2087 4954 intelligendo,

855 5115 1017 5167 non
1165 5098 1348 5169 erat

854 5212 1174 5296 zanduS,

857 5330 1258 5421 Magister
1337 5330 1429 5403 de
1506 5336 1790 5423 postea
1873 5332 2399 5425 baptizandis

949 5450 1061 5522 Ad
1115 5448 1472 5542 primum
1545 5455 2120 5541 argumentum
2199 5451 2400 5538 dioc,

2482 1705 2827 1800 praecisa
2880 1705 3548 1799 rebaptizationis
3602 1704 3984 1797 Baptismo

2482 1822 2817 1903 Christi,
2892 1822 3054 1895 imo
3147 1822 3431 1915 magis,
3522 1823 3722 1914 quia
3807 1820 3990 1913 prius

2482 1961 2639 2012 non
2688 1943 3161 2032 receperant
3204 1938 3559 2030 gratiam
3600 1937 3993 2032 Baptismi.

2575 2058 2685 2129 Ad
2728 2056 3161 2129 secundum
3214 2060 3794 2147 argumentum
3831 2055 3994 2133 dico,

2487 2175 2690 2267 quod
2749 2173 3014 2265 major
3054 2176 3194 2247 ‚est
3246 2192 3466 2259 vera,
3524 2172 3844 2263 quando
3891 2160 3997 2244 ali-

2488 2290 2669 2384 quid
2774 2289 3284 2365 Sacramenti
3367 2288 3779 2382 Baptismi
3853 2310 4000 2361 con-

2487 2407 2789 2489 fertur;
2855 2408 2934 2479 in
2994 2408 3416 2500 Baptismo
3476 2411 3759 2481 autem
3808 2408 4005 2479 ‚Ioan-

2489 2523 2615 2596 nis
2710 2522 2910 2596 nihil
3019 2525 3526 2599 Sacramenti
3630 2523 3998 2618 Baptismi

2488 2638 3094 2724 conferebatur;
3164 2641 3471 2716 ablutio
3538 2643 3762 2715 enim
3838 2645 4005 2713 exte·

2494 2753 2693 2836 rior,
2762 2754 2931 2827 sine
2991 2755 3556 2831 determinatis
3621 2757 3897 2830 verbis
3944 2762 4001 2831 et

2489 2873 3030 2948 determinata
3127 2875 3572 2949 intentione
3658 2877 3999 2968 prolatis,

2493 2990 2820 3062 omnino
2874 2988 3073 3063 nihil
3130 2997 3254 3066 est
3322 2993 3840 3066 sacramenti
3893 2994 4002 3064 Ba·

2494 3105 2798 3198 ptismi,
2876 3108 3087 3183 sicut
3126 3129 3269 3181 nec
3314 3130 3842 3203 quaecumque
3881 3110 4003 3181 alia

2494 3220 2932 3296 balneatiO.

2587 3343 2685 3413 Et
2749 3340 2815 3413 si
2891 3341 3254 3434 objicias,
3320 3343 3448 3415 ubi
3534 3364 3736 3436 ergo
3808 3344 4003 3417 habet

2496 3457 2931 3532 veritatem
2996 3460 3135 3532 illa
3200 3461 3553 3534 maxima
3606 3487 3619 3529 :
3675 3466 4009 3532 Ubifflomis·

2494 3597 2635 3641 sum
2696 3588 2787 3641 esc
2828 3578 3111 3664 aliquid,
3169 3592 3356 3645 caute
3411 3584 3857 3668 supplendum
3896 3582 4010 3648 est?

2499 3688 2999 3780 Respondeo‚
3046 3690 3171 3761 vel
3230 3712 3388 3763 non
3435 3696 3703 3785 potest
3746 3694 4013 3768 habere

2496 3803 2764 3877 locum
2833 3804 2909 3876 in
2980 3810 3507 3881 Sacralnento
3583 3831 3773 3884 vere
3851 3834 4009 3892 uno,

2500 3931 2686 4022 quia
2776 3932 3082 4005 duobus
3175 3938 3851 4011 concurrentibus
3938 3938 4011 4008 ad

2501 4058 2711 4129 istud
2757 4061 3402 4142 Sacramentum,
3463 4062 3813 4137 alterurn
3870 4066 4016 4136 sine

2501 4181 2765 4254 altero
2834 4183 3035 4255 nihil
3086 4192 3210 4259 est
3265 4190 3789 4270 sacramenti,
3856 4189 4017 4281 quia

2502 4310 2857 4383 alterum
2920 4313 3092 4385 sine
3133 4313 3397 4387 altero
3455 4336 3601 4389 nec
3644 4316 4019 4407 significat

2504 4435 2887 4526 gratiam,
2932 4457 3077 4510 nec
3128 4438 3400 4519 efficit,
3438 4443 3517 4512 et
3560 4444 3747 4513 tunc
3800 4459 4017 4532 expo-

2504 4562 2757 4633 nenda
2806 4567 2930 4636 est
2973 4563 3114 4634 illa
3168 4565 3518 4637 maxime
3566 4566 3658 4638 de
3704 4566 4017 4639 diversis

2509 4689 3064 4762 Sacramentis
3127 4689 3546 4772 ordinatis,
3595 4690 4017 4783 cujusmodi

2510 4818 2698 4889 sunt
2751 4815 3156 4888 ordinatio
3211 4816 3287 4887 in
3336 4815 3801 4898 Diaconum,
3848 4817 4018 4891 Sub-

2508 4941 2934 5014 diaconum
3020 4946 3101 5014 et
3197 4940 3696 5033 hujusmodi,
3778 4947 3853 5016 et
3940 4941 4018 5010 de

2512 5068 2810 5141 talibus
2859 5071 2981 5142 est
3035 5067 3139 5165 ibi
3193 5089 3486 5140 sermo.
3530 5069 3673 5142 Vel
3738 5069 3797 5141 si
3862 5087 4021 5160 pos·
4084 5099 4095 5114 ·

2514 5184 2744 5257 sibile
2803 5188 2927 5258 est
2999 5183 3079 5256 in
3171 5185 3442 5278 aliquo
3521 5187 4015 5260 sacramento

2511 5331 2705 5383 vere
2763 5331 2948 5392 uno,
3004 5330 3245 5381 unam
3299 5315 3616 5404 partem
3665 5331 3821 5385 esse
3861 5307 4015 5379 sine

2518 5439 2703 5523 alia,
2751 5443 2940 5531 puta
2989 5439 3067 5510 in
3122 5439 3664 5524 Eucharistia,
3708 5440 4011 5530 (loquen-

507 5540 824 5611 Aqum·
864 5567 1071 5664 quod
1139 5586 1300 5640 non
1375 5569 1701 5639 tenetur
1768 5568 2190 5661 Magister,
2263 5590 2406 5644 nec
2516 5570 2613 5643 do
2681 5569 2771 5641 de
2863 5565 3276 5661 speciebus
3358 5569 3590 5662 panis
3672 5574 3745 5642 et
3806 5561 4005 5651 vini,)

2467 537 3068 625 argumentum,
3114 534 3322 626 quod
3372 530 3723 605 sumitur
3757 554 3833 597 εει)
3878 534 3962 597 Ae·
3995 558 4066 615 ιι

4024 622 4066 673 Ἣ

4018 694 4068 735 stu
