4255 6375
1315 411 1517 474 DIS'I'.
1564 410 1666 472 IV.
1696 407 2057 485 QUAESTIO
2085 410 2188 471 VI.

206 574 591 642 necessitate
637 575 1072 653 sacramenti,
1151 574 1319 661 quod
1383 573 1447 638 in
1481 583 1768 658 martyre

200 692 468 758 haberet
529 691 859 771 effectum,
915 692 1020 757 vel
1076 691 1335 776 gratiae,
1399 689 1506 756 vel
1537 691 1770 754 chara·

198 807 395 874 cteris
482 819 549 873 et
604 807 1152 894 consignationiS,
1204 817 1329 873 etc.
1397 801 1764 890 Responsio

200 925 289 990 ad
328 928 394 990 2.
445 935 626 1015 patet
654 945 736 990 ex
767 924 981 990 dictis.

282 1030 581 1097 Tertium
638 1043 1102 1119 argumentum
1164 1029 1319 1116 petit
1365 1026 1629 1114 exponi,
1696 1027 1761 1090 in

207 1167 333 1232 quo
420 1133 765 1214 consistat*
823 1147 1066 1215 veritas
1160 1146 1438 1233 practica
1541 1148 1762 1211 Sacra-

208 1264 429 1344 menti,
517 1275 580 1331 et
645 1263 1041 1350 significatio
1111 1262 1362 1343 sormze,
1439 1282 1589 1349 quae
1652 1259 1765 1325 da-

210 1397 313 1448 tur
395 1382 463 1446 in
563 1380 1016 1448 remissionem
1116 1383 1587 1467 peccatorum?
1701 1389 1765 1443 et

211 1518 495 1585 quanam
574 1498 826 1564 ratione
892 1495 1218 1563 verificari
1289 1495 1567 1582 possint,
1635 1505 1765 1560 tam

216 1616 586 1702 Baptismus
668 1633 864 1700 quam
943 1614 1147 1679 forma
1253 1613 1395 1700 ejus
1488 1610 1768 1697 practice

214 1729 276 1795 in
320 1729 711 1818 justificatO,
784 1739 884 1796 est
933 1729 1349 1815 potissimum
1421 1727 1487 1792 in
1554 1725 1767 1811 Virgi-

219 1866 319 1928 ne,
380 1847 729 1934 supposito
787 1845 961 1934 quod
1016 1847 1081 1911 in
1137 1843 1572 1930 Conceptione
1627 1842 1772 1907 Filii

221 1964 596 2051 pervenerit
666 1964 746 2031 ad
810 1962 1164 2029 terminum
1224 1960 1457 2049 gratiae
1529 1959 1773 2026 sancti-

224 2077 500 2158 ficantis,
557 2079 661 2146 vel
714 2099 1011 2146 crescere
1072 2075 1143 2147 in
1184 2098 1257 2143 ea
1313 2075 1593 2161 amplius
1645 2094 1773 2138 non

162 2181 195 2210 ι’
224 2197 451 2283 possit,
527 2196 755 2263 saltem
816 2196 881 2261 in
960 2195 1110 2272 via;
1181 2192 1518 2280 supposito
1577 2190 1772 2256 etiam

222 2313 389 2398 quod
421 2312 676 2379 nullum
720 2312 948 2382 habuit
995 2322 1353 2397 peecatum,
1418 2307 1520 2373 vel
1578 2306 1776 2393 origi-

223 2429 386 2509 nale,
447 2429 556 2496 vel
623 2428 896 2509 actuale,
977 2425 1301 2514 quomodo
1377 2439 1516 2490 erat
1571 2444 1772 2509 capax

224 2546 559 2632 Baptismi,
607 2546 718 2633 qui
760 2545 949 2610 datur
1005 2544 1073 2609 in
1124 2542 1579 2609 remissionem
1632 2561 1774 2627 pec-

225 2662 570 2730 catorum?
689 2665 894 2738 Quam
1004 2659 1453 2726 difficultatem
1556 2668 1776 2722 movet

162 2783 457 2874 'Doctor
536 2780 603 2845 in
670 2778 1035 2867 objectione
1119 2776 1196 2843 ad
1290 2776 1560 2841 calcem.
1643 2778 1786 2839 Re·-

229 2893 464 2981 pondet
549 2906 769 2960 autem
859 2893 939 2959 ad
1024 2893 1311 2979 primum
1421 2890 1501 2955 de
1610 2889 1770 2956 effe-

227 3022 330 3078 ctu
369 3011 628 3099 gratiae,
672 3008 844 3098 quod
878 3012 1368 3075 Sacramentum
1444 3006 1779 3094 significet

230 3157 511 3226 semper,
624 3136 730 3204 vel
817 3136 883 3201 in
969 3134 1146 3218 sieri,
1246 3132 1352 3200 vel
1435 3131 1502 3198 in
1593 3133 1774 3217 facto

233 3276 391 3321 esse.

315 3363 419 3430 Sic
448 3359 801 3448 respondet
832 3363 903 3426 D.
939 3359 1223 3424 Thomas
1264 3359 1337 3421 in
1374 3360 1431 3421 1.
1471 3355 1626 3421 disc.
1666 3357 1771 3418 17.

191 3460 296 3544 ⁹2.
335 3491 515 3565 part.
551 3478 707 3545 dise.
752 3498 932 3561 resp.
991 3475 1082 3539 ad
1128 3474 1433 3538 ultimum
1481 3471 1547 3535 in
1596 3471 1778 3537 simi·

235 3593 317 3675 li3
360 3606 594 3684 estque
639 3615 795 3660 vera
843 3591 1153 3658 resolutio
1193 3594 1566 3667 Doctorum,
1628 3586 1780 3673 quia

239 3711 608 3798 significare
646 3732 760 3797 per
807 3711 1295 3775 Sacramentum
1329 3716 1428 3771 est
1464 3722 1772 3779 causare;

162 3859 191 3913 it
240 3828 501 3913 perinde
577 3847 735 3914 ergo
803 3825 975 3892 valet
1045 3822 1351 3910 praedicta
1418 3820 1773 3895 distinctio,

164 3925 490 4031 inquando
577 3946 1090 4018 Sacramentum,
1161 3939 1266 4004 vel
1334 3947 1559 4003 causat
1624 3934 1780 4001 effe-

239 4072 432 4144 ctum,
486 4072 552 4128 et
588 4061 683 4127 sic
712 4055 1043 4145 significat
1075 4056 1137 4120 in
1176 4056 1351 4137 sieri,
1391 4052 1493 4118 vel
1533 4070 1779 4137 suppo-

243 4176 334 4242 nit
368 4190 703 4245 eausatum
762 4177 841 4242 ab
899 4174 1024 4240 alia
1088 4192 1282 4238 causa
1333 4168 1780 4256 praeveniente

243 4293 720 4361 Sacramentum
785 4290 1090 4357 effectum
1158 4307 1378 4364 suum,
1447 4305 1642 4373 quem
1710 4284 1776 4348 in

162 4491 183 4524 a
244 4408 478 4477 virtute
505 4402 815 4489 continet,
872 4417 933 4473 et
972 4406 1067 4472 sic
1098 4416 1414 4492 quantum
1448 4412 1548 4467 est
1594 4399 1676 4466 de
1708 4420 1780 4465 se

162 4556 200 4651 εξ
247 4539 559 4607 censeret,
599 4525 725 4591 nisi
760 4526 894 4611 jam
940 4522 1151 4607 ipsum
1197 4528 1773 4605 praesupponeret3

163 4640 164 4643 ’
249 4657 306 4706 et
342 4642 463 4709 hoc
499 4654 601 4710 est
657 4660 930 4708 causare
978 4638 1043 4703 in
1090 4640 1273 4723 facto
1320 4655 1474 4713 esse,
1525 4633 1586 4698 id
1654 4644 1773 4711 est,

249 4778 608 4847 supponere
664 4768 1025 4836 causatum,
1107 4753 1280 4841 quod
1339 4753 1498 4818 alias
1566 4752 1779 4837 ipsum

248 4876 726 4944 Sacramentum
806 4885 1028 4939 natum
1095 4880 1269 4937 esset
1361 4888 1652 4946 causare,
1724 4867 1780 4933 si

250 4994 604 5081 subjectum
671 5005 849 5060 esset
879 4992 946 5056 in
979 4988 1290 5077 potentia.

334 5113 423 5179 Ad
470 5112 651 5184 aliud
685 5109 856 5199 quod
911 5108 1223 5195 objicitur
1269 5105 1350 5172 de
1396 5104 1631 5170 effectu
1684 5122 1781 5169 re-

162 5276 177 5309 ,
256 5226 574 5298 missionis
601 5227 872 5317 peccati,
908 5223 1258 5311 respondet
1296 5220 1599 5288 similiter
1638 5239 1784 5284 cau-

162 5325 210 5437 ἐξ
257 5343 373 5409 sari
402 5367 656 5434 semper
686 5364 801 5433 per
859 5345 1373 5416 Sacramentum,
1427 5337 1534 5402 vel
1590 5335 1655 5402 in
1698 5338 1779 5419 fi-

162 5463 220 5565 ἴω
257 5462 368 5541 eri,
410 5464 511 5530 vel
577 5464 643 5529 in
673 5465 855 5548 sacco
909 5480 1065 5539 esse,
1102 5457 1209 5523 v-el
1243 5456 1310 5521 in
1365 5452 1610 5537 fienda,
1658 5453 1784 5519 hoc

259 5588 371 5658 est,
404 5579 469 5648 in
497 5583 667 5667 fore,
705 5581 762 5648 si
792 5577 1039 5664 aliquid
1079 5576 1169 5643 ibi
1217 5585 1392 5642 esset
1449 5571 1785 5639 remitten-

162 3436 183 3470 n

3316 411 3436 473 463

1876 570 2031 635 dum
2085 572 2149 637 in
2196 573 2352 654 fieri
2408 584 2631 639 causat
2693 574 3148 640 remissionem
3209 573 3419 660 quoad

1878 687 2184 770 infanteS,
2248 699 2311 754 et
2341 710 2453 755 eos
2497 690 2608 776 qui
2659 691 2902 757 habent
2950 701 3310 777 peccatum,
3366 688 3421 756 si

1876 805 2006 868 sint
2044 803 2269 883 adulti,
2322 818 2385 871 et
2444 807 2754 872 accedant
2801 806 2877 873 ad
2930 808 3423 874 Sacramentum

1877 939 2024 984 cum
2065 919 2432 998 attritione;
2483 920 2547 983 in
2587 922 2768 1003 facto
2799 942 2933 985 esse
2963 932 3188 987 causat
3220 921 3284 986 in
3316 919 3419 999 iis,

1875 1034 2113 1121 quibus
2147 1033 2341 1099 infuit
2375 1046 2735 1120 peccatum,
2766 1035 2878 1102 sed
2918 1036 3239 1122 praeventi
3271 1046 3426 1102 sunt

1878 1169 1992 1237 per
2022 1149 2199 1215 aliud
2250 1151 2612 1218 remedium
2678 1163 2831 1218 ante
2880 1164 3259 1239 susceptum
3316 1155 3429 1220 Ba-

1879 1266 2221 1352 ptismum,
2264 1266 2329 1332 in
2360 1267 2606 1349 siendO,
2663 1279 2772 1334 aut
2800 1271 2971 1354 fore,
3019 1269 3301 1335 refertur
3347 1268 3426 1335 ad

1877 1381 2080 1448 solam
2131 1381 2496 1471 Virginem,
2544 1384 2607 1449 in
2658 1404 2784 1471 qua
2825 1384 3075 1452 nullum
3122 1385 3244 1453 fuit
3284 1406 3428 1473 pec·

1880 1511 2122 1566 catum.

1971 1619 2256 1702 Uterque
2324 1618 2429 1683 hic
2488 1617 2721 1684 modus
2787 1619 3050 1687 denotat
3117 1619 3428 1687 virtutem
3458 1631 3763 1703 Differentia

1882 1733 2308 1813 Sacramenti,
2356 1747 2671 1820 quantum
2706 1750 2806 1800 est
2844 1736 2923 1802 de
2961 1757 3057 1820 se,
3093 1736 3171 1802 ad
3205 1738 3429 1805 remis·
3478 1694 3687 1831 εεῗέἓῗὶῗ
3712 1700 3776 1832 et·

1882 1849 2133 1915 sionem
2177 1851 2447 1935 peccati,
2493 1852 2607 1918 sed
2659 1853 3028 1919 differentia
3077 1855 3290 1922 solum
3333 1870 3433 1924 est
3462 1821 3780 1951 mg‘r'ffitfflff

1883 1966 1950 2031 in
2000 1967 2144 2047 hoc,
2199 1968 2368 2053 quod
2421 1968 2750 2035 secundus
2801 1971 3035 2038 modus
3086 1972 3153 2039 in
3203 1974 3433 2040 ordine

1885 2084 2147 2150 denotat
2238 2086 2554 2150 actualem
2642 2087 3100 2154 remissionem
3198 2090 3432 2158 factam

1887 2199 2135 2280 fuisse;
2174 2202 2404 2268 tertius
2474 2224 2629 2269 vero
2687 2227 2815 2271 non
2870 2219 3195 2296 supponat
3248 2219 3433 2275 actu-

1886 2316 2051 2381 alem
2087 2317 2839 2405 remissionem'peccati,
2877 2322 3029 2409 quia
3060 2322 3429 2401 noninfuit,

1887 2433 1999 2498 sed
2048 2434 2259 2499 solum
2307 2436 2659 2521 potentiam
2695 2439 3092 2504 Sacramenti
3128 2440 3207 2506 ad
3262 2441 3437 2507 hunc

1886 2549 2212 2644 effectum,
2280 2551 2332 2615 si
2396 2564 2727 2637 peccatum
2780 2553 3009 2621 fuisset
3066 2556 3429 2624 incursum.

1893 2666 2095 2731 Priori
2127 2664 2349 2752 {modo
2413 2668 2783 2756 subjectum
2846 2672 3088 2759 recepit
3158 2673 3435 2759 primam

1887 2780 2167 2868 gratiam
2231 2804 2346 2868 per
2423 2784 2686 2850 modum
2758 2785 3248 2873 justificationis
3324 2811 3437 2878 per

1888 2899 2379 2965 translationem
2414 2900 2716 2987 subjecti,
2756 2915 2866 2967 aut
2917 2925 3211 2989 personae
3241 2905 3321 2972 ab
3362 2927 3438 2971 eo

1889 3026 2088 3094 statu,
2142 3014 2208 3079 in
2260 3037 2387 3102 quo
2440 3029 2629 3083 natus
2662 3030 2763 3085 est
2798 3019 2992 3084 homo
3044 3020 3220 3087 filius
3271 3022 3437 3089 Ada-

1891 3131 1977 3196 mi
2045 3131 2122 3197 ad
2193 3143 2430 3199 statum
2498 3132 2866 3221 adoptionis
2926 3136 3211 3204 filiorum
3289 3139 3427 3219 Dei,

1892 3259 2004 3324 per
2041 3259 2268 3305 veram
2339 3241 2829 3308 renovationem
2888 3265 2924 3310 a
3001 3260 3263 3331 peceato
3322 3246 3440 3334 per

1890 3356 2191 3441 gratiam,
2231 3357 2423 3422 etsie
2483 3358 2917 3445 indigentiam
2978 3363 3286 3448 Baptismi
3342 3387 3436 3432 ra-

1892 3472 2066 3538 tione
2100 3473 2340 3558 peccati
2378 3473 2646 3554 incursi,
2697 3489 2810 3541 aut
2848 3477 3117 3545 alterius
3166 3482 3437 3548 remedii

1892 3588 2368 3675 {equivalentis
2408 3590 2530 3655 Sed
2562 3591 2730 3658 alius
2781 3593 3013 3661 modus
3046 3618 3174 3662 non
3206 3599 3441 3665 admit-

1889 3704 1969 3769 tit
2011 3705 2288 3790 primam
2349 3706 2623 3791 gratiam
2685 3708 2899 3775 datam
2933 3731 3074 3777 esse
3120 3734 3235 3799 per
3294 3737 3438 3781 mo-

1892 3821 2048 3888 dum
2129 3822 2582 3909 justificantiS,
2653 3837 2765 3892 aut
2824 3828 3260 3910 remissionis,
3325 3831 3441 3899 sed

1893 3938 2105 4004 solum
2138 3960 2253 4024 per
2287 3939 2550 4005 modum
2611 3942 3105 4024 sanctificantis,
3150 3961 3214 4012 et
3267 3969 3440 4035 prae-

1893 4054 2218 4120 venientis
2280 4067 2641 4141 peccatum,
2703 4059 2874 4146 quod
2935 4059 3092 4128 alias
3165 4062 3437 4146 inesset,

1894 4170 2017 4235 nisi
2051 4172 2530 4256 praeveniretur
2572 4196 2686 4260 per
2716 4176 3019 4261 gratiam.
3292 4163 3295 4166 ⁷

1977 4290 2059 4353 Ut
2103 4302 2321 4354 autem
2368 4290 2509 4356 haec
2546 4291 2838 4358 doctrina
2877 4305 2941 4359 et
2980 4294 3219 4362 solutio
3299 4318 3434 4365 ma·
3586 4308 3675 4360 23.

1890 4402 1994 4487 gis
2044 4401 2427 4481 declaretur,
2473 4405 2780 4489 objicitur
2811 4405 3101 4493 (omissis
3143 4411 3437 4499 Scriptu-
3466 4370 3793 4484 Imi'ggxstffiur

1893 4518 1984 4583 ris
2036 4517 2331 4605 allegatis
2390 4524 2613 4608 supra)
2658 4523 3019 4591 Concilium
3069 4529 3445 4595 Constanti·
3536 4496 3736 4547 modus.

1895 4636 2387 4720 nopolitanum:
2451 4640 2789 4721 Confiteor
2846 4663 3051 4708 unum
3099 4645 3451 4732 Baptisma

1895 4754 1970 4817 in
2017 4755 2476 4820 remissionem
2516 4768 2951 4842 peecatorum,
3011 4770 3134 4827 etc.
3192 4763 3454 4830 Milevi-

1893 4880 2117 4935 tanum
2154 4891 2298 4938 can.
2336 4875 2398 4938 2.
2434 4872 2594 4938 Item
2619 4875 2902 4960 placuit,
2964 4888 3037 4943 ut
3068 4880 3459 4969 quicumque

1890 4989 2212 5073 parvulos
2238 5003 2529 5057 recentes
2574 4992 2656 5057 ab
2703 4996 2912 5060 uteris
2959 5007 3248 5065 malrum
3300 4999 3457 5088 bap-

1897 5106 2204 5172 tizandos
2233 5119 2451 5193 nepae,
2498 5121 2615 5175 aue
2672 5110 2840 5177 dicit
2881 5114 2954 5179 in
2995 5116 3458 5184 remissionem

1892 5234 2315 5308 peccatorum
2381 5246 2488 5291 eos
2547 5225 2905 5313 baptizari,
2979 5232 3095 5297 sed
3149 5235 3332 5300 nihil
3379 5257 3465 5301 ex

1896 5340 2157 5405 Aclamo
2214 5344 2477 5408 trahere
2541 5345 2903 5430 originalis
2952 5351 3228 5433 peccati,
3272 5352 3450 5438 quod

1897 5457 2438 5541 reyeneralionis
2498 5458 2770 5524 lavacro
2848 5463 3202 5547 eaepielur,·
3276 5466 3455 5533 uncle

1896 5571 1976 5653 sit
2011 5592 2431 5659 consequens,
2467 5584 2539 5639 uc
2569 5575 2646 5640 in
2682 5576 2780 5642 eis
2825 5579 3049 5661 forma
3082 5579 3447 5668 baptisma-
