4255 6375
1344 402 1677 467 Dts'r.1v.
1724 399 2089 475 QUAESTto
2137 402 2209 463 V.

207 577 447 622 servare
487 562 706 623 divina
743 562 1075 632 mandata,
1114 565 1241 622 etc.
1325 567 1390 621 et
1443 576 1592 619 sess,
1657 556 1748 616 14.

208 692 335 749 cap.
368 674 424 733 4.
456 673 607 733 dicit
652 675 1126 752 poenitentiam,
1175 688 1319 750 quai
1372 680 1472 732 est
1528 668 1747 746 dispo-

208 790 340 851 sitio
390 792 453 851 in
501 792 926 852 Sacramento
982 789 1298 868 requisita
1331 793 1479 866 post
1533 789 1753 864 Bapti-

210 924 428 979 smum,
471 910 813 969 continere
863 915 1091 970 votum
1142 906 1566 974 sacramenti,
1616 920 1751 964 ces-

209 1023 516 1083 sationem
560 1039 597 1083 a
641 1030 942 1100 peccate,
1001 1030 1066 1084 et
1113 1022 1255 1083 vitae
1298 1036 1480 1082 novae
1505 1035 1750 1097 propo-

211 1141 394 1201 situm
426 1148 487 1202 et
516 1139 1032 1213 inchoationem,
1089 1147 1153 1200 et
1197 1140 1441 1201 veteris
1484 1137 1752 1210 odium;

214 1261 271 1317 et
297 1251 452 1317 infra
487 1256 570 1318 de
602 1258 932 1319 attritione
965 1273 1087 1318 seu
1109 1256 1494 1319 contritione
1521 1256 1756 1330 imper·

212 1370 397 1444 fecta,
445 1386 588 1448 quae
632 1376 816 1431 extra
861 1371 1358 1431 Sacramentum
1401 1385 1532 1428 non
1567 1366 1758 1445 justi-

214 1485 352 1546 ficat
389 1490 460 1546 ut
498 1484 833 1565 dispositio
873 1488 956 1548 sit
1005 1488 1316 1564 legitima,
1361 1485 1655 1562 requirit,
1689 1489 1764 1543 ut

218 1576 604 1665 voluntatem
637 1602 960 1680 peccandi
993 1602 1323 1674 excludat,
1358 1618 1501 1679 qua}
1533 1600 1757 1661 exclu-

219 1722 304 1781 sio
349 1736 478 1780 non
526 1721 740 1779 solum
788 1717 1223 1797 intelligenda
1273 1723 1373 1778 est
1420 1719 1606 1795 quasi
1650 1732 1763 1777 ne-

221 1832 447 1909 gative,
500 1838 571 1893 ut
621 1835 893 1906 scilicet,
943 1832 1222 1895 sufficiat
1294 1850 1429 1894 non
1482 1832 1763 1909 compla-

224 1951 426 2011 centia
452 1951 725 2011 aetualis
765 1950 830 2011 in
880 1956 1178 2029 peccat0,
1228 1949 1347 2011 sed
1391 1952 1766 2010 necessaria

225 2074 314 2129 est
340 2070 642 2131 voluntas
673 2069 968 2147 positiva,
1004 2086 1147 2147 quae
1188 2074 1287 2129 est
1329 2068 1587 2129 firmum
1617 2083 1764 2144 pro-

226 2186 498 2262 positum
549 2205 680 2250 non
730 2188 1079 2265 peccandi,
1139 2192 1213 2247 ut
1263 2187 1589 2264 colligitur
1635 2190 1765 2245 tam

229 2318 298 2362 ex
325 2303 504 2364 initio
541 2306 797 2382 capitiS,
825 2305 936 2366 ubi
971 2306 1105 2383 agit
1132 2302 1215 2364 de
1249 2304 1669 2375 contritione,
1696 2306 1772 2363 ut

228 2423 583 2484 communis
615 2427 716 2482 est
746 2420 830 2482 ad
862 2420 1247 2498 perfectam,
1282 2429 1479 2497 atque
1529 2421 1767 2495 imper-

227 2538 484 2611 fectum,
522 2558 650 2618 qua
684 2544 989 2618 impetrat
1019 2542 1278 2603 veniam
1319 2545 1767 2618 peccatorum,

159 2655 199 2749 ξ
228 2659 491 2736 requirit
514 2661 691 2721 enim
723 2660 1129 2735 propositum
1159 2657 1662 2720 emendationis,
1695 2657 1772 2716 Et

226 2773 378 2836 infra
410 2793 554 2838 can.
589 2778 650 2836 5.
686 2774 910 2853 adjicit
939 2776 1115 2839 idem
1160 2782 1466 2851 tanquam
1503 2776 1769 2835 circum-

228 2896 520 2955 stantiam
541 2894 958 2970 requisitam:
984 2898 1140 2955 Cum
1155 2898 1510 2969 preposite,
1534 2892 1765 2969 inquit,

229 3011 508 3072 melioris
527 3014 708 3083 vitae3
747 3018 810 3073 et
836 3028 983 3072 sess.
1017 3011 1075 3071 6.
1110 3028 1252 3085 cap.
1285 3010 1375 3071 14.
1409 3007 1587 3069 idem
1618 3023 1770 3083 sup-

229 3127 399 3203 ponit
419 3128 667 3207 requiri
701 3126 785 3187 ad
818 3127 1268 3205 poenilentiam
1296 3125 1574 3186 hominis
1597 3124 1770 3185 Chri-

230 3246 428 3318 stiani,
464 3261 610 3324 qua}
644 3245 844 3307 dehet
893 3260 1040 3306 esse
1073 3245 1350 3306 cessatio
1384 3262 1419 3304 a
1453 3242 1768 3319 peccatiS,

232 3362 394 3420 etex
425 3365 659 3422 natura
690 3361 786 3420 rei
833 3359 917 3420 ad
963 3358 1424 3435 poenitentiam
1468 3360 1772 3436 peccato-

230 3493 356 3537 rum
412 3496 661 3552 verani,
721 3495 864 3557 qua>
919 3477 1224 3555 disponat
1277 3475 1361 3536 ad
1416 3476 1770 3553 indulgen-

233 3594 397 3672 tiam,
431 3595 500 3656 id
531 3595 909 3674 requiritur,
956 3595 1105 3672 quia
1154 3597 1254 3654 est
1303 3591 1491 3653 dolor
1541 3589 1775 3652 efficax

235 3726 346 3787 qua
393 3712 760 3790 applicatur
804 3712 1327 3783 Sacramentum,
1379 3715 1451 3769 ut
1482 3707 1776 3769 medium

235 3827 468 3901 salutiS,
521 3833 588 3890 et
629 3827 991 3889 intenditur
1022 3824 1374 3887 efficaciter
1419 3827 1555 3901 ipsa
1600 3823 1777 3883 salus

237 3951 296 4005 et
321 3948 601 4008 amicitia
655 3948 794 4014 Dei,
850 3963 979 4022 qua
1030 3959 1165 4006 non
1216 3949 1314 4004 est
1361 3941 1624 4020 dignuS,
1658 3940 1778 4002 nisi

238 4062 339 4138 qui
391 4064 858 4140 impedimenta
922 4062 1150 4124 tollere
1213 4059 1294 4121 de
1355 4060 1655 4135 praesenti
1715 4061 1780 4117 et

236 4175 435 4241 futuro
468 4181 799 4257 proponit.
841 4176 1023 4238 Unde
1054 4175 1486 4254 Apocalypsis
1533 4174 1592 4234 2.
1646 4173 1775 4232 Me-

238 4310 367 4356 mor
395 4304 521 4357 esto
562 4297 732 4357 unde
764 4294 1106 4364 excideris,
1156 4308 1275 4368 aye
1311 4290 1778 4367 paenitentiam,

237 4416 281 4469 et
301 4413 518 4485 prima
549 4429 751 4488 opera
791 4412 927 4486 sac,
983 4415 1112 4469 etc.
1160 4425 1280 4485 per
1328 4406 1636 4468 ultimum
1679 4404 1776 4463 in-

242 4525 542 4606 telligitur
586 4530 859 4590 conatus
893 4523 1375 4614 emendationis
1419 4525 1478 4583 2.
1526 4520 1610 4582 ad
1655 4519 1777 4580 Co-

242 4644 420 4707 rinth.
467 4652 528 4708 7.
580 4650 731 4718 Quae
757 4648 1108 4707 secundum
1140 4645 1347 4702 Deum
1374 4640 1641 4700 tristitia
1669 4645 1778 4713 est,

239 4765 662 4834 paenitentiam
702 4767 769 4823 in
813 4763 1090 4822 salutem
1119 4758 1414 4822 stabilem
1445 4761 1778 4833 operatur.

248 4881 571 4953 Operatur,
618 4879 855 4956 inquit,
903 4881 970 4938 in
1013 4877 1288 4938 salute-m
1319 4874 1616 4935 stabilem
1652 4889 1783 4947 pce-

244 4994 598 5070 nitente‘a·m;
634 5011 794 5073 ergo
828 4994 1004 5055 nulla
1038 4997 1137 5054 est
1165 4990 1532 5052 secundum
1573 4991 1785 5051 Deum

248 5112 497 5188 tristitia,
576 5128 726 5190 quae
817 5111 1217 5174 tristabiliter
1273 5126 1407 5169 non
1471 5112 1786 5183 operatur

244 5231 674 5303 poenitentiam
704 5245 855 5291 cum
905 5228 1238 5304 proposito
1272 5222 1781 5286 emendationis,

318 5344 411 5406 Sic
448 5347 645 5408 etiam
677 5341 1014 5419 Propheta}
1062 5337 1581 5416 praedicaverunt
1628 5350 1785 5394 con-

247 5464 591 5525 versionem
679 5456 1157 5538 peccatoribus,
1247 5460 1320 5516 ut
1391 5454 1788 5529 quiescerent

252 5594 429 5653 ayere
486 5594 812 5660 perverse,
886 5572 1321 5638 emendarent
1389 5570 1525 5636 vias
1597 5583 1780 5639 suaS‚

3326 396 3438 458 431

1864 554 2175 634 fugerent
2228 558 2667 636 iniquitatem,
2712 562 3158 638 sequerentur
3199 557 3426 617 Domi-

1869 689 2063 746 num;
2101 690 2260 754 ergo
2294 692 2427 735 non
2476 680 2576 736 est
2627 674 2894 753 aliquod
2926 673 3425 736 fundamentum

1861 788 1930 848 id
1967 790 2279 869 negandi,
2328 807 2472 851 cum
2503 792 2792 870 alioquin
2836 792 3247 868 poenitentia‚
3291 805 3433 868 quae

1869 904 1936 966 id
1982 906 2395 977 excluderet,
2444 923 2573 967 non
2634 915 2811 970 esset
2867 924 3025 969 vera
3090 904 3432 968 conversio

1868 1023 2255 1096 peccatoris
2310 1020 2500 1096 Quod
2544 1021 2596 1081 si
2629 1022 2712 1084 de
2743 1029 2893 1085 actu
2924 1020 3217 1100 perfecto
3254 1037 3429 1083 amo·

1869 1133 1955 1194 ris
2003 1153 2151 1197 cum
2196 1138 2524 1200 oblivione
2571 1146 2990 1215 peccatorum
3030 1138 3099 1199 id
3149 1137 3427 1199 docere-

1877 1255 1999 1324 tur,
2058 1260 2243 1314 recte
2293 1253 2597 1331 quidem;
2675 1254 2796 1315 sed
2855 1254 2978 1315 hoc
3049 1253 3247 1315 modo
3300 1268 3436 1315 non

1872 1373 1997 1427 stat
2043 1384 2192 1429 cuin
2251 1370 2588 1431 voluntate
2638 1368 3000 1448 recipiendi
3043 1370 3433 1430 Sacramen-

1878 1488 2015 1544 tum
2096 1483 2162 1546 in
2231 1488 2688 1549 remissionem
2777 1490 3223 1564 peccatorum,
3308 1484 3434 1547 nisi

1879 1601 2483 1678 comprehendatur
2511 1603 2724 1664 solum
2758 1602 3178 1680 originale,et
3210 1617 3436 1663 casum

1874 1719 2016 1795 ipsa
2063 1716 2380 1780 dubitatio
2430 1735 2510 1779 ex
2577 1719 2761 1780 titulo
2836 1717 3150 1792 excludit,
3208 1719 3276 1781 in
3353 1733 3432 1778 eo

1880 1836 2055 1895 enim
2134 1837 2241 1913 qui
2288 1836 2672 1897 recordatur
2731 1840 2982 1913 peccati
3026 1838 3150 1910 sui,
3203 1837 3433 1914 nequit
3491 1839 3754 1953 Pegggltus

1881 1969 2027 2013 esse
2075 1969 2255 2013 amor
2301 1952 2632 2030 perfectus
2661 1953 2890 2016 divinae
2920 1954 3269 2028 charitatis,
3310 1956 3431 2015 nisi
3462 1964 3658 2017 inducit
3684 1981 3785 2030 ρω-

3084 2074 3094 2085 ,
3482 2028 3778 2082 nitentiam.

1878 2076 2195 2148 sequatur
2225 2069 2412 2132 dolor
2444 2071 2524 2133 de
2559 2076 2830 2149 peccato
2863 2088 3229 2135 commisso,

1959 2187 2324 2259 DubitabiS,
2385 2204 2585 2266 quam
2642 2189 3094 2266 poenitentiam
3147 2189 3432 2252 intendit
3462 2170 3685 2284 Dubifflii
3720 2234 3785 2283 de

1879 2308 2123 2366 Doctor
2161 2304 2428 2383 requiri,
2475 2304 2559 2365 ad
2605 2306 3004 2383 Baptismum
3056 2306 3269 2369 valide
3314 2325 3430 2369 su-
3499 2295 3746 2360 qu⁸¹¹t⁸²⁶

1880 2423 2296 2500 scipiendum
2326 2422 2405 2483 ab
2438 2421 2663 2483 adulto
2699 2429 3074 2500 peccatore,
3127 2431 3198 2486 ut
3252 2424 3429 2488 dele·
3458 2364 3786 2425 poemtennae.

1882 2547 2027 2601 atur
2062 2545 2407 2616 peccatum
2449 2540 2722 2599 mortale
2784 2540 2951 2618 eju&
3013 2545 3078 2601 et
3135 2557 3438 2619 quaenam

1884 2659 2204 2736 exigatur,
2241 2662 2305 2716 et
2333 2654 2612 2716 sufficiat
2649 2657 2714 2718 in
2755 2656 3008 2733 reipsa?
3054 2659 3441 2736 Respondet

1884 2774 2147 2837 Gabriel
2196 2774 2440 2851 requiri
2488 2789 2713 2834 veram
2764 2775 3226 2837 contritionem
3269 2779 3336 2837 in
3374 2776 3434 2837 4.
3666 2853 3723 2864 Η

1883 2894 2027 2953 de'st.
2075 2891 2135 2952 4.
2189 2896 2406 2966 quaest.
2453 2891 2513 2952 2.
2549 2896 2674 2951 art.
2708 2893 2769 2952 2.
2795 2897 2938 2965 post
2968 2890 3438 2953 conclusionem
3493 2854 3763 2967 3533}ss-

3547 2995 3687 3031 nem.

1882 3014 2212 3085 quartam,
2279 3025 2478 3087 quam
2539 3014 2722 3070 tenet
2776 3008 3005 3070 Petrus
3064 3027 3100 3070 a
3144 3010 3298 3071 Solo
3361 3011 3439 3070 de
3509 3041 3735 3093 Gabriel.

1888 3129 2281 3187 Institutione
2358 3129 2788 3192 sacerdotum.
2864 3126 3128 3187 lectione
3210 3128 3271 3189 4.
3358 3131 3437 3191 de
3491 3104 3766 3221 pagata-de

1883 3244 2240 3319 Raptismo,
2287 3241 2324 3320 g
2388 3243 2616 3304 Ultimo
2674 3245 2955 3304 tandem.
3007 3243 3201 3305 Citari
3246 3244 3441 3306 etiam

1886 3365 2187 3438 possunt,
2278 3361 2389 3437 qui
2463 3365 2764 3420 asserunt
2833 3360 2916 3422 ad
2988 3364 3444 3424 remissionem

1889 3475 2144 3555 peccati
2175 3478 2238 3537 in
2271 3476 2695 3537 Sacramento
2746 3476 3151 3540 Poenitentiae
3197 3479 3447 3558 requiri

1889 3589 2261 3668 perfectam
2343 3594 2825 3661 contritionem,
2898 3596 3067 3656 sicut
3135 3596 3448 3675 Magister

1891 3709 2070 3782 infra
2102 3709 2247 3767 dist.
2291 3707 2380 3769 18.
2420 3712 2486 3768 et
2514 3708 2832 3769 Marsilius
2861 3712 2929 3770 in
2970 3711 3033 3770 4.
3076 3718 3293 3787 quaest.
3348 3713 3441 3771 12.
3530 3714 3731 3794 Magist.

1891 3830 2018 3885 art.
2065 3826 2126 3884 2.
2186 3827 2251 3884 z‘n
2292 3826 2352 3886 2.
2400 3830 2575 3900 part.
2623 3827 2895 3887 articuli
2933 3828 3128 3888 dubio
3169 3828 3448 3889 inciden-
3496 3781 3784 3893 Maii-’signs

1891 3941 2028 4014 tati,
2091 3944 2158 4000 et
2188 3940 2319 4013 alii,
2354 3957 2519 4018 quos
2551 3942 2730 4016 infra
2771 3943 2915 4004 dist.
2976 3942 3067 4003 14.
3116 3949 3337 4021 quoest.
3386 3946 3444 4006 3.

1896 4057 2260 4119 citabimus,
2333 4056 2453 4117 Alii
2522 4063 2595 4118 ut
2664 4058 2986 4120 Navarrus
3057 4060 3125 4119 in
3193 4076 3451 4121 summa

1893 4190 2036 4249 cap.
2077 4175 2129 4233 l.
2166 4191 2342 4234 num.
2381 4174 2477 4235 39.
2517 4172 2715 4235 docet
2743 4176 2986 4253 requiri
3018 4176 3249 4237 saltem
3297 4191 3450 4237 con·

1893 4291 2214 4356 tritionem
2248 4295 2654 4361 aestimatam,
2684 4294 2785 4353 cui
2816 4292 3140 4356 accedere
3188 4293 3450 4356 videtur

1893 4407 2221 4478 Corduba,
2268 4408 2377 4467 tib.
2422 4410 2474 4469 1.
2512 4409 2957 4483 quaestionum,
3014 4416 3231 4487 quaest.
3262 4412 3323 4472 2.
3360 4412 3450 4471 ad
3504 4439 3763 4493 Corduba.

1892 4524 1951 4586 3.
2014 4529 2491 4600 arqumentum.
2564 4525 2684 4586 Alii
2745 4524 2990 4586 docent
3042 4543 3175 4588 non
3234 4526 3450 4587 solum

1893 4639 2139 4716 requiri
2209 4642 2274 4699 et
2321 4636 2627 4699 sufficere
2682 4643 3146 4703 contritionem
3179 4646 3246 4703 et
3274 4642 3449 4704 attri-

1898 4755 2144 4814 tionem
2179 4755 2613 4815 communiter
2645 4754 2912 4826 dictam,
2944 4756 3066 4817 sed
3098 4749 3447 4834 displicen-

1895 4871 2047 4933 tiam
2081 4871 2436 4932 humanam
2471 4871 2552 4931 ob
2583 4870 2938 4949 infamiam,
2994 4878 3109 4935 aut
3139 4878 3450 4950 mortem,

1895 4983 2138 5046 viribus
2212 4988 2466 5044 naturae
2539 4990 2931 5063 conceptam
3001 4985 3307 5050 sufficere
3368 4987 3454 5051 ad

1895 5102 2187 5162 valorem
2245 5100 2669 5161 sacramenti.
2740 5101 2923 5164 Idem
2975 5101 3143 5165 infra
3206 5102 3455 5167 docent

1898 5217 2099 5278 etiam
2160 5215 2243 5276 de
2318 5214 2750 5292 dispositione
2817 5219 3131 5296 requisita
3175 5220 3260 5282 ad
3332 5220 3448 5283 Sa-

1900 5339 2306 5394 cramentum
2348 5332 2772 5407 Poenitentiae‚
2830 5341 2903 5395 ut
2961 5334 3174 5396 valide
3229 5335 3452 5398 confe-

1861 5453 1873 5463 ‘
1897 5453 2097 5510 ratur.

1980 5565 2323 5629 Conclusio
2370 5565 2666 5628 Doctoris
2728 5571 2851 5642 est,
2908 5569 3158 5648 requiri
3225 5568 3456 5650 displiae
