4255 6375
775 383 894 449 ‘234

779 546 1009 616 ficatus
1037 568 1117 616 ex
1148 546 1315 628 fide;
1362 548 1485 615 fuit
1522 547 1718 616 etiam
1765 547 2198 616 sacerdotium
2260 559 2325 614 et

781 664 967 751 plura
1053 664 1398 747 sacrificia,
1489 687 1637 754 quae
1705 666 2088 754 placuerunt
2163 669 2316 744 Dec,

775 801 936 869 ergo
968 793 1033 848 et
1063 781 1420 848 remedium
1454 781 1714 871 aliquod
1746 782 2001 849 delendi
2033 782 2324 869 origina-

774 896 855 965 le.
922 900 1098 963 Patet
1147 896 1316 963 idem
1366 919 1444 964 ex
1486 897 1715 963 ordine
1778 896 2030 964 divinfe
2065 897 2319 987 praede·

774 1011 1172 1093 stinationis,
1211 1035 1339 1101 quo
1380 1025 1663 1082 statutus
1694 1026 1793 1081 est
1827 1013 2122 1080 Christus
2201 1018 2320 1080 Re-

770 1131 1069 1218 demptor
1098 1132 1359 1219 generis
1394 1131 1688 1212 humani,
1726 1153 1804 1199 ex
1838 1133 2027 1220 cujus
2071 1131 2321 1198 meritis

774 1247 1076 1334 praevisis
1118 1252 1287 1314 Deus
1334 1269 1593 1335 semper
1643 1269 1760 1336 pro
1808 1248 1984 1315 omni
2030 1258 2322 1334 tempore

776 1377 838 1432 et
867 1378 1035 1433 statu
1070 1366 1614 1453 peregrinationis
1646 1365 1976 1446 Ecclesiae,
2004 1377 2067 1431 et
2090 1365 2321 1433 electo-

776 1503 921 1548 rum
956 1481 1227 1548 contulit
1287 1481 1596 1548 beneficia
1668 1482 1899 1548 salutis
1961 1481 2320 1548 invocanti-

780 1597 903 1664 bus
937 1619 1030 1665 se.
1066 1601 1199 1664 Hoc
1237 1597 1431 1664 etiam
1465 1610 1852 1685 supponunt
1892 1603 2135 1666 PatreS.

457 1740 539 1791 An
575 1720 727 1794 ,ζωὴ
867 1712 1146 1780 Dubium
1196 1728 1411 1781 autem
1455 1726 1577 1795 est,
1624 1737 1704 1782 an
1755 1716 1882 1782 tale
1955 1716 2318 1783 remedium

436 1807 970 1918 W‘'2¹'„¹{‚¹,¹,¹„„,S‘³¹‘fuerit
1038 1851 1293 1911 verum,
1340 1842 1404 1897 et
1468 1832 1730 1919 proprie
1798 1831 2042 1898 dictum
2094 1835 2319 1900 Sacra-

458 1935 721 2044 Dffflim-
779 1942 1128 2010 mentum?
1193 1948 1447 2031 Negant
1503 1948 1575 2009 D.
1679 1949 2134 2012 Bonaventura
2210 1947 2320 2012 hic

516 2063 681 2169 {3¹33-
779 2070 910 2127 art.
953 2064 1011 2125 1.
1052 2073 1276 2147 quaest.
1328 2066 1386 2127 1.
1425 2063 1577 2129 Soto
1608 2062 1767 2128 disc.
1832 2066 1895 2129 Q.
1975 2074 2202 2148 quoest.
2252 2067 2312 2128 1.

438 2178 738 2236 Dux-andus.
780 2176 1120 2242 Durandus
1187 2188 1412 2262 quoesl.
1488 2180 1552 2244 8.
1608 2178 1759 2264 quia
1826 2180 2316 2244 Sacramentum

778 2297 968 2363 debet
991 2317 1134 2362 esse
1176 2294 1438 2384 aliquod
1475 2296 1737 2382 signum
1780 2296 2312 2378 determinatum,

777 2413 968 2501 quale
1000 2433 1125 2478 non
1194 2413 1318 2479 fuit
1356 2413 1715 2480 remedium
1784 2413 1949 2501 legis
2035 2425 2310 2493 naturae,

776 2531 879 2598 vel
930 2540 997 2595 ut
1040 2528 1238 2620 aliqui
1305 2531 1561 2611 volunt,
1615 2551 1695 2596 ex
1747 2529 1873 2597 lide
1939 2540 2311 2618 parentum,

775 2642 1145 2711 salvabatur
1179 2645 1415 2714 infans,

479 2777 718 2852 Doctoqis
864 2764 1096 2828 Doctor
1127 2775 1340 2829 autem
1375 2761 1563 2828 docet
1606 2762 1764 2828 illud
1819 2763 2022 2831 fuisse
2089 2784 2316 2830 neces-

452 2847 715 2956 Ϊῶξῗιζᾚῗ.
777 2878 948 2946 sario
1004 2900 1081 2946 ex
1125 2879 1536 2947 institutione
1565 2879 1787 2945 divina
1839 2880 2105 2968 signum
2175 2902 2313 2948 cer-

533 2982 618 3020 va.
776 3009 909 3062 tum
987 3008 1050 3062 et
1164 2994 1420 3077 efficax,
1503 2996 1974 3085 qualecumque
2068 2999 2308 3079 fuerit;

770 3111 1005 3179 deinde
1052 3111 1410 3202 dicitquod
1456 3112 1855 3203 probabilius
1924 3114 2117 3181 suerit
2187 3116 2310 3182 ali-

773 3231 943 3318 quod
976 3231 1292 3299 sensibile
1329 3233 1594 3320 signum
1635 3252 1829 3321 quam
1872 3231 2308 3321 intelligibile,

772 3350 922 3438 quia
955 3350 1039 3417 ita
1072 3350 1284 3438 magis
1313 3350 1618 3438 congruit
1660 3350 1909 3417 homini
1979 3371 2095 3439 pro
2144 3363 2312 3419 statu

770 3467 922 3549 viae,
977 3479 1041 3534 et
1071 3467 1499 3555 responsione
1554 3466 1632 3533 ad
1694 3467 1978 3555 primum
2017 3469 2311 3555 Gregorii

772 3585 890 3652 lib.
934 3590 1019 3651 4..
1072 3586 1449 3653 Moralium.
1494 3587 1573 3651 Et
1613 3585 1887 3652 habetur
1945 3585 2025 3653 de
2089 3607 2313 3653 conse-

769 3703 1056 3770 eratione
1085 3702 1236 3769 dist.
1282 3708 1346 3770 4.
1383 3723 1524 3788 cap.
1568 3702 1757 3780 Quod
1795 3703 1997 3789 apud,
2043 3714 2166 3770 etc.
2218 3704 2314 3771 di-

771 3819 1013 3887 centis:
1056 3818 1246 3896 Quod
1286 3820 1427 3906 aqit
1463 3818 1647 3906 apud
1690 3840 1809 3885 nos
1837 3840 2011 3905 aqua
2041 3821 2313 3907 Baptis-

770 3936 886 4015 mi,
940 3935 1060 4000 hoc
1125 3936 1257 4021 eyit
1294 3932 1478 4020 apud
1516 3945 1764 3999 velere-s·
1807 3954 1935 4020 pro
2007 3935 2315 4020 parvulis

766 4054 911 4118 sola
939 4051 1125 4135 fideS,
1166 4053 1269 4117 vel
1295 4072 1419 4135 pro
1450 4050 1819 4137 majoribus
1860 4051 2072 4116 virens
2101 4055 2314 4118 sacri-

766 4168 931 4254 ficii,
972 4178 1093 4234 etc.
1140 4166 1604 4252 interpretatur
1658 4166 1738 4233 de
1795 4177 1940 4234 actu
2002 4168 2309 4235 exteriori

764 4297 829 4354 et
884 4282 1179 4352 sensibili
1255 4281 1433 4365 fidei,
1476 4280 1586 4370 qui
1662 4291 1847 4348 actus
1909 4282 2313 4349 sufficienter

768 4400 979 4487 potuit
1036 4399 1274 4466 habere
1350 4397 1667 4465 rationem
1738 4398 2148 4466 Sacramenti
2229 4419 2312 4466 ex

767 4516 1179 4584 institutione
1246 4514 1491 4583 divina.
1578 4518 1758 4593 Quod
1827 4527 2045 4583 autem
2140 4515 2310 4582 dicat

765 4634 900 4702 sola
934 4632 1115 4714 fides,
1154 4631 1541 4720 intelligitur
1581 4632 1908 4720 privative
1964 4633 2042 4701 ad
2107 4633 2304 4700 fidem

765 4761 1186 4840 protestatam
1247 4750 1313 4818 in
1363 4750 1727 4831 sacrificiis,
1775 4772 1905 4818 non
1949 4761 2166 4819 autem
2228 4753 2306 4818 ad

763 4869 1056 4937 eamdem
1090 4868 1155 4935 in
1197 4880 1343 4936 actu
1392 4881 1663 4936 externo
1696 4880 1760 4935 et
1789 4869 2110 4940 sensibili.

849 4986 1293 5072 Responsione
1324 4999 1540 5054 autem
1590 4984 1669 5051 ad
1714 4987 2072 5054 secundum
2123 4986 2302 5069 dicit,

432 5100 714 5216 reuigffiium
766 5103 891 5173 tale
920 5106 1412 5173 Sacramentum
1455 5105 1658 5172 fuisse
1689 5104 2049 5171 revelatum
2102 5105 2307 5173 Patri-

718 5202 733 5216 ’
762 5219 907 5301 buS,
943 5234 1008 5288 et
1038 5220 1329 5308 potuisse
1369 5240 1515 5286 esse
1569 5218 1828 5307 aliquod
1881 5219 2301 5299 sacrificium,

760 5339 930 5427 quod
964 5339 1157 5406 simul
1198 5338 1395 5406 etiam
1429 5337 1551 5406 fuit
1599 5340 2113 5420 Sacramentum,
2153 5341 2304 5429 quia

760 5457 1091 5542 Scriptura
1129 5456 1288 5523 dicit
1316 5457 1634 5525 sacrificia
1675 5456 1976 5545 quoedam
2007 5456 2184 5523 illius
2216 5457 2302 5524 le-

759 5570 862 5659 gis
893 5572 1218 5660 placuisse
1265 5576 1437 5659 De0;
1472 5585 1537 5645 et
1564 5572 2041 5661 congruitatem
2080 5572 2304 5663 adjicit

564 1681 594 1731 2

412 5037 545 5098 Qu1d
577 5037 733 5090 suerit

2005 384 2145 447 ΜΒ.
2179 385 2277 446 tv.
2309 381 2902 448 SENTENTtARUM

2437 567 2517 613 ex
2548 568 2625 614 eo
2648 547 2821 635 quod
2852 546 3154 613 homines
3194 545 3368 612 illius
3390 544 3702 632 temporis
3731 544 3963 611 luerint

2436 666 2623 752 proni
2663 665 2741 733 ad
2776 663 3229 743 idololatriam,
3292 683 3417 752 qua
3460 661 3708 729 ratione
3776 661 3963 728 etiam

2439 786 2661 849 Patres
2735 782 2970 847 docent
3030 780 3096 845 in
3152 780 3304 867 lege
3349 778 3556 846 veteri
3595 779 3959 846 institutum

2434 920 2582 967 esse
2620 898 2868 965 cultum
2911 899 2975 963 in
3036 895 3377 963 sacrificiis
3442 896 3828 976 hostiarum,
3889 916 3964 963 ne

2438 1013 2716 1101 populus
2783 1012 2861 1079 ad
2919 1010 3350 1078 idololatriam
3418 1033 3664 1099 pronus
3736 1014 3963 1081 dilabe-

2436 1147 2615 1202 retur
2649 1157 2729 1203 ex
2787 1136 3152 1225 privatione
3201 1132 3664 1202 immolationis
3730 1130 3964 1198 hostia·

2439 1271 2609 1320 rum.

2525 1372 2676 1436 Haec
2702 1391 2860 1458 ergo
2900 1381 2996 1436 est
3038 1368 3347 1436 resolutio
3380 1367 3693 1446 Doctoris,
3726 1378 3966 1432 certum

2433 1507 2580 1557 esse
2609 1486 2829 1553 datum
2875 1487 3074 1554 luisse
3109 1485 3469 1553 remedium
3511 1481 3851 1570 originalis
3909 1481 3967 1546 in

2433 1618 2603 1672 statu
2645 1604 2811 1692 legis
2840 1616 3114 1669 naturae.
3161 1601 3481 1681 Secundo,
3535 1611 3781 1665 certum
3825 1619 3965 1666 esse

2435 1721 2639 1788 fuisse
2676 1721 2802 1787 tale
2835 1720 3203 1786 institutum
3239 1739 3275 1784 a
3304 1721 3458 1797 Deo,
3502 1716 3662 1784 alias
3696 1736 3827 1782 non
3859 1715 3966 1781 ha·

2432 1837 2614 1903 beret
2651 1833 3029 1901 efficaciam.
3101 1836 3340 1911 Terti0,
3380 1831 3781 1919 probabilius
3832 1852 3967 1898 esse

2433 1950 2637 2018 fuisse
2677 1947 2937 2038 aliquod
2979 1948 3313 2027 sensibile,
3370 1948 3513 2016 sive
3557 1948 3751 2016 fuerit
3813 1948 3968 2014 sides

2431 2065 2716 2134 exterior
2757 2085 2903 2131 cum
2973 2064 3302 2131 oblatione
3350 2063 3632 2150 parvuli,
3702 2063 3811 2129 vel
3861 2061 3969 2129 ali-

2430 2187 2602 2276 quod
2668 2185 3061 2255 sacrificium
3130 2184 3301 2274 quod
3358 2185 3555 2252 simul
3605 2184 3807 2251 fuerit
3866 2187 3968 2250 Sa·

2428 2315 2864 2383 eramentum,
2937 2301 3035 2367 vel
3085 2300 3241 2389 quid
3300 2299 3474 2367 aliud
3515 2299 3827 2387 speciale,
3898 2297 3972 2365 (16

2430 2441 2558 2508 quo
2599 2440 2677 2485 ex
2719 2418 3050 2505 Scriptura
3102 2416 3261 2484 nihil
3304 2428 3579 2484 constat.

2517 2536 2748 2603 Fuisse
2814 2535 3078 2622 signum
3157 2533 3422 2622 aliquod
3463 2532 3968 2599 determinatum
4087 2581 4120 2617 ·:

2427 2653 2738 2720 sensibile
2804 2652 3013 2740 magis
3085 2650 3434 2717 concordat
3473 2649 3694 2715 verbis
3757 2655 3972 2735 Augu·
4036 2609 4123 2739 ἑξ

4024 2748 4118 2784 2⁰³1

2429 2770 2582 2837 stini
2643 2770 2754 2836 lib.
2809 2775 2880 2835 5.
2942 2779 3165 2836 contra
3233 2766 3590 2846 lulianum,
3666 2787 3818 2852 cap.
3908 2770 3968 2832 9.

2429 2888 2560 2953 Nec
2606 2888 2754 2953 ideo
2816 2898 3035 2953 tamen
3095 2885 3500 2952 credendum
3568 2896 3680 2962 ese,
3734 2884 3970 2970 inquit,

2425 3015 2484 3069 el
2521 3016 2677 3070 ante
2727 3003 2957 3069 datam
3018 3002 3606 3067 Circumcisionem
3675 3000 3972 3085 famulos

2426 3123 2548 3186 Dei
2578 3120 3116 3209 quandocumque
3156 3120 3229 3184 in
3263 3120 3346 3183 iis
3378 3120 3595 3184 inerat
3639 3118 3970 3183 mediato-

2423 3240 2522 3304 ris
2548 3237 2715 3322 fides
2755 3240 2826 3304 in
2871 3258 3073 3304 carne
3128 3238 3413 3313 venturi,
3469 3237 3658 3302 nullo
3724 3238 3973 3302 Sacra·

2429 3368 2644 3421 mento
2674 3359 2815 3443 ejus
2843 3355 3202 3441 opitulatos
3230 3355 3442 3438 fuisse
3468 3354 3786 3439 parvulis
3813 3354 3967 3429 suis,

2424 3475 2726 3559 quamvis
2764 3472 2927 3558 quid
2967 3470 3141 3536 illud
3164 3480 3348 3547 esset,
3395 3470 3628 3555 aliqua
3671 3490 3975 3533 necessa-

2425 3590 2534 3654 ria
2573 3610 2771 3654 causa
2839 3589 3195 3673 Scriptura
3248 3586 3455 3651 latere
3485 3584 3805 3661 voluerit,
3854 3594 3971 3648 etc.

2428 3703 2654 3771 Simile
2702 3703 2895 3771 habet
2954 3703 3069 3769 lib.
3135 3706 3198 3770 2.
3243 3702 3326 3770 de
3370 3700 3641 3786 Nuptiis
3690 3711 3757 3766 et
3827 3720 3974 3765 con·

2425 3822 2853 3908 capescenda,
2909 3840 3055 3905 cap.
3105 3822 3209 3884 12.

2513 3938 2609 4005 Ad
2678 3938 3122 4026 probationem
3174 3947 3389 4003 autem
3452 3935 3662 4022 hujus¹
3725 3934 3972 4001 faciunt
4009 3951 4119 4003 eona

2426 4076 2523 4134 ea,
2587 4076 2736 4143 quae
2783 4054 2951 4121 dicta
3010 4063 3163 4120 sunt
3202 4053 3283 4119 de
3351 4050 3637 4119 efficacia
3676 4052 4118 4128 Circum-„m

2425 4171 2693 4238 cisionis
2741 4171 2806 4237 in
2859 4177 3224 4237 commento
3275 4167 3708 4256 praecedentis
3754 4188 3970 4257 quaes·
4056 4155 4116 4263 ,ᾖ

4050 4265 4117 4315 ⁸12·

2426 4288 2621 4355 tionis
2673 4289 2736 4353 in
2778 4287 2987 4368 initio,
3025 4287 3177 4375 quia
3223 4285 3469 4353 eaedem
3519 4286 3972 4374 congruentiae

2427 4404 2516 4471 ibi
2560 4404 2881 4484 adductae,
2926 4405 3055 4471 huc
3093 4404 3288 4470 etiam
3330 4412 3650 4489 spectant,
3697 4414 3775 4469 ut
3806 4400 3969 4491 quod

2423 4521 2708 4589 Ecclesia
2756 4521 2823 4586 in
2884 4531 3054 4588 statu
3120 4530 3372 4586 naturae
3441 4517 3635 4584 fuerit
3683 4516 3968 4585 visibilis

2423 4648 2486 4703 et
2543 4657 2714 4715 una3
2788 4657 2946 4723 ergo
3006 4653 3135 4701 non
3203 4634 3415 4701 solum
3485 4631 3737 4700 unitate
3798 4632 3965 4710 fidei,

2423 4754 2535 4821 sed
2596 4754 2784 4832 rituS,
2831 4766 2895 4820 et
2961 4751 3241 4819 maxime
3289 4751 3485 4837 hujus
3538 4749 3965 4824 Sacramenti,

2424 4870 2489 4936 in
2540 4890 2669 4958 quo
2719 4870 3002 4937 discerni
3062 4880 3281 4957 posset
3340 4868 3709 4934 membrum
3762 4888 3799 4934 a
3849 4885 3968 4931 non

2426 4988 2743 5066 membre,
2803 4997 2866 5052 et
2920 4986 3228 5053 Ecclesiae
3268 4997 3569 5052 constare
3610 4996 3840 5072 posset
3894 4980 3970 5045 de

2423 5104 2710 5172 remedio
2778 5116 2955 5170 certo
3018 5103 3310 5170 adhibito
3387 5099 3708 5188 parvulis.
3795 5097 3969 5166 Unde

2421 5224 2620 5289 verba
2681 5221 2786 5288 illa
2851 5221 3145 5308 Gregorii
3219 5221 3363 5286 sola
3412 5219 3601 5301 fides,
3690 5213 3967 5300 intelligi

2420 5350 2694 5427 possunt
2741 5339 2821 5404 de
2880 5336 3005 5404 fide
3063 5336 3326 5424 alligata
3380 5336 3572 5423 signo
3629 5330 3963 5410 sensibile,

2419 5456 2589 5545 quod
2631 5454 2707 5522 ad
2748 5455 2874 5519 hoc
2921 5458 3090 5521 Deus
3129 5453 3442 5533 instituit,
3479 5453 3792 5541 quoniam
3828 5471 3960 5517 ver-

2420 5574 2499 5642 ba
2540 5570 2875 5661 sequentia
2939 5570 3249 5640 denotant
3308 5571 3504 5650 idem,
3560 5589 3803 5658 nempe
3833 5569 3959 5635 vir·
