4255 6375
663 389 770 450 1:34

663 572 795 620 non
841 553 988 621 ideo
1021 569 1290 642 negaret
1313 560 1548 623 Doctor
1575 576 1705 622 non
1744 554 2024 642 compati
2057 574 2208 620 cum

662 669 775 736 illo
816 682 1016 755 statu,
1052 672 1205 759 quia
1252 673 1612 739 formaliter
1659 694 1739 739 ex
1772 672 2027 738 ratione
2075 691 2215 737 ma-

660 786 827 852 culae
864 785 957 852 illi
1012 798 1438 881 repugnaret,
1504 788 1726 854 sedin
1778 808 1999 868 causa,
2062 786 2215 874 quia

664 900 974 968 nimirum
1017 914 1232 969 ortum
1284 903 1481 969 habet
1509 903 1614 969 vel
1645 926 1725 969 ex
1767 901 2070 990 passione
2110 903 2213 969 vel

665 1036 747 1084 ex
786 1018 1182 1104 ignorantia,
1220 1040 1369 1107 quae
1402 1019 1508 1085 ille
1539 1032 1771 1101 status,
1809 1021 1998 1107 juxta
2038 1041 2215 1087 com·

670 1155 936 1201 munem
971 1136 1326 1222 Augustini
1368 1147 1432 1201 et
1480 1136 2025 1203 Scholasticorum
2068 1158 2216 1204 sen·

668 1251 937 1317 tentiam
1010 1272 1140 1317 non
1178 1252 1548 1319 admitteret
1595 1253 1670 1319 in
1727 1257 1797 1319 2.
1877 1252 1945 1318 d.
1991 1256 2100 1320 22.
2156 1265 2217 1319 et

670 1365 845 1431 alias
873 1386 1067 1452 soepe.

760 1490 1142 1576 Oppositum
1176 1493 1374 1580 hujus
1397 1492 1582 1560 docet
1621 1497 1687 1560 S.
1723 1493 2006 1560 Thomas
2041 1494 2114 1561 in
2148 1497 2211 1560 2.

669 1608 738 1674 d.
792 1610 901 1675 21.
946 1621 1005 1674 et
1054 1615 1114 1675 1.
1173 1613 1236 1675 2.
1307 1622 1533 1696 qnoest.
1590 1613 1698 1677 89.
1755 1622 1892 1676 art.
1958 1613 2022 1678 3.
2106 1609 2217 1676 ubi

666 1722 808 1808 ejus
892 1734 1460 1791 commentatores.
1561 1725 1904 1812 Sequendo
1999 1737 2216 1817 autem

667 1839 836 1904 banc
864 1838 1278 1920 sententiam,
1318 1840 1569 1907 nullum
1610 1853 1788 1908 esset
1820 1842 1884 1907 in
1927 1864 2002 1908 eo
2043 1853 2216 1909 statu

667 1966 1003 2040 peccatum
1037 1955 1315 2035 veniale,
1360 1967 1424 2023 et
1454 1956 2041 2044 sicgargumentum
2089 1979 2217 2024 non

668 2083 884 2159 urget.
929 2072 1378 2158 Supponendo
1449 2074 1644 2139 etiam
1689 2095 1805 2160 pro
1867 2094 2041 2141 nunc
2080 2076 2218 2161 pri-

668 2208 867 2272 mam,
955 2188 1063 2278 (de
1137 2190 1501 2277 quaestione
1589 2212 1716 2257 non
1807 2191 2220 2279 disputamus

669 2307 901 2392 nunc‚)
959 2326 1108 2393 quae
1159 2306 1371 2392 magis
1411 2307 1768 2375 conformis
1793 2306 1907 2373 'est
1955 2314 2219 2395 Augus-

339 2427 616 2497 Augustin.
668 2419 807 2487 tino
842 2425 947 2486 14.
992 2420 1073 2485 de
1125 2422 1327 2487 Civil.
1365 2444 1512 2509 cap.
1553 2428 1657 2489 Η.
1709 2436 1770 2489 el
1812 2425 1924 2491 lib.
1978 2429 2088 2492 41.
2139 2427 2221 2492 (Ie

382 2491 585 2556 Magist.
678 2537 837 2605 Gen.
873 2537 964 2603 ad
995 2537 1287 2603 litteram
1311 2559 1455 2624 cap.
1502 2543 1563 2604 5.
1592 2550 1658 2604 et
1697 2540 2006 2625 Magistro
2039 2544 2112 2608 in
2150 2546 2212 2608 2.

323 2660 442 2709 Non
488 2656 644 2709 infert
674 2653 742 2719 cl.
781 2657 888 2721 20.
923 2654 1376 2740 Respondetur
1405 2676 1485 2721 ex
1516 2670 1778 2742 peccato
1810 2659 2072 2740 veniali,
2110 2674 2221 2727 aut

346 2727 622 2856 necgsgtat
677 2781 992 2856 potestate
1022 2771 1099 2837 ad
1135 2771 1375 2858 ipsum,
1431 2792 1561 2837 non
1605 2772 1822 2859 colligi
1883 2775 2220 2844 sufficiens

318 2852 643 2898 sacramenu.
678 2887 997 2955 motivum
1028 2889 1409 2956 instituendi
1452 2891 1876 2970 Sacramenti,
1921 2894 2073 2981 quia
2115 2915 2221 2960 ne·

677 3025 804 3092 que
842 3005 922 3072 de
966 3007 1131 3074 facto
1186 3008 1381 3073 etiarn
1423 3010 1833 3074 Sacramenta
1885 3022 2037 3077 sunt
2086 3012 2221 3098 pri-

677 3118 883 3187 mario
914 3120 1208 3189 instituta
1246 3123 1324 3187 ad
1358 3123 1663 3192 effectum
1696 3124 2040 3193 deletionis
2067 3149 2217 3215 pec-

671 3237 797 3305 cati
839 3238 1156 3320 venialis;
1194 3239 1606 3307 sufficiebant
1636 3263 1794 3329 ergo
1840 3244 1964 3309 alia
2006 3265 2220 3310 reme-

672 3355 804 3438 dia,
857 3355 1096 3442 quibus
1144 3356 1225 3423 de
1281 3357 1448 3424 sacto
1498 3371 1681 3425 extra
1721 3359 2219 3429 'sacramentum

673 3470 955 3536 deletur.

366 1492 479 1541 Non
507 1489 614 1539 fore

370 1552 582 1602 veniale.

335 1618 403 1669 D.
436 1617 617 1666 Thom.

343 3608 618 3722 pagg-mm
764 3599 1090 3672 Quantum
1132 3610 1348 3665 autem
1388 3599 1466 3666 ad
1526 3614 1861 3686 peccatum
1923 3603 2214 3684 mortale,

374 3736 592 3784 mortue
677 3713 1009 3800 sequendo
1040 3715 1429 3781 sententiam
1464 3715 1754 3784 Anselmi
1798 3719 1916 3784 lib.
1975 3723 2034 3784 1.
2085 3720 2224 3785 Cur

340 3802 623 3910 ffsssgffiff'
678 3830 851 3895 Deus
899 3831 1111 3910 home,
1160 3831 1214 3898 si
1276 3831 1589 3899 vicissent
1638 3833 1830 3920 primi
1894 3847 2217 3920 parenteS‚

674 3945 799 4011 sibi
858 3956 922 4011 et
961 3944 1239 4030 posteris
1300 3946 1512 4012 meriti
1565 3959 1787 4014 essent
1854 3949 1918 4014 in
1990 3950 2221 4016 effectu

674 4056 1262 4140 confirmationem,
1299 4059 1385 4125 ita
1416 4074 1488 4127 ut
1525 4062 1807 4148 amplius
1840 4084 1968 4129 non
2005 4085 2224 4150 pecca—

675 4188 842 4243 rent.
879 4178 1040 4252 Quae
1072 4177 1397 4244 sententia
1425 4179 1709 4246 cobaeret
1755 4181 2084 4268 aliquibus
2123 4182 2222 4249 lo-

672 4291 769 4359 cis
808 4294 874 4359 S.
933 4292 1311 4379 Augustini,
1366 4307 1439 4360 ut
1478 4293 1702 4361 videre
1764 4296 1912 4362 licet
1967 4297 2031 4363 in
2081 4299 2220 4385 jam

447 4403 550 4455 80¹³
672 4409 889 4476 citatis
931 4430 1160 4497 supra.
1223 4415 1376 4479 Haec
1404 4412 1724 4478 sententia
1756 4415 2067 4501 supponit
2110 4436 2221 4482 so-

496 4483 550 4516 Θὸ
576 4483 625 4515 1-

351 4466 569 4643 prssggio'
673 4525 771 4593 los
831 4528 1329 4613 praedestinatos
1380 4529 1742 4596 nascituros
1811 4531 1876 4596 in
1918 4543 2090 4600 statu
2126 4534 2220 4598 in—

381 4653 578 4778 &13⁶⁶ssss
677 4643 1021 4722 nocentiae,
1086 4643 1256 4732 quod
1327 4643 1512 4710 docet
1577 4666 1886 4732 expresse
1946 4650 2216 4735 Gregor.

379 4780 592 4851 noc-tor,
680 4757 793 4824 lib.
832 4762 896 4824 4.
933 4759 1183 4826 Moral.
1236 4781 1292 4828 c.
1337 4763 1445 4827 26.
1485 4761 1685 4828 alias.
1721 4766 1827 4834 28.
1871 4773 2224 4853 utrumque

353 4843 631 4895 vincentes
849 4874 862 4887 .
1314 4878 1326 4890 .
1877 4879 1888 4891 .
1971 4881 1983 4892 .

387 4903 604 4969 primam
679 4886 979 4962 sequitur
1028 4878 1257 4941 Doctor
1299 4898 1372 4942 m
1432 4880 1496 4944 2.
1566 4877 1634 4942 d.
1680 4881 1787 4945 20.
1850 4879 2085 4947 limitat
2123 4893 2221 4947 ta-

316 4972 647 5080 tssssfffitssffifn
683 5012 827 5059 men
872 4990 1047 5058 illam
1082 4990 1395 5069 Anselmi,
1434 5002 1505 5057 ut
1559 4992 1982 5080 intelligenda
2019 4997 2102 5062 sit
2142 4997 2222 5064 de

320 5097 592 5206 effigi?
680 5104 855 5185 filiis,
893 5117 1040 5193 post
1084 5105 1275 5172 etiam
1310 5104 1586 5194 primam
1636 5109 2055 5173 tentationem
2106 5108 2217 5175 de-

325 5217 595 5333 ξέζέἓξῑιξὲ·
674 5222 937 5305 victam,
979 5225 1118 5291 fore
1158 5236 1230 5291 ut
1277 5222 1850 5306 confirmarentur,
1896 5225 2047 5311 quia
2090 5246 2219 5291 non

674 5351 896 5405 essent
934 5339 1222 5406 melioris
1261 5340 1656 5407 conditionis
1722 5360 1916 5427 quam
1968 5340 2219 5426 primus

673 5473 934 5542 parens,
970 5459 1307 5524 Doctorem
1348 5471 1713 5544 sequuntur
1742 5456 2023 5536 Gabriel,
2072 5460 2216 5523 Bas-

670 5570 852 5651 solis,
906 5582 971 5638 et
998 5572 1109 5640 alii
1155 5584 1399 5642 nostrae
1428 5575 1695 5657 scholae‚
1757 5575 1996 5663 quibus
2030 5594 2216 5642 acce-

1806 390 1952 452 LlB.
1984 389 2085 453 lV.
2131 388 2725 452 SENTENTlARUM

2329 552 2424 618 dit
2480 551 2785 619 Pererius
2830 551 2945 619 lib.
2992 556 3057 620 4.
3121 554 3196 619 in
3274 552 3434 620 Gen.
3505 561 3731 638 quoest.
3790 547 3863 614 de

2324 670 2791 756 procreatione
2822 671 3148 736 mulieris

2422 788 2574 852 Haec
2604 798 2820 852 tamen
2871 785 3282 853 confirmatio
3313 805 3396 851 ex
3454 781 3863 850 Doctoreibi-
3978 779 4106 894 2⁸2

2328 902 2500 981 dem,
2542 924 2669 969 non
2703 902 2957 969 tolleret
2995 901 3350 990 potentiam
3392 899 3728 988 peccandi,
3764 898 3868 964 sed
3912 910 4120 966 reem-2³..

2330 1018 2415 1086 ita
2456 1019 2934 1107 provideretur,
2972 1031 3042 1085 ut
3072 1030 3218 1085 actu
3253 1038 3381 1083 non
3414 1026 3775 1104 peccarent.

2413 1142 2804 1211 Alii'docent
2843 1143 3244 1230 oppositum,
3282 1152 3600 1229 quantum
3637 1141 3714 1207 ad
3763 1162 3869 1228 po-

2325 1263 2596 1329 tentiam
2630 1262 2962 1349 peccandi,
3016 1261 3128 1329 sed
3172 1261 3445 1349 primam
3487 1260 3870 1327 sententiam

2328 1380 2623 1448 Doctoris
2656 1379 2969 1467 supponit
3007 1377 3420 1464 Augustinus
3480 1377 3595 1444 lib.
3661 1381 3734 1441 4.
3798 1376 3874 1442 de
3933 1391 4115 1455 Augen·
4170 1432 4171 1441 2

2333 1500 2537 1566 Civit.
2564 1521 2710 1584 cap.
2752 1499 2854 1561 10.
2893 1494 3007 1561 lib.
3047 1496 3113 1560 9.
3148 1493 3231 1560 de
3271 1494 3431 1559 Gen.
3467 1492 3559 1558 ad
3591 1494 3877 1559 litteram
3989 1470 4076 1503 nm.

2327 1633 2482 1700 cap.
2537 1614 2602 1681 3.
2648 1612 2764 1679 lib.
2807 1614 2865 1675 1.
2905 1611 3192 1674 Retract.
3239 1628 3396 1694 cap.
3464 1610 3569 1673 13.
3616 1607 3727 1673 ubi
3762 1606 3876 1672 im-

2331 1729 2524 1818 plicat
2545 1727 2982 1794 conditionem
3009 1722 3466 1810 perseverandi
3500 1722 3566 1788 in
3589 1722 3867 1810 justitia,

2330 1846 2762 1913 necessariam
2833 1842 3037 1908 fuisse
3101 1841 3178 1906 ad
3250 1838 3673 1906 obtinendam
3741 1840 3875 1927 glo·

2328 1963 2534 2038 riam;
2569 1960 2840 2048 exponit
2897 1956 3171 2046 proinde
3226 1977 3338 2023 eos
3380 1955 3673 2042 potuisse
3721 1957 3869 2037 labi,

2329 2092 2393 2148 et
2423 2080 2720 2167 sequitur
2767 2098 2848 2143 ex
2879 2097 2955 2143 eo
2990 2076 3159 2163 quod
3209 2075 3289 2141 de
3331 2074 3497 2141 sacto
3564 2084 3685 2139 est.
3722 2078 3873 2140 Res·
3911 2093 4137 2159 Responsa.

2332 2197 2654 2285 pondetur
2691 2217 2765 2262 ex
2799 2196 3007 2283 prima
3054 2193 3362 2283 opinione
3418 2192 3719 2261 evacuari
3761 2194 3877 2260 ob·

2328 2314 2703 2402 jectionem,
2793 2314 2945 2401 quia
3023 2311 3176 2378 licet
3243 2322 3534 2379 maneret
3593 2308 3879 2399 potentia

2333 2429 2668 2518 peccandi,
2734 2442 2950 2495 tamen
3012 2449 3141 2494 non
3208 2438 3594 2515 sequeretur
3653 2446 3879 2513 pecca-

2339 2559 2475 2613 tum
2547 2547 2863 2625 mortale;
2950 2544 3120 2632 quod
3185 2543 3456 2632 perinde
3541 2542 3880 2630 supposita

2332 2663 2539 2730 etiam·
2568 2663 2852 2730 secunda
2887 2662 3233 2742 sententia,
3278 2660 3405 2727 dici
3456 2670 3692 2748 potest.
3733 2659 3883 2748 quia

2333 2780 2778 2846 controversia
2810 2791 2909 2845 est
2965 2789 3243 2858 tantum,
3287 2798 3369 2842 an
3410 2777 3729 2842 haberent
3778 2797 3882 2862 po·

2332 2898 2601 2964 tentiam
2655 2898 2989 2985 peccandi,
3027 2910 3091 2964 et
3146 2916 3229 2963 an
3268 2894 3680 2962 confirmatio
3738 2916 3879 2962 eam

2332 3014 2609 3095 tolleret,
2647 3015 2843 3081 etiam
2877 3027 3220 3093 remotam,
3266 3035 3345 3079 ex
3386 3034 3461 3080 ea
3517 3026 3739 3079 autem
3774 3034 3879 3078 ne·

2334 3149 2439 3196 mo
2469 3128 2701 3196 asserit
2733 3129 2891 3208 sore,
2933 3140 3003 3196 ut
3043 3128 3241 3217 aliqui
3283 3139 3459 3194 certo
3499 3138 3562 3193 et
3601 3147 3751 3194 cum
3793 3128 3878 3194 es-

2335 3249 2503 3314 fectu
2539 3257 2903 3333 peccarent.

2423 3366 2580 3428 Dato
2612 3361 2803 3428 etiam
2837 3360 3007 3449 quod
3042 3373 3405 3446 peccarent,
3452 3375 3521 3429 ut
3551 3361 3607 3427 si
3652 3381 3874 3427 nasce·
3920 3368 4117 3430 Suprffiffl

2334 3493 2560 3547 rentur
2594 3501 2721 3545 non
2773 3480 2982 3546 solum
3019 3479 3489 3565 praedestinati,
3526 3478 3641 3545 sed
3677 3479 3870 3545 etiam
3896 3433 4131 3556 reppffiffim

2335 3596 2619 3684 reprobi,
2693 3615 2820 3661 non
2863 3595 3158 3684 sequitur
3213 3594 3366 3661 inde
3420 3596 3582 3676 sore,
3646 3608 3721 3662 ut
3760 3597 3873 3660 Sa·
3912 3555 4120 3668 Ξέηῗιῖἷ

2334 3712 2684 3780 oramentis
2740 3712 3229 3800 adjuvarentur,
3324 3711 3438 3777 sed
3497 3711 3875 3778 desereren·
4007 3685 4055 3727 ‘⁸'

2335 3841 2465 3910 tur,
2504 3830 2673 3896 sicut
2697 3829 2928 3916 Angeli
2962 3841 3327 3915 peccanteS,
3355 3842 3419 3895 et
3442 3829 3880 3896 damnationis

2335 3947 2727 4013 sententiam
2788 3945 3157 4032 acciperent
3222 3945 3441 4013 statim
3512 3966 3546 4009 a
3590 3957 3876 4031 peceato,

2335 4063 2488 4150 quia
2521 4061 2584 4126 in
2619 4059 2914 4148 utrisque
2962 4081 3077 4147 par
3146 4071 3355 4127 status
3395 4073 3573 4139 erat;
3621 4074 3880 4128 senten·

2337 4181 2491 4247 tiam
2555 4177 2891 4244 insinuant
2948 4175 3152 4242 verba
3192 4176 3547 4263 Augustini
3621 4179 3735 4243 lib.
3803 4182 3870 4243 4.

2337 4297 2419 4363 de
2462 4296 2663 4360 Civit.
2698 4317 2755 4362 c.
2803 4297 2913 4360 10.
2967 4293 3101 4358 Nec
3147 4294 3494 4379 quisquam
3532 4315 3616 4359 ex
3655 4315 3881 4360 eorum

2335 4413 2543 4497 stirpe
2585 4413 3003 4498 iniquitatem
3027 4411 3478 4488 committeret,
3516 4432 3660 4497 quae
3696 4411 3879 4477 dam·

2334 4530 2673 4594 nationem
2706 4527 3047 4613 reciperet.

2424 4644 2642 4722 Quoad
2684 4644 3181 4732 praedestinatos
3226 4667 3384 4713 vero
3440 4646 3586 4713 dico
3626 4646 3877 4714 nullum

2333 4758 2698 4846 lapsurum,
2735 4758 2885 4845 quia
2928 4779 3042 4845 per
3072 4759 3283 4826 media
3341 4759 3517 4826 illius
3576 4771 3789 4827 status
3827 4761 3876 4826 si

2334 4886 2843 4963 perseverasset,
2885 4880 3075 4961 prout
3114 4876 3452 4942 ordinatus
3492 4890 3592 4943 est
3635 4877 3700 4942 in
3744 4877 3878 4964 pri·

2335 5015 2440 5059 mo
2472 5007 2761 5079 parente,
2799 4993 3254 5079 pervenissent
3297 4998 3374 5060 ad
3409 4993 3763 5061 terminum
3797 4994 3878 5061 si-

2332 5120 2441 5174 cut
2470 5107 2700 5196 Angeli
2738 5108 2915 5189 boni,
2950 5107 3095 5175 sine
3124 5109 3332 5196 lapsu.

2420 5224 2701 5312 Objicies
2749 5225 2964 5304 terti0,
3012 5225 3242 5291 saltem
3275 5245 3468 5293 causa
3502 5226 3872 5294 instructio·
3953 5273 4081 5326 wi,
4174 5267 4175 5276 κ

2332 5340 2435 5407 nis
2520 5361 2713 5427 posse
2803 5341 3052 5408 institui
3096 5346 3610 5424 Sacramentum,
3678 5356 3748 5411 ut
3796 5363 3868 5409 ex
3934 5335 4094 5449 oluff>

2331 5457 2753 5524 sensibilibus
2776 5456 3210 5545 intelligibilia
3231 5473 3678 5545 cognosceret,
3706 5458 3867 5549 quod
3961 5479 4074 5518 σεῦε*

2331 5596 2461 5644 non
2509 5589 2834 5665 repugnat
2864 5575 2955 5644 illi
2986 5577 3220 5658 statui;
3266 5599 3424 5666 ergo
3479 5593 3698 5648 manet
3736 5580 3869 5649 suf-
3897 5533 4099 5644 imi-{¹¹⁰

3999 5213 4052 5261 ¹8.
