4255 6375
696 392 816 454 252

365 549 633 664 ἱξθξὲῑῑξῗέ
693 569 829 616 non
900 555 1344 634 applicaretur
1411 558 1725 621 membris
1795 572 1917 635 per
1998 556 2238 618 merita

397 629 594 727 mot-aqi.
694 670 862 751 ejus,
908 675 1130 735 tamen
1181 675 1548 737 necessario
1606 674 2092 753 applicarentur
2152 672 2232 733 ab

690 787 859 864 ipso,
894 791 967 849 ut
1000 804 1195 850 causa
1227 791 1475 866 morali,
1521 792 1808 871 alioquin
1842 806 1976 854 non
2021 790 2236 853 salva—

690 910 871 965 retur
899 902 1183 966 influxus
1230 907 1484 984 capitis,
1527 923 1747 986 neque
1791 903 2135 982 institutio,
2183 904 2237 965 si

689 1020 908 1083 nullus
938 1030 1113 1085 esset
1142 1023 1288 1103 ejus
1332 1023 1620 1107 influxus
1648 1025 1714 1086 in
1744 1026 2066 1088 membra.

772 1137 874 1197 Sic
946 1137 1214 1215 quidam
1285 1138 1616 1217 explicant
1692 1141 2078 1204 electionem
2152 1138 2237 1202 ad

691 1252 967 1334 gloriam
996 1252 1199 1317 fuisse
1230 1257 1355 1319 sub
1398 1257 1653 1319 ratione
1701 1256 1945 1334 praemii
1988 1256 2236 1334 depen-

693 1369 927 1432 denter
969 1371 1049 1433 ab
1089 1372 1425 1448 operibus,
1460 1390 1592 1435 non
1625 1374 1893 1453 quidem
1926 1376 2046 1436 sub
2077 1373 2232 1435 rati-

690 1504 818 1549 one
876 1490 1093 1550 meriti
1145 1487 1525 1566 formaliter,
1596 1459 1716 1553 sed
1795 1491 1917 1553 sub
1982 1493 2236 1553 ratione

691 1620 906 1666 causae
947 1604 1235 1681 moralis,
1297 1607 1618 1687 quidquid
1677 1610 1758 1671 sit
1820 1608 1903 1670 de
1964 1608 2236 1669 veritate

690 1720 889 1800 liujus
934 1723 1186 1785 asserti.
1219 1723 1323 1784 Sic
1355 1726 1549 1786 etiam
1586 1724 1788 1788 Adam
1818 1695 2234 1798 constitu'tus,

690 1845 793 1901 est
839 1846 1035 1918 caput
1088 1845 1335 1903 naturae
1392 1843 1840 1923 propagandae
1898 1844 1964 1905 in
2009 1848 2237 1922 poste-

692 1972 825 2029 rOS,
887 1973 1038 2018 cum
1078 1957 1324 2035 justitia
1370 1959 1693 2038 originali,
1736 1965 1809 2021 ut
1853 1959 2006 2021 licet
2048 1960 2235 2020 meri·

692 2079 825 2133 tum
860 2088 1004 2152 ejus
1049 2088 1182 2135 non
1218 2074 1520 2137 transiret
1550 2076 1614 2136 in
1645 2080 1968 2152 posterea,
2019 2083 2237 2138 tamen

697 2190 750 2249 si
808 2194 1307 2267 perseverasset
1352 2191 1629 2269 justitia,
1668 2200 1807 2253 erat
1851 2191 2072 2254 debita
2116 2209 2235 2270 po-

694 2306 911 2382 steris,
945 2309 1033 2369 ita
1061 2312 1136 2367 ut
1188 2323 1319 2368 non
1367 2308 1571 2386 gratis
1620 2310 2098 2371 communicata
2139 2308 2240 2372 di-

395 2413 598 2528 ἒίᾰῖᾗξξ
693 2427 980 2498 ceretur,
1044 2424 1199 2485 licet
1253 2440 1388 2485 non
1444 2439 1525 2485 ex
1577 2428 1810 2488 merito
1880 2425 2112 2487 Adami
2174 2428 2238 2488 in

357 2534 645 2653 pfffi’ssffiia
692 2544 998 2624 posteros
1046 2538 1370 2615 transiret,
1429 2538 1550 2600 sed
1597 2556 1679 2601 ex
1739 2543 1944 2619 primo
2017 2547 2238 2621 pact0,

375 1219 638 1271 Sententia

385 1284 600 1335 aliorum
613 1321 627 1336 .

383 1881 625 1955 Debitum

396 1951 611 2008 justitiae

357 2006 637 2074 originalis.

696 2654 873 2734 quod
919 2655 999 2717 ab
1046 2656 1192 2735 ejus
1238 2658 1728 2733 perseverantia
1775 2658 2237 2738 dependebat:
2283 2641 2286 2644 ’

692 2771 924 2833 merita
972 2787 1216 2849 nempe
1259 2771 1484 2837 Adami
1529 2790 1661 2835 non
1704 2782 1892 2838 erant
1942 2792 2242 2840 commu-

691 2889 818 2958 nia,
879 2885 999 2948 sed
1057 2887 1451 2965 personalia,
1500 2890 1650 2968 quia
1705 2907 1908 2967 opera
1960 2890 2242 2954 filiorum

694 3005 775 3067 ab
806 3003 963 3083 ipsis
992 3021 1124 3068 non
1172 3003 1656 3081 dependerent,
1690 3008 1859 3068 sicut
1887 3023 2012 3070 nec
2055 3025 2240 3071 acce-

695 3126 1039 3202 ptarentur
1081 3139 1116 3184 a
1163 3124 1326 3196 Deo,
1397 3123 1567 3185 sicut
1648 3140 1851 3203 opera
1908 3126 2241 3207 justorum

694 3246 845 3317 post
885 3239 1144 3317 lapsum
1184 3244 1252 3303 et
1296 3239 1651 3304 satisfactio
1707 3247 2133 3320 acceptantur
2175 3247 2242 3305 in

695 3357 1012 3434 operibus
1069 3357 1324 3432 Christi,
1387 3365 1460 3421 ut
1530 3358 1729 3423 docet
1788 3359 2240 3424 Tridentinum

695 3493 860 3539 sess
918 3478 1010 3537 15.
1113 3491 1257 3555 cap.
1304 3475 1364 3537 8.
1431 3478 1567 3539 Non
1621 3477 1811 3540 habet
1852 3478 2041 3540 homo
2096 3480 2243 3543 inde

695 3593 1038 3671 glorietur,
1099 3594 1213 3655 sed
1263 3595 1466 3655 omnis
1521 3593 1832 3670 ylorz'aeio
1901 3601 2121 3657 nostra
2179 3598 2245 3659 in

703 3714 953 3774 Christo
997 3718 1109 3784 est,
1142 3714 1208 3772 in
1258 3727 1385 3787 quo
1434 3712 1729 3785 vivimus,
1778 3713 1844 3773 in
1876 3728 2001 3789 quo
2032 3729 2244 3776 mere-

700 3850 867 3902 mur,
917 3833 982 3892 in
1039 3847 1165 3908 quo
1205 3832 1673 3907 satisfacimus,
1729 3833 2040 3908 facientes
2090 3835 2240 3910 fru-

696 3956 828 4012 ctus
881 3949 1109 4024 dz'ynos
1154 3949 1569 4025 poem'tcnciae,
1638 3950 1754 4024 qui
1804 3965 1889 4009 ex
1930 3948 2047 4011 illo
2116 3953 2247 4012 vim

691 4065 946 4135 habent,
1013 4063 1093 4124 ab
1149 4062 1267 4124 illo
1323 4063 1686 4137 offeruntur
1752 4066 1960 4135 Patri,
2020 4068 2076 4124 et
2122 4082 2247 4140 per

694 4178 891 4245 illum
918 4183 1337 4256 acceptantur
1378 4195 1420 4239 a
1465 4182 1682 4253 Patre,
1719 4184 1842 4241 etc.

466 4292 543 4343 ¹8·
778 4293 971 4371 Quod
1026 4296 1081 4356 si
1125 4294 1405 4374 amplius
1470 4293 1746 4370 dicatur,
1808 4297 1987 4376 quod
2048 4298 2248 4360 etiam

693 4410 982 4476 Christus
1014 4414 1292 4487 veniret,
1338 4416 1410 4473 ut
1455 4429 1651 4475 causa
1698 4415 2046 4487 meritoria,
2094 4416 2249 4478 licet

693 4546 827 4594 non
858 4535 929 4591 ut
958 4528 1421 4605 satisfactoria,
1456 4531 1608 4608 quia
1637 4529 2079 4594 satisfactione
2111 4547 2248 4594 non

693 4648 1028 4727 indigeret
1079 4645 1188 4712 ille
1246 4650 1477 4720 status,
1526 4648 1735 4726 magis
1763 4647 2052 4709 salvatur
2087 4665 2245 4728 prae·

697 4766 870 4828 dicta
902 4763 1224 4826 doctrina.

384 3419 602 3472 Trident
612 3456 625 3471 .

775 4896 1114 4977 Quidquid
1170 4904 1392 4960 autem
1459 4898 1544 4959 sit
1577 4897 1659 4960 de
1703 4899 1810 4960 illa
1854 4901 2248 4979 quaestione,

694 5017 798 5079 cui
857 5018 1292 5095 supersedeO,
1354 5016 1589 5077 saltem
1652 5014 1733 5077 de
1791 5013 1963 5077 facto
2028 5021 2249 5093 potest

698 5136 896 5197 etiam
958 5135 1068 5197 illa
1110 5132 1403 5198 doctrina
1462 5133 1742 5214 intelligi
1795 5133 2251 5197 universaliter

360 5228 668 5339 lutati-igreta-
700 5252 923 5332 quoad
980 5253 1200 5315 omnia
1244 5252 1440 5325 dona,
1490 5257 1556 5315 et
1608 5252 1734 5314 hoc
1809 5253 2012 5315 verba
2066 5250 2246 5314 Pauli

394 5352 629 5403 patrum.
698 5377 958 5436 sonant.
1008 5371 1230 5432 Patres
1274 5375 1498 5433 autem
1542 5371 1610 5430 in
1664 5368 1784 5431 illa
1826 5368 2097 5445 epistola
2137 5370 2241 5433 95.

702 5500 767 5556 et
832 5491 993 5554 alias
1072 5498 1294 5553 contra
1350 5489 1767 5569 PelagianOS,
1838 5487 2250 5569 intelligendi

690 5614 855 5678 sunt
900 5608 984 5674 de
1011 5609 1228 5693 gratia
1268 5609 1565 5675 salvante
1610 5613 1676 5673 et
1694 5603 2118 5689 justificante,
2166 5607 2250 5675 de

1839 396 1985 461 ΜΒ.
2017 396 2117 460 lv,
2172 392 2767 458 SENTENTIARUM

2351 572 2481 635 qua
2508 554 2630 618 fuit
2659 557 3100 620 controversia
3157 572 3308 619 cum
3347 556 3633 640 Pelagio,
3684 560 3872 636 atque

2346 674 2514 754 adeo
2563 673 2648 735 de
2707 674 2914 753 gratia
2977 672 3457 753 Redemptoris.
3519 671 3700 737 Unde
3761 674 3869 734 Ec·

2346 791 2543 853 clesia
2572 791 2667 851 sic
2696 792 3167 866 interpretatur
3206 789 3274 852 in
3314 790 3449 851 suis
3477 790 3772 853 Collectis

2345 906 2773 981 orationibus,
2821 922 2985 986 quas
3014 923 3136 984 per
3179 906 3501 969 Christum
3546 906 3761 985 dirigit
3798 907 3873 970 ad
4078 930 4085 933 ·

2347 1024 2583 1100 Deum,
2655 1025 2794 1086 sive
2867 1024 3254 1102 temporale,
3327 1024 3463 1086 sive
3527 1024 3871 1101 spirituale,
3916 1044 3955 1081 u.

2347 1143 2483 1205 sive
2529 1142 2848 1214 naturale,
2879 1143 3018 1203 sive
3047 1141 3551 1218 supernaturale
3579 1142 3875 1220 postulat,

2348 1257 2565 1321 omnia
2607 1257 2674 1317 in
2705 1256 2970 1318 nomine
3012 1255 3158 1336 ejus
3205 1258 3389 1333 petit,
3441 1256 3630 1336 juxta
3677 1257 3875 1320 illud:

2350 1374 2676 1451 Quidquid
2699 1374 3015 1451 petieritis
3053 1376 3316 1434 Patrem
3347 1375 3408 1434 in
3438 1375 3694 1436 nomine
3730 1391 3880 1449 meo,

2347 1497 2476 1553 etc.
2523 1492 2742 1553 omnia
2781 1491 2850 1551 in
2891 1493 3148 1551 nomine
3186 1507 3328 1552 meo
3363 1495 3580 1567 petite,
3614 1495 3743 1552 etc.

2424 1607 2643 1669 Altera
2686 1607 2960 1668 assertio
3016 1607 3313 1669 Doctoris
3356 1611 3478 1681 est,
3537 1607 3882 1671 incarnati-

2347 1749 2545 1796 onem
2586 1729 2790 1795 fuisse
2849 1736 3113 1795 omnino
3171 1732 3545 1813 gratuitam,
3589 1737 3660 1793 et
3711 1731 3882 1794 inde·

2348 1848 2720 1927 pendenter
2749 1850 2830 1911 ab
2859 1849 3162 1911 omnibus
3208 1847 3476 1922 meritiS‚
3508 1849 3647 1911 sive
3688 1850 3886 1927 ipsius
3975 1836 4065 1930 1331

2349 1964 2608 2038 Christi,
2651 1963 2790 2027 sive
2822 1963 3119 2027 aliorum.
3169 1964 3527 2043 Oppositus
3567 1980 3754 2026 error
3782 1967 3882 2027 tri-
3928 1921 4059 2052 Ome:

2348 2073 2571 2150 buitur
2601 2086 2893 2169 Origeni,
2951 2087 3065 2148 lib.
3123 2089 3184 2149 2.
3243 2086 3664 2161 Pcriarchon,
3717 2084 3888 2166 quod
3909 2060 4082 2158 lffirrn'a

2351 2203 2705 2265 asseruerit
2758 2203 3043 2265 animam
3113 2202 3344 2266 Christi
3423 2202 3628 2265 fuisse
3707 2203 3890 2265 simul
3932 2186 4074 2285 Ρζξζ

2352 2337 2501 2382 cum
2545 2321 2813 2400 Angelis
2845 2324 3156 2395 creatam,
3206 2329 3272 2383 et
3309 2321 3541 2383 merito
3586 2322 3888 2382 virtutum
3914 2299 3968 2348 D.

2351 2437 2715 2499 obtinuisse
2754 2438 3065 2499 unionem
3122 2438 3617 2517 hypostaticam.
3682 2437 3889 2499 Photi-

2350 2571 2476 2617 nus
2522 2572 2637 2633 pro
2670 2553 2909 2616 eodem
2942 2570 3163 2616 errore
3196 2555 3433 2615 citatur
3460 2571 3496 2615 a
3541 2554 3618 2616 D.
3652 2554 3891 2616 Thoma

2350 2674 2409 2734 3.
2441 2690 2509 2749 p.
2555 2689 2617 2748 q.
2656 2673 2679 2732 l
2734 2678 2858 2734 arc.
2912 2673 3005 2735 ll.
3054 2688 3359 2734 asserens
3404 2671 3737 2733 Christum
3783 2670 3895 2731 ho-

2349 2792 2591 2851 minem
2637 2791 3082 2867 praecessisse,
3117 2793 3184 2849 et
3213 2789 3530 2850 meruisse
3573 2789 3890 2850 unionem

2353 2922 2503 2968 cum
2545 2906 2759 2968 Verbo
2820 2903 3320 2977 accidentalem,
3380 2921 3530 2966 cum
3578 2903 3897 2966 distincti-

2351 3043 2479 3089 one
2533 3025 2877 3106 suppositi,
2924 3029 2996 3085 ut
3025 3024 3306 3085 asseruit
3348 3022 3716 3084 Nestorius.

2433 3144 2548 3206 Pro
2580 3143 2703 3204 hoc
2738 3157 2960 3203 errore
3005 3140 3433 3220 AugustinuS,
3483 3139 3810 3203 Philaster
3837 3146 3898 3200 et
3938 3133 4094 3251 ffiffi?

2352 3262 2455 3324 alii
2501 3261 2769 3339 antiqui,
2844 3276 2979 3321 non
3049 3261 3250 3321 citant
3318 3257 3696 3333 Photinum,
3757 3273 3900 3318 cum
3963 3264 4097 3375 Ρΐῐωπὲ*

2353 3378 2570 3455 potius
2627 3378 2910 3439 tenuerit
2987 3392 3133 3437 curn
3205 3374 3514 3447 Sabellio,
3588 3373 3900 3454 negando

2349 3498 2750 3568 Trinitatem,
2797 3500 2864 3557 et
2905 3512 3050 3556 cuin
3082 3494 3278 3555 Paulo
3323 3493 3760 3555 Samosateno
3801 3508 3905 3554 as-

2352 3619 2615 3678 serente
2646 3610 2968 3689 Christum
3012 3609 3214 3672 fuisse
3258 3626 3497 3688 purum
3542 3609 3896 3670 hominem.

2434 3730 2776 3800 Caeterum,
2808 3725 3128 3808 quidquid
3177 3726 3261 3787 sit
3290 3725 3375 3787 de
3424 3725 3723 3800 Photino,
3774 3742 3903 3787 non

2355 3848 2614 3910 videtur
2672 3842 3161 3905 contemnenda
3211 3842 3539 3903 sententia
3610 3840 3902 3903 Cassiani

2354 3967 2532 4047 (licet
2561 3980 2693 4026 non
2740 3962 3108 4024 inveniatur
3151 3961 3231 4023 ab
3260 3960 3651 4037 Augustino,
3688 3966 3756 4019 et
3784 3974 3904 4035 ge-

2355 4088 2471 4149 stis
2515 4056 2986 4148 Ecclesiasticis
3043 4076 3382 4158 expressa)
3444 4078 3555 4141 lib.
3601 4080 3666 4140 5.
3730 4084 3786 4138 et
3839 4078 3897 4138 7.

2357 4203 2441 4266 de
2498 4197 2975 4271 incarnatione,
3037 4196 3391 4258 asserentis
3446 4194 3901 4256 Nestorianam

2354 4319 2663 4382 haeresim
2709 4334 2746 4378 a
2786 4315 3053 4394 Pelagio
3130 4314 3310 4391 prius
3384 4309 3586 4372 fuisse
3659 4326 3895 4372 conce·

2356 4444 2559 4515 ptam,
2595 4434 2705 4513 qui
2750 4424 2999 4511 putavit
3025 4429 3349 4493 Christum
3380 4428 3663 4505 primum
3703 4426 3900 4487 fuisse

2355 4554 2684 4614 hominem
2720 4564 2978 4625 purum,
3030 4545 3274 4607 deinde
3314 4559 3481 4623 pure
3530 4547 3597 4604 et
3643 4544 3901 4621 integre

2353 4670 2441 4730 ita
2483 4668 2749 4737 vixisse,
2782 4671 2852 4727 ut
2895 4662 3212 4725 meruerit
3255 4660 3441 4721 liberi
3474 4658 3722 4720 arbitrii
3752 4657 3902 4717 Dei-

2355 4784 2772 4854 ficationern3
2858 4781 3008 4841 hinc
3079 4779 3413 4839 Nestorius
3482 4773 3904 4852 subsequens

2359 4901 2488 4964 duo
2535 4905 2600 4964 in
2631 4902 2881 4963 Christo
2915 4899 3252 4976 supposita
3300 4910 3449 4957 cum
3496 4895 3745 4955 unione
3804 4909 3901 4953 ac·

2360 5019 2668 5080 cidentali
2698 5018 3001 5078 asseruit.
3050 5017 3234 5076 Forte
3264 5014 3338 5074 ad
3370 5013 3536 5074 hanc
3566 5011 3900 5073 historiam

2358 5136 2575 5196 allusit
2617 5135 2900 5211 Prosper
2951 5132 3018 5193 in
3086 5128 3427 5207 Epitaphio
3475 5127 3558 5189 de
3622 5132 3902 5204 utraque

2355 5254 2619 5316 haeresi.

2442 5370 2830 5433 Nestoriana
2857 5367 2996 5429 lues
3037 5366 3313 5427 successi
3338 5364 3734 5442 Pelaqianae,

2525 5490 2662 5559 Qua
2685 5493 2900 5548 tamen
2930 5491 3017 5547 est
3057 5492 3239 5546 utero
3277 5487 3711 5562 prayenerata
3741 5496 3900 5543 mec.

2355 5622 2358 5629 ·
2439 5608 2684 5686 Insolito
2713 5604 2963 5667 mt‘serae
3016 5603 3309 5684 yenitria:
3354 5610 3410 5665 ec
3455 5600 3602 5681 fllia
3635 5605 3825 5677 nacae,

3993 4305 4107 4369 Em!

3969 4368 4120 4427 Pelagii.

3939 4959 4143 5018 saetosus.
