4255 6375
401 453 565 503 Num.
632 451 713 502 19.

398 515 484 566 22.
521 519 573 564 et
591 514 719 565 Lev.

397 579 452 629 5.
486 578 539 628 7.
567 582 618 625 et
639 576 716 628 11.

428 640 492 689 de
539 639 692 689 unico

403 702 685 811 BaptismO,

459 780 514 815 c.
601 768 646 814 3.

395 827 483 881 Vd
511 827 628 877 Gal.
656 826 710 876 2.

399 891 689 942 Commeat.

398 953 464 1002 ad
490 953 546 1003 4.
588 966 705 1010 cap.

397 1013 621 1066 Dubium
655 1015 708 1065 ⁴.

394 3390 514 3443 laid.
543 3390 633 3440 lib.
657 3394 705 3443 1.

441 3456 503 3504 de
531 3468 668 3506 sum.

497 3516 617 3567 bon.

426 3592 541 3642 cap.
594 3579 680 3634 2⁴.

421 4193 497 4243 De
526 4208 668 4247 cons.

445 4255 568 4308 dist.
603 4257 658 4309 4.

456 4320 631 4367 eodem

423 4383 590 4442 mod0,
631 4386 679 4430 et

393 4444 570 4493 eadem
592 4444 708 4494 dist.

395 4520 509 4569 quae
529 4507 580 4556 in
602 4508 708 4556 Ma-

423 4569 686 4621 trimoniO.

742 291 858 354 526

747 457 926 527 ctus
1030 472 1190 524 non
1309 456 1483 532 est;
1591 471 1774 522 cum
1887 448 2281 522 Dominus

745 569 958 644 dicat
1030 568 1110 640 in
1179 569 1354 659 lege
1420 593 1432 635 ε
1498 572 1928 656 Quoecumqne
1994 569 2283 655 teliqcril

743 687 1144 766 immundus,
1195 686 1538 752 immunda
1604 697 1823 751 erunt.
1896 681 2089 764 Quis
2154 702 2283 772 po-

742 804 902 874 test
962 802 1152 873 dare
1206 800 1410 893 quod
1460 799 1631 892 ipse
1691 819 1850 871 non
1901 797 2199 869 habet?
2248 825 2275 858 »

745 919 915 990 Hoc
978 939 1176 992 vero
1235 939 1333 990 ex
1393 917 1863 1008 ignorantia
1932 934 2114 986 eum
2175 912 2283 984 di-

739 1036 983 1118 xisse,
1041 1033 1540 1127 Augustinus
1621 1034 1881 1107 innuit
1951 1033 2275 1105 dicens:

743 1184 771 1217 «
864 1154 1320 1244 Martyrem
1416 1149 1872 1242 gloriosum
1941 1148 2281 1240 Cypria-

734 1288 954 1353 num‚
1011 1269 1142 1362 qui
1187 1268 1392 1362 apud
1436 1268 1869 1342 haereticos
1905 1265 2031 1338 vel
2085 1264 2284 1338 schi-

737 1384 1130 1459 smaticos
1179 1385 1454 1458 datum
1517 1384 2024 1476 Baptismum
2071 1380 2283 1452 nole·

732 1504 870 1576 bat
936 1522 1454 1595 cognoscere,
1549 1503 1733 1573 dum
1811 1522 1950 1572 eos
2036 1497 2279 1571 nimis

731 1621 1310 1702 detestaretur,
1403 1623 1636 1692 tanta
1719 1618 1896 1710 ejus
1987 1617 2282 1688 merita

734 1757 986 1830 usque
1097 1737 1191 1809 ad
1289 1735 1793 1827 triumphum
1893 1730 2281 1824 Martyrii

733 1857 1010 1927 secuta
1071 1857 1284 1937 sunt,
1344 1858 1430 1927 ut
1491 1857 1569 1924 et
1629 1849 2061 1924 charitatis
2127 1869 2282 1943 qua

731 1968 1178 2043 excellebat
1283 1969 1459 2041 luce
1564 1966 2077 2038 obumbratio
2140 1965 2279 2037 illa

733 2085 1191 2178 fugaretur,
1256 2090 1333 2158 et
1400 2085 1467 2157 si
1529 2085 1712 2177 quid
1773 2083 2279 2176 purgandum

733 2208 943 2284 erat,
1032 2202 1438 2297 passionis
1524 2201 1727 2274 falce
1815 2200 2276 2274 tolleretur.

738 2317 1117 2410 NecjnOS,
1183 2320 1317 2411 qui
1381 2318 1784 2410 Baptismi
1846 2316 2281 2391 veritatem

735 2439 812 2508 et
850 2435 1430 2511 haereticorum
1487 2432 2002 2529 iniquitatem
2047 2455 2287 2525 agno-

741 2554 1070 2636 scimus,
1174 2555 1346 2627 ideo
1409 2552 2284 2647 Cypriano'meliores

738 2692 1042 2753 sumus,
1094 2672 1303 2745 sicut
1354 2690 1500 2744 nec
1544 2674 1815 2753 Petro,
1865 2670 2051 2762 quia
2093 2674 2284 2740 (len-

736 2793 857 2861 tes
903 2789 1322 2883 judaizare
1396 2808 1556 2861 non
1617 2787 2007 2880 cogimus,

741 3012 930 3090 Quod
997 3013 1225 3079 nullus
1273 3011 1381 3100 {²⁹⁷²
1438 3022 1624 3076 utero
1692 3021 1992 3077 materno
2068 3010 2286 3096 bapti-

1411 3139 1632 3197 satur.

831 3363 1003 3436 Hoc
1052 3364 1300 3438 etiam
1355 3365 1763 3438 sciendum
1823 3370 1971 3449 est,
2013 3399 2040 3431 α
2086 3369 2287 3461 quod

743 3478 932 3552 licet
974 3484 1102 3554 ter
1162 3482 1706 3573 immergatur
1738 3489 2081 3576 propter
2126 3505 2289 3578 my-

746 3598 1089 3672 sterium
1158 3599 1614 3685 Trinitatis,
1689 3603 1964 3673 tamen
2042 3622 2287 3675 unum

747 3712 1168 3806 Baptisma
1222 3720 1680 3809 reputatur.
1735 3716 2006 3789 »Illud
2039 3717 2285 3792 etiam

743 3831 1279 3923 ignorandum
1321 3853 1481 3906 non
1523 3841 1672 3916 est,
1738 3836 1945 3926 quod
1989 3833 2069 3907 in
2130 3855 2290 3906 ma-

743 3953 982 4023 terno
1054 3954 1288 4024 utero
1360 3952 1631 4023 nullus
1692 3951 2095 4044 baptizari
2157 3972 2290 4044 po-

742 4070 927 4151 test,
1018 4067 1342 4141 etiamsi
1449 4072 1714 4142 mater
1799 4069 2284 4160 baptizetur.

740 4185 959 4258 Unde
1004 4185 1366 4257 Isidorus
1415 4211 1430 4255 z
1484 4214 1509 4246 α
1568 4184 1717 4267 Qui
1760 4184 1843 4256 in
1895 4184 2289 4258 maternis

744 4302 1001 4376 uteris
1035 4305 1247 4385 sunt,
1283 4301 1688 4395 baptizari
1725 4322 1887 4374 non
1921 4305 2286 4395 possunt,

745 4415 931 4508 quia
1015 4418 1149 4509 qui
1225 4420 1469 4490 natus
1529 4416 1785 4491 adhuc
1854 4417 2289 4490 secundum

745 4534 997 4607 Adam
1065 4555 1227 4606 non
1303 4538 1453 4617 est,
1554 4536 1988 4608 secundum
2064 4532 2290 4608 Chri-

743 4654 958 4724 stum
1027 4671 1189 4724 non
1261 4656 1532 4746 potest
1601 4652 1946 4734 renasci,
2035 4672 2291 4744 neque

746 4770 1269 4862 regeneratio
1354 4772 1433 4842 in
1509 4792 1694 4843 eum
1762 4771 1917 4844 dici
1989 4774 2285 4863 potest,

745 4886 826 4959 in
907 4908 1144 4979 quem
1235 4888 1659 4979 generatio
1730 4908 1892 4961 non
1955 4908 2291 4980 praeces-

738 5003 868 5077 sit.
947 5032 975 5066 »
1057 5004 1263 5077 Item
1341 5003 1842 5095 Augustinus
1915 5029 1929 5075 :
2007 5033 2036 5067 α
2110 5005 2292 5075 Non

737 5124 1007 5213 potest
1099 5119 1528 5212 quisquam
1624 5120 1971 5203 renasci,
2068 5123 2288 5193 ante·

739 5257 983 5329 quam
1042 5240 1283 5308 natus
1356 5236 1488 5309 sit.
1542 5266 1570 5301 ι

830 5353 912 5427 Si
970 5375 1166 5426 vero
1231 5354 1672 5447 opponitur
1741 5355 1832 5426 de
1902 5354 2287 5436 Jcremia,

736 5472 815 5544 et
916 5472 1007 5544 de
1084 5473 1397 5545 Joanne
1475 5472 1874 5564 Baptista,
1975 5472 2109 5564 qui
2194 5472 2293 5543 ab

1924 287 2064 349 LlB.
2101 287 2201 346 IV.
2232 282 2829 347 SENTENTlARUM

2395 452 2632 522 utero
2693 445 3180 519 sanctificati
3256 446 3658 536 leguntur,
3721 446 4061 558 quodffffi

2395 564 2645 637 etiam
2730 564 2823 637 de
2908 564 3160 637 Jacob
3218 563 3535 654 quidam
3591 568 4094 683 putaflssffi

2395 681 2763 764 dicimuS,
2840 681 2906 753 si
2962 683 3406 766 sanctificatio
3456 680 3558 752 ibi
3629 681 4097 808 accipi-Nn.

2397 802 2586 870 atur
2640 795 2992 870 interior
3048 796 3514 870 emundatio
3557 795 3630 868 in
3684 797 3898 868 mira·
3938 795 4097 882 πμ

2397 914 2601 987 culis
2650 912 2939 986 divinae
2993 913 3378 1006 potentiae
3430 934 3604 985 esse
3640 885 4060 994 haben-ffiss'ss

2392 1031 2601 1111 dum,
2649 1033 2739 1103 ut
2796 1030 3298 1121 Augustinus
3360 1030 3499 1113 ait,
3560 1009 4080 1119 ambigue,'‚,“{“'j}::n

2399 1166 2642 1239 super
2708 1144 2861 1219 hoc
2932 1146 3267 1237 loquens
3339 1173 3353 1216 :
3438 1175 3465 1208 ι
3532 1147 3613 1218 Si
3675 1166 3897 1238 usque
3936 1133 4097 1256 ἐξ·

2396 1263 2617 1345 adeo,
2673 1263 2959 1355 inquit,
3017 1264 3097 1336 in
3152 1262 3289 1336 illo
3344 1282 3594 1354 puero
3638 1259 4097 1368 accelegjgj',

2398 1385 2626 1455 ratus
2686 1384 2809 1454 est
2872 1403 3065 1454 usus
3124 1381 3474 1453 rationis
3527 1384 3603 1454 et
3648 1381 3899 1452 volun·
3958 1381 4085 1493 333}

2393 1500 2615 1583 tatis,
2709 1505 2794 1574 ut
2877 1499 3091 1572 infra
3170 1506 3539 1574 materna-
3609 1499 4090 1617 viscerassffi}

2388 1615 2562 1707 jam
2623 1619 2896 1709 posset
2955 1636 3401 1708 agnoscere
3451 1621 3530 1689 et
3576 1616 3898 1695 credere,
3944 1607 4058 1680 Aa}-

2396 1733 2600 1823 quod
2684 1733 2764 1805 in
2843 1733 3028 1805 aliis
3108 1732 3471 1826 parvulis
3563 1692 4097 1824 θιρθοῑειῐιῗὲζ

2394 1853 2594 1921 aetas
2638 1852 2725 1922 ut
2788 1850 3126 1941 possint,
3201 1849 3280 1921 in
3335 1847 3748 1922 miraculis
3802 1853 3909 1918 est

2396 1964 2840 2038 habendum
2935 1965 3225 2038 divinae
3304 1966 3706 2058 potentiae.
3772 1983 3907 2035 non

2394 2081 2488 2151 ad
2550 2080 2920 2154 humanae
2960 2081 3443 2154 trahendum
3484 2080 3908 2173 exemplum

2394 2201 2740 2270 naturae.
2790 2201 2999 2270 Nam
3051 2200 3365 2288 quando
3408 2197 3666 2270 voluit
3697 2199 3907 2274 Deus,

2394 2312 2643 2386 etiam
2725 2314 3186 2407 jumentum
3268 2314 3629 2387 locutum
3680 2318 3818 2385 est.
3883 2338 3906 2373 ι

2401 2434 2615 2506 Idem
2706 2458 2721 2501 ε
2815 2462 2844 2496 α
2915 2433 3031 2505 De
3117 2431 3478 2503 Jeremia
3552 2429 3905 2522 legitur:

2399 2553 2798 2637 Priusquam
2846 2553 3067 2616 amires
3122 2550 3204 2616 de
3263 2561 3514 2632 ventre,
3570 2549 3909 2630 sanctifica-

2401 2670 2468 2732 vi
2518 2677 2616 2746 ce,·
2667 2664 2808 2737 illa
2858 2668 3133 2738 tamen
3174 2662 3736 2745 sanctificatiO,
3776 2679 3907 2753 qua

2399 2782 2801 2856 efficimur
2863 2783 3255 2875 templum
3323 2780 3498 2863 Dei,
3568 2800 3723 2853 non
3774 2777 3906 2849 nisi

2405 2904 2884 2974 renatorum
2951 2904 3101 2972 est.
3174 2903 3330 2967 Nisi
3374 2903 3554 2967 enim
3614 2902 3757 2986 quis
3820 2919 3907 2963 re-

2399 3031 2596 3086 natus
2637 3019 2848 3102 fuerit
2896 3039 2979 3084 ea>
3044 3038 3221 3104 aqua
3268 3027 3331 3081 et
3377 3017 3641 3102 Spiritu
3685 3025 3905 3084 sancto.

2404 3160 2537 3205 non
2569 3147 2782 3226 polest
2822 3139 3081 3203 intrare
3119 3137 3192 3202 in
3250 3156 3525 3222 reynum
3584 3135 3720 3200 Dei.
3784 3132 3912 3203 Ne-

2405 3273 2535 3324 mo
2595 3255 2868 3325 autem
2940 3250 3429 3332 renascitur,
3501 3249 3655 3322 nisi
3710 3249 3912 3340 prius

2403 3370 2818 3440 nascatur.
2896 3366 3117 3438 Unde
3195 3365 3339 3439 illa
3408 3364 3909 3439 sanctificatio

2408 3487 2676 3578 potest
2792 3484 3225 3558 secundum
3357 3480 3911 3576 praedestinati-

2408 3620 2642 3673 onem
2722 3600 3007 3693 accipi.
3104 3630 3133 3663 n
3207 3602 3414 3672 Ecce
3490 3599 3913 3671 dubitanter

2401 3720 2724 3793 videtur
2762 3717 3011 3809 loqui,
3073 3716 3206 3810 qui
3248 3717 3499 3789 etiam
3551 3718 3629 3789 in
3666 3714 3909 3786 eodem

2403 3835 2594 3909 dicit
2647 3862 2661 3905 ε
2723 3866 2750 3899 ι(
2808 3838 2988 3907 Non
3028 3834 3332 3907 dictum
3386 3839 3537 3917 est,
3576 3832 3747 3925 quia
3797 3855 3910 3899 cre-

2404 3954 2584 4021 didit
2618 3952 2881 4024 infans
2939 3951 3019 4024 in
3078 3956 3339 4033 utero,
3397 3952 3529 4023 sed
3579 3952 3913 4027 cannatae,-

2405 4091 2551 4143 nec
2617 4069 3033 4144 Elizabeth
3100 4069 3331 4141 dicit:
3382 4067 3787 4141 Exultavit
3848 4065 3910 4135 in

2403 4185 2575 4269 fide,
2640 4186 2773 4259 sed
2836 4185 3237 4259 exultavit
3300 4184 3380 4256 in
3442 4189 3674 4258 utero
3735 4201 3908 4254 meo.

2408 4306 2509 4377 Et
2584 4303 2841 4395 potuit
2909 4325 3090 4376 esse
3176 4303 3337 4376 ista
3413 4299 3909 4376 sanctificatio

2407 4423 2657 4493 tantae
2724 4418 2846 4492 rei
2905 4440 2951 4491 a
3013 4418 3311 4511 maj0ri
3378 4414 3910 4508 cognoscendae

2409 4536 2818 4619 indicium,
2902 4558 3063 4610 non
3156 4557 3203 4608 a
3262 4536 3607 4630 parvulo
3683 4530 3910 4624 cogni-

2409 4661 2535 4729 tae.
2603 4685 2634 4722 n
2706 4658 3025 4749 Absque
3113 4657 3572 4730 assertione
3634 4656 3723 4728 de
3790 4652 3907 4723 hac

2408 4773 3053 4848 sanctificatione
3114 4773 3500 4865 loquitur,
3561 4792 3713 4844 non
3765 4767 3909 4841 defi-

2406 4890 2662 4973 niens,
2711 4889 3068 4983 qualiter
3110 4888 3629 4980 intelligenda
3671 4887 3769 4960 sit
3797 4884 3907 4958 illa

2408 5006 2979 5091 sanctificatio,
3046 5025 3148 5078 an
3209 5004 3315 5078 sit
3377 5005 3692 5097 signum
3740 5000 3907 5074 futu·

2410 5145 2520 5196 rae
2567 5124 2713 5207 rei,
2797 5143 2900 5196 an
2974 5122 3286 5197 veritas
3336 5117 3901 5214 justificationis

2410 5262 2555 5334 per
2622 5239 3020 5333 Spiritum
3088 5237 3353 5312 factae.
3433 5239 3579 5313 Sed
3664 5235 3898 5310 melius

2406 5362 2556 5443 est,
2609 5363 2691 5431 ut
2731 5358 3120 5438 dicamus,
3168 5355 3353 5429 illos
3401 5363 3698 5450 praeter
3738 5371 3901 5428 com·

2409 5495 2732 5547 munem
2810 5472 3072 5567 legem
3153 5474 3234 5559 in
3335 5475 3595 5548 uteris
3662 5470 3904 5566 justifi-
