4255 6375
1365 397 1567 460 DIST.
1618 393 1713 455 Vl.
1750 390 2111 467 QUAESTlo
2164 391 2267 452 lx.
3362 373 3482 436 607

276 563 632 636 formam
666 562 1141 655 imprimere
1162 552 1820 650 obligato,magis
1938 553 2127 621 sunt
2170 547 2462 638 aliquae
2511 541 3048 638 perfectiones
3100 556 3259 609 non
3300 534 3485 607 sim-

274 680 429 754 hoc
497 680 832 761 faceret,
910 699 1151 770 quam
1194 676 1401 768 quod
1452 671 1823 746 absolute
1941 666 2288 758 pliciter,
2331 664 2462 735 sed
2541 662 2622 733 in
2703 657 2846 732 tali
2919 658 3242 737 natura,
3303 651 3490 744 quia

275 816 424 887 per
483 798 759 867 actum
831 793 1344 887 praeteritum
1398 790 1546 862 sibi
1607 788 1828 860 esset
1937 787 2125 856 sunt
2197 777 2741 873 perfectiones
2813 774 3281 868 supplentes
3350 766 3490 838 im-

269 912 720 1003 obligatus;
783 914 994 985 Deus
1038 916 1311 983 autem
1378 908 1644 999 potest
1710 908 1822 976 ta·
1937 898 2543 991 perfectionem,
2629 894 2765 985 Ὶι110
2838 895 3104 985 potest
3180 886 3335 962 dici
3406 886 3498 958 de

270 1030 436 1101 lem
506 1028 858 1100 formam
919 1026 1591 1115 configurantem,
1674 1021 1824 1093 hoc
1940 1019 2125 1103 isto,
2191 1016 2395 1110 quod
2461 1018 2586 1088 est
2653 1011 3048 1109 perfectio
3115 1009 3497 1102 supplens

274 1150 429 1229 est,
488 1141 1026 1218 offendentem
1072 1139 1655 1231 obligationem
1690 1135 1827 1207 im·

280 1261 640 1354 primere
718 1262 798 1332 in
868 1259 1166 1331 anima.

1940 1133 2674 1228 imperfectionem,
2712 1135 2792 1204 et
2835 1130 3007 1202 ideo
3060 1126 3499 1211 110ῃῖ00111-

2726 1243 3114 1339 perfecto,

2275 1250 2601 1323 omnino
3240 1258 3498 1331 neque

1948 1252 2146 1345 petit

104 1389 112 1431 '
374 1378 595 1459 Quod
702 1373 954 1449 etiam
1025 1373 1344 1446 additur
1424 1370 1514 1441 de
1594 1366 1826 1457 signo
1942 1370 2192 1444 etiam
2269 1366 2660 1457 competit
2736 1362 2856 1435 illi
2931 1378 3330 1453 personae,
3407 1355 3486 1427 in

104 1453 222 1561 {2³3
280 1491 948 1574 rememorativo,
1012 1490 1211 1572 dico,
1277 1488 1482 1580 quod
1585 1505 1832 1556 reme-

110 1589 192 1685 ἶῖῗῃ
281 1612 786 1685 morativum
819 1613 968 1691 est,
1024 1629 1185 1680 non
1260 1610 1582 1681 tantum
1656 1622 1833 1694 pro-

106 1714 246 1816 ffa'
279 1734 467 1822 pter
510 1729 720 1811 illos,
765 1729 1137 1820 respectu
1172 1742 1520 1816 quorum
1594 1719 1834 1791 habet

279 1848 687 1922 rationem
723 1844 935 1935 signi
969 1844 1261 1915 ducens
1310 1841 1384 1913 in
1432 1838 1836 1911 rationem

279 1965 627 2056 signati,
669 1964 881 2036 sicut
936 1958 1321 2051 arguitur
1390 1955 1832 2035 dividendO,

293 2082 432 2156 sed
466 2081 705 2153 habet
794 2079 1223 2152 rationem
1297 2075 1511 2165 signi
1581 2091 1835 2144 reme-

280 2197 674 2271 morativi
724 2199 1064 2288 propter
1097 2194 1387 2286 ipsum,
1419 2189 1550 2282 qui
1588 2187 1838 2260 susci-

276 2316 428 2409 pit.
500 2317 601 2387 Et
646 2317 918 2386 tamen
980 2311 1055 2383 si
1104 2314 1458 2401 ponatur
1500 2308 1840 2399 propter

270 2432 510 2511 alios,
584 2450 743 2501 non
816 2430 1141 2501 tantum
1192 2427 1406 2496 esset
1443 2421 1835 2513 quoddam

278 2547 360 2618 in
396 2566 481 2617 se
533 2542 1259 2616 rememorativum
1296 2533 1833 2614 Sacramenti,

282 2663 422 2734 sed
461 2656 709 2735 etiam
770 2644 990 2732 esset
1042 2657 1363 2747 signum
1422 2650 1837 2724 ductivum

284 2780 369 2851 in
424 2778 641 2859 illud,
698 2777 908 2849 sicut
982 2780 1248 2863 siqnum
1315 2775 1589 2849 dieitur,
1669 2768 1843 2857 quod

288 2899 465 2984 facit
511 2897 705 2962 aliud
771 2898 839 2960 iu
918 2893 1361 2979 coynitionem
1400 2889 1653 2954 venire.
1699 2884 1841 2953 Po-

282 3015 452 3086 test
503 3010 755 3083 etiam
813 3006 1163 3089 concedi,
1220 3004 1423 3097 quod
1475 3002 1554 3073 in
1624 3018 1844 3072 com-

286 3128 720 3223 paratione
752 3129 830 3198 et
874 3126 965 3197 acl
1004 3125 1262 3196 Deum
1312 3125 1392 3193 et
1426 3118 1517 3190 ad
1565 3115 1846 3210 proxi-

286 3267 492 3328 mos,
539 3244 708 3315 sive
777 3243 857 3313 in
924 3237 1424 3312 beatitudine
1508 3235 1600 3304 ad
1671 3232 1842 3323 glo-

286 3365 531 3442 riam,
634 3361 803 3432 sive
910 3359 990 3430 in
1104 3353 1624 3429 damnatione
1750 3349 1845 3421 ad

286 3479 883 3554 confusionem.

383 3601 482 3671 Et
554 3597 760 3689 quod
840 3593 1249 3688 objicitur,
1345 3589 1553 3680 quod
1639 3589 1845 3658 Deus

106 3763 243 3806 ,cte-
291 3715 591 3809 posset
628 3731 1124 3806 cognoscere
1177 3728 1408 3781 ovem
1462 3724 1690 3777 suam
1743 3703 1850 3774 si-

104 3835 143 3867 m
210 3855 393 3934 etne
461 3832 723 3923 sign0‚
776 3849 938 3901 non
980 3827 1275 3908 obstat,
1341 3823 1528 3916 quia
1597 3821 1845 3893 etiam

108 3883 169 3941 lo,

104 3960 200 3994 '¹⁸⁰⁰
292 3961 563 4054 potest
608 3979 788 4031 eam
822 3977 1065 4028 nosse
1100 3971 1281 4026 cum
1317 3951 1577 4042 signo.
1616 3947 1845 4019 Beati

104 4022 256 4058 Jrum.

291 4090 545 4164 etiam
616 4088 693 4159 et
768 4055 1129 4155 damnati
1192 4078 1534 4171 possunt
1603 4073 1847 4145 istam

295 4225 541 4278 nosse
587 4203 1022 4292 signatam,
1072 4213 1310 4288 quam
1352 4212 1510 4263 non
1558 4207 1851 4279 cogno-

296 4331 621 4402 scerent
664 4344 826 4397 non
869 4321 1302 4411 signatam,
1351 4317 1538 4406 quia
1592 4313 1673 4384 in
1726 4312 1850 4383 be-

295 4453 694 4528 atitudine
758 4449 851 4520 ad
897 4447 1295 4537 majorem
1335 4440 1714 4534 gloriam,
1770 4439 1849 4507 et

293 4581 380 4653 in
430 4576 946 4651 damnatione
1027 4572 1121 4643 ad
1203 4568 1601 4660 majorem
1667 4583 1853 4636 con-

294 4703 725 4776 fusionem.
820 4699 919 4771 Et
1015 4716 1195 4768 011111
1286 4692 1671 4782 objicitur
1761 4690 1851 4760 de

296 4822 448 4894 fide
507 4826 587 4892 et
656 4815 1085 4892 charitate,
1133 4811 1303 4883 sive
1356 4809 1447 4880 de
1502 4806 1846 4894 meritiS‚

294 4949 613 5021 dicetur
665 4944 748 5016 in
798 4938 1331 5033 responsione
1400 4935 1494 5006 ad
1573 4954 1852 5007 secun·

296 5074 484 5145 dum
545 5071 1123 5161 argumentum
1176 5060 1643 5156 principale.
1708 5059 1850 5130 Sed

301 5199 442 5270 illa
482 5216 655 5289 quae
703 5191 1203 5285 objiciuntur
1250 5187 1353 5259 ibi
1394 5188 1483 5258 de
1520 5185 1852 5261 Christo

299 5336 377 5405 et
426 5335 687 5404 matre
732 5329 931 5420 ejus,
980 5324 1185 5418 quod
1227 5321 1660 5396 character
1691 5339 1852 5391 non

303 5461 433 5532 est
484 5457 736 5529 Beato
797 5453 894 5525 ad
961 5449 1345 5543 gloriam,
1398 5446 1605 5518 solvi
1678 5465 1851 5538 pos-

308 5587 522 5665 sunt,
562 5581 749 5674 quia
809 5578 1017 5650 sicut
1076 5576 1161 5647 in
1219 5576 1519 5646 natura
1568 5574 1853 5644 creata

1947 1504 2104 1576 qua
2182 1487 2304 1555 est
2383 1482 2658 1573 aliqua
2737 1478 3132 1571 perfectio
3220 1472 3491 1564 maj0r

1948 1599 2330 1693 supplens
2426 1595 3154 1690 imperfectionem,
3251 1610 3491 1682 quam

1948 1718 2051 1790 sit
2098 1717 2282 1790 ista.

2038 1837 2150 1921 Ad
2185 1835 2517 1908 tertiam
2581 1832 2984 1904 rationem
3038 1848 3182 1920 pro
3236 1826 3493 1919 opini-
3646 1837 3727 1888 20.

1954 1975 2101 2027 one
2182 1956 2451 2045 potest
2518 1950 2700 2037 dici,
2778 1949 2980 2041 quod
3042 1949 3256 2020 Deus
3317 1965 3490 2037 pec·
3539 1901 3824 2037 1ξῖἷᾷἃῦιᾷ

1951 2069 2168 2142 001111
2216 2066 2683 2141 mortaliter
2725 2065 2806 2137 in
2847 2065 3023 2158 ipso
3074 2069 3284 2145 actu,
3333 2081 3489 2154 quo
3546 2038 3816 2149 αέῗιιῖρὲἶ(

1955 2190 2234 2279 peccat
2287 2183 2779 2263 mortaliter,
2818 2180 3135 2254 confert
3166 2178 3492 2270 aliquod
3556 2151 3815 2263 ,UYXZM

1951 2303 2248 2374 donum
2319 2321 2578 2382 suum,
2645 2299 2832 2391 quia
2891 2318 3051 2370 non
3106 2296 3283 2369 vult
3353 2298 3492 2369 Sa-
3525 2273 3842 2341 mmmm·

1952 2421 2464 2490 oramentum
2535 2435 2795 2497 suum,
2870 2415 3077 2506 quod
3138 2432 3332 2484 vere
3401 2409 3499 2483 ab

1950 2554 2045 2604 eo
2100 2533 2572 2626 suscipitur,
2645 2553 2823 2604 esse
2884 2550 3209 2611 vanum,
3254 2530 3333 2601 et
3384 2529 3502 2601 ita

1952 2650 2122 2724 vult
2168 2651 2274 2722 ibi
2318 2650 2671 2743 aliquem
2710 2647 3084 2722 effectum
3128 2667 3498 2726 causare,

1953 2789 2107 2843 non
2160 2772 2433 2841 autem
2477 2767 2884 2849 ultimum,
2932 2766 3119 2858 quia
3162 2764 3504 2857 indispo-

1955 2889 2164 2962 situs
2243 2890 2389 2960 est.
2469 2887 2570 2959 Et
2637 2904 2821 2957 cum
2901 2882 3224 2976 p1·0baS,
3301 2880 3503 2974 quod

1960 3000 2317 3100 perfecte
2397 3003 2660 3083 curat,
2737 3000 3107 3081 concedo,
3191 2997 3502 3092 quando

1959 3121 2221 3200 curat,
2295 3117 2429 3190 sed
2515 3120 2705 3190 tunc
2773 3135 2935 3186 non
3004 3117 3267 3198 curat,
3342 3114 3503 3185 imo

1958 3239 2279 3309 tantum
2338 3233 2691 3326 disponit
2736 3232 3008 3313 istum,
3077 3230 3245 3304 sive
3306 3250 3506 3323 prae·

1962 3356 2203 3445 parat
2258 3352 2355 3424 ad
2416 3349 2955 3431 curationem,
3008 3352 3087 3421 et
3129 3348 3501 3430 concedo,

1962 3469 2170 3560 quod
2229 3465 2585 3560 perfecte
2645 3470 3087 3560 praeparat.
3135 3467 3237 3540 Et
3294 3463 3508 3536 istud

1960 3587 2082 3656 est
2149 3583 2660 3663 rationabile,
2701 3582 2888 3675 quia
2929 3582 3120 3654 licet
3179 3580 3260 3652 in
3310 3581 3513 3654 acti·

1964 3699 2251 3771 onibus
2295 3696 2775 3790 beneplaciti
2832 3696 3054 3770 circa
3115 3715 3510 3788 personas

1964 3816 2329 3908 privatas
2373 3815 2588 3889 forte
2646 3835 2808 3887 non
2870 3813 3241 3886 conferat
3302 3813 3510 3885 dona

1962 3954 2109 4005 sua
2154 3931 2648 4024 pertinentia
2708 3931 2804 4003 ad
2870 3929 3220 4003 salutem
3290 3929 3509 4001 illius

1966 4071 2359 4143 personae,
2459 4048 2617 4120 nisi
2705 4048 3062 4142 perfecte
3153 4046 3507 4119 sanando

1963 4168 2187 4239 illam
2223 4185 2703 4259 personam3
2757 4167 2838 4238 in
2881 4165 3195 4239 actibus
3235 4168 3512 4238 tamen

1962 4283 2562 4357 universalibus
2608 4280 3351 4356 concomitantibus
3395 4302 3514 4354 re·

1967 4399 2226 4473 media
2287 4421 2432 4472 sua
2482 4397 3008 4480 universalia,
3063 4396 3516 4491 cujusmodi

1966 4522 2156 4591 sunt
2203 4521 2758 4599 Sacramenta,
2807 4515 3295 4589 rationabile
3359 4518 3510 4597 est,

1964 4638 2053 4708 ut
2107 4634 2428 4726 aliquos
2463 4633 2797 4709 effectus
2841 4632 3348 4705 universales
3385 4651 3518 4703 or-

1965 4749 2287 4824 dinaret
2319 4770 2664 4824 causare
2706 4770 2888 4824 cum
2932 4750 3231 4822 talibus
3265 4770 3518 4823 reme·

1963 4865 2144 4953 diis,
2216 4886 2379 4939 non
2457 4868 2730 4938 autem
2799 4866 3249 4951 111111110105,
3305 4867 3518 4960 ⁴quia

1962 5005 2124 5056 non
2186 5006 2463 5059 omnes
2514 4986 3000 5079 recipientes
3054 4987 3197 5059 illa
3256 5006 3518 5058 reme-

1963 5100 2093 5173 dia
2136 5106 2324 5177 sunt
2357 5103 2452 5175 ad
2483 5101 2638 5174 hoc
2672 5100 2962 5175 idonei.

2054 5219 2211 5291 Per
2296 5218 2447 5292 1100
2526 5223 2868 5310 apparet
2932 5220 3027 5291 ad
3099 5224 3505 5313 quartum.
3545 5213 3845 5277 character,

3622 5291 3689 5326 an
3715 5275 3782 5325 sit

1967 5335 2331 5408 Concedo
2427 5333 2666 5416 enim,
2743 5336 2948 5426 quod
3023 5338 3147 5407 est
3212 5337 3509 5410 donum
3559 5337 3849 5450 {gafssffia

1968 5451 2385 5543 pertinens
2448 5451 2544 5523 ad
2600 5451 2899 5524 bonum
2959 5454 3508 5546 suscipientiS,
3543 5464 3613 5514 D·
3653 5464 3858 5518 Bonav·

1965 5587 2126 5640 non
2163 5570 2437 5639 autem
2470 5567 2878 5641 Ecclesiae.
2931 5571 3033 5643 Et
3065 5590 3247 5642 cum
3282 5572 3505 5658 dicis,
3625 5525 3733 5577 Μ’
