4255 6375
541 946 681 1001 ordo
723 946 824 1005 dis·
935 912 1023 994 (a)
1066 917 1290 990 Supra
1318 915 1622 983 Maamer
1646 915 1795 988 evil,
1829 920 1953 975 etc.
1989 912 2099 974 Hic
2131 912 2402 989 exponit
2513 873 2781 962 potest
2844 872 3168 963 procedi
3218 872 3429 947 Sicut
3474 892 3713 965 supra
3749 876 3975 943 “5⁸1⁸'stss-

532 1014 810 1069 tinctionis.

622 1721 678 1795 Ej
687 1735 746 1793 qs

573 1782 770 1835 divino.

523 4552 678 4679 Mag¹s
699 4616 772 4666 A.

492 4676 707 4743 Argum.
753 4679 804 4730 ¹.

844 354 960 417 274

1313 664 1927 731 COMMENTARIUS

855 1033 1097 1095 Doctor
1125 1028 1447 1093 ordinem.
1481 1029 1836 1107 Postquam
1878 1029 2054 1090 enim
2100 1030 2398 1093 tractavit

858 1149 940 1212 de
1007 1146 1442 1212 sacramentis
1512 1161 1697 1208 novae
1762 1145 1928 1225 legis
1984 1147 2052 1208 in
2118 1164 2394 1228 genere,

855 1263 1140 1344 subjecit
1213 1262 1412 1324 etiam
1496 1266 1840 1323 tractatum
1922 1259 2006 1323 de
2067 1261 2397 1340 Baptismo

852 1382 1142 1454 JoanniS,
1205 1386 1513 1459 tanquam
1574 1379 1972 1457 praeambulo
2017 1377 2100 1440 ad
2161 1383 2392 1440 tracta·

857 1504 996 1562 tum
1044 1498 1128 1561 de
1176 1499 1505 1576 Baptismo
1551 1495 1809 1569 Christi,
1864 1512 2064 1574 quem
2110 1497 2397 1575 explicat

853 1621 920 1681 in
975 1618 1100 1680 hac
1174 1615 1615 1678 distinctione.
1697 1614 1852 1697 Ejus
1930 1620 2398 1695 argumentum

856 1739 1358 1818 comprehendit
1408 1741 1648 1801 Doctor
1703 1744 1985 1817 quatuor
2025 1737 2395 1816 quaestioni·

852 1858 1002 1931 buS,
1072 1856 1197 1918 hoc
1267 1856 1497 1919 ordine
1542 1877 1557 1918 ε
1608 1857 1817 1917 Primo
1886 1854 2169 1933 explicat
2240 1856 2400 1931 quid

848 1976 953 2035 rei
995 1990 1117 2051 per
1159 1972 1634 2045 definitionem,
1686 1988 1830 2052 quae
1888 1972 2283 2048 supponitur
2325 1970 2392 2030 in

851 2090 1144 2171 qualibet
1185 2090 1479 2151 scientia.
1522 2086 1827 2151 Secundo
1863 2086 2145 2164 explicat
2175 2092 2395 2163 partes

848 2205 1253 2269 Sacramenti
1314 2206 1664 2284 Baptismi;
1713 2205 1780 2266 in
1829 2202 2123 2266 secunda
2177 2219 2390 2282 quaes-

851 2325 1028 2385 tione
1078 2321 1383 2397 formam,
1436 2336 1587 2400 quae
1627 2325 1732 2383 est
1761 2321 1971 2399 magis
2017 2318 2394 2398 principalis

846 2441 910 2501 in
976 2440 1377 2516 composito;
1440 2437 1509 2499 in
1560 2438 1751 2500 tertia
1789 2453 1944 2500 vero
1997 2438 2388 2529 quaestione,

847 2560 981 2637 agit
1024 2556 1108 2618 de
1137 2554 1446 2627 materia:
1484 2554 1551 2617 in
1581 2560 1812 2635 quarta
1849 2572 2031 2628 vero,
2079 2554 2163 2616 de
2203 2554 2388 2617 insti-

847 2673 1097 2734 tutione
1131 2673 1274 2751 ejus
1306 2687 1424 2749 per
1468 2668 1771 2732 ordinem
1800 2666 1885 2731 ad
1932 2684 2201 2731 causam
2245 2665 2387 2729 effi-

846 2788 1148 2856 cientem,
1198 2784 1378 2847 etde
1413 2784 1937 2863 promulgatione
1989 2787 2056 2844 et
2096 2798 2380 2844 concur-

846 2905 1056 2965 rentia
1087 2905 1229 2982 ejus
1260 2918 1409 2964 cum
1439 2901 1968 2964 circumcisione.

1319 3151 1779 3236 QUAESTIO
1879 3150 1940 3223 Ι.

843 3406 946 3469 An
1004 3402 1128 3467 illa
1183 3400 1489 3483 definitio
1548 3398 1883 3484 Btcpeismi
1929 3397 2014 3462 sit
2068 3395 2380 3481 propria,

929 3540 1126 3607 quam
1168 3517 1360 3604 ponit
1426 3515 1763 3601 Mayister,
1835 3512 2090 3578 scilicet
2126 3533 2142 3577 :
2182 3510 2386 3602 Bap-

928 3634 1224 3707 tismus
1273 3634 1400 3704 est
1429 3626 1719 3702 tinctio
1750 3625 2129 3718 corporis
2166 3629 2387 3698 exte-

933 3750 1132 3830 rior,
1178 3744 1396 3819 facta
1445 3745 1592 3817 sub
1631 3742 1900 3816 forma
1940 3740 2383 3814 verborum

932 3864 1421 3959 praescripta
1439 3867 1475 3935 ?

839 4124 995 4194 Hugo
1019 4119 1159 4177 Vaut.
1187 4121 1287 4175 lib.
1311 4120 1367 4174 2.
1400 4119 1464 4174 do
1493 4120 1750 4175 Sacram.
1781 4134 1838 4185 p,
1867 4119 1924 4174 6.
1956 4133 2078 4185 cap.
2114 4117 2169 4172 2.
2203 4114 2383 4171 Alens.

909 4194 961 4251 4.
992 4206 1046 4259 ρ.
1077 4208 1127 4261 q.
1159 4191 1245 4246 11.
1288 4207 1365 4247 m.
1403 4194 1458 4247 2.
1500 4194 1553 4245 ot
1592 4192 1646 4248 3.
1692 4194 1756 4247 D.
1782 4188 1974 4247 Thom.
2005 4190 2059 4244 3.
2099 4202 2155 4254 p.
2198 4204 2251 4254 q.
2288 4189 2379 4244 66.

910 4269 1022 4321 art.
1053 4267 1108 4321 1.
1148 4264 1278 4329 (ubi
1305 4264 1468 4320 Suar.
1499 4267 1548 4316 ot
1579 4263 1780 4334 Vasq.)
1812 4267 1859 4316 ot
1900 4262 1989 4315 hic
2016 4276 2048 4329 q
2091 4258 2151 4314 1.
2186 4265 2299 4316 art.
2329 4259 2379 4314 ¹.

887 4336 1204 4394 ‘D.Bonav.
1234 4348 1291 4391 α.
1335 4335 1387 4392 1.
1426 4350 1480 4403 q.
1514 4333 1566 4391 1.
1596 4340 1647 4390 et
1675 4333 1728 4391 2.
1769 4329 2022 4390 Richard.
2071 4345 2122 4387 a.
2149 4331 2199 4387 1.
2232 4348 2289 4403 q.
2324 4332 2377 4386 3.

930 4598 1044 4670 Ad
1101 4596 1459 4690 primum
1515 4593 1901 4686 arguitur
1958 4593 2102 4682 (b).
2174 4592 2381 4684 quod

837 4732 1025 4795 non,
1072 4711 1260 4804 quia
1309 4729 1499 4804 pars
1539 4730 1701 4782 non
1756 4709 2251 4801 praedicatur
2288 4708 2380 4779 de

838 4849 984 4903 suo
1044 4832 1260 4909 toto;
1316 4825 1622 4899 ablutio
1671 4826 1795 4897 est
1849 4845 2040 4918 pars
2095 4828 2378 4898 Sacra-

838 4945 1088 5019 menti
1174 4942 1602 5036 Baptismi‚
1685 4941 1873 5034 quia
1940 4942 2375 5014 secundum

831 5061 1377 5154 Augustinum
1418 5073 1643 5149 quoest.
1688 5064 1751 5131 1.
1805 5058 2207 5134 Detrahe:
2252 5064 2377 5129 Ac-

827 5183 1001 5248 cedit
1048 5181 1315 5248 verbum
1360 5179 1450 5245 acl
1489 5180 1877 5244 elementum
1908 5189 1967 5244 el
2005 5179 2085 5261 fit
2136 5180 2377 5245 Sacra-

826 5309 1141 5364 mentum.

819 5429 822 5432 ‘
914 5410 1535 5485 Sacramentum
1578 5428 1774 5501 ergo
1818 5407 2212 5483 sicutnon
2246 5412 2374 5483 est

824 5528 1098 5611 verba,
1139 5526 1255 5599 ita
1303 5545 1449 5601 nec
1488 5524 1796 5600 ablutio
1839 5525 2041 5620 ipsa.

2012 358 2157 419 LIB.
2192 358 2294 419 IV.
2340 357 2935 422 SENTEN'rlARuu

2600 522 2930 604 Contra,
2968 521 3370 613 Magister
3412 519 3493 594 in
3537 520 3969 597 distinctione

2511 635 2697 711 ista.

2603 756 2692 825 In
2763 753 3169 829 solutione
3255 754 3499 846 hujUs
3568 755 3971 847 quaestionis

2512 991 2689 1057 tione
2713 991 2939 1076 prima
2973 991 3119 1078 q.2.
3145 989 3237 1061 de
3277 989 3729 1063 definitione
3757 993 3980 1064 Sacra·

2511 1104 2786 1178 menti.
2854 1107 3384 1198 Supponendo
3442 1105 3655 1178 enim
3719 1128 3810 1179 ex
3867 1128 3975 1179 usu

2508 1216 3043 1311 loquentium,
3099 1220 3647 1313 significatum
3694 1222 3978 1295 nominis

2512 1338 2865 1421 Baptismi,
2955 1326 3268 1409 scilic'et
3361 1337 3568 1429 quod
3676 1341 3980 1427 Baptismus

2514 1450 2920 1542 significat
3005 1454 3398 1544 quoddam
3484 1452 3822 1547 speciale
3887 1457 3977 1528 Sa·

2512 1571 3046 1647 eramentum,
3119 1572 3209 1642 ut
3267 1568 3335 1639 si
3391 1570 3767 1657 Baptismus
3801 1568 3982 1659 signi-

2509 1683 2695 1757 ficet
2753 1683 3278 1771 ablutionem,
3363 1688 3575 1762 sicut
3633 1688 3832 1781 apud
3894 1688 3983 1758 Ju-

2509 1800 2725 1873 daeos
2773 1805 3012 1877 erant
3062 1802 3575 1896 Baptismata
3614 1822 3982 1897 corporum

2507 1920 2589 1990 et
2670 1937 3090 2002 vasorum,
3173 1917 3255 1991 in
3343 1921 3493 2001 est,
3566 1918 3980 1999 ablutiones,

2510 2036 2701 2108 tunc
2801 2033 2953 2108 hoc
3031 2035 3241 2128 quod
3312 2034 3473 2109 erit
3551 2040 3985 2105 Sacramentum

2509 2155 2859 2240 Baptismi‚
2957 2152 3526 2244 (intelligendo
3626 2152 3739 2227 ibi
3824 2174 3982 2226 cons

2510 2266 3003 2340 tructionem
3047 2268 3708 2359 intransitivam)
3761 2267 3979 2361 signis}

2508 2386 2641 2455 cat
2744 2385 3372 2456 Sacramentum
3480 2384 3853 2477 speciale,
3939 2392 3987 2457 et

2504 2497 2656 2572 hoc
2708 2501 2877 2572 tam
2941 2501 3472 2593 specificando
3517 2501 3983 2593 significatio-

2507 2634 2688 2688 nem
2718 2620 2798 2689 et
2830 2615 3208 2690 effectum
3242 2618 3820 2710 significatum,
3854 2624 3985 2712 puta

2508 2731 3163 2821 purificationem
3249 2734 3541 2806 animae
3599 2754 3650 2806 a
3723 2739 3984 2828 peccato

2507 2846 2918 2938 originali,
2982 2869 3224 2941 quam
3275 2849 3815 2943 specificando
3866 2850 3984 2922 fun·

2502 2962 2968 3038 damentum
3037 2966 3227 3039 talis
3298 2967 3905 3060 significationis
3936 2968 3983 3039 et

2502 3079 2961 3155 relationis,

2590 3200 2710 3270 Ex
2760 3198 2935 3280 hoc,
3004 3199 3357 3291 inquam,
3413 3203 3863 3295 supposito,
3901 3221 3982 3294 ap

2503 3316 2735 3406 paret
2807 3315 3167 3408 qualiter
3225 3317 3702 3409 Baptismus
3781 3319 3975 3412 potest

2499 3428 2796 3503 habere
2834 3432 3407 3515 definitionem,
3450 3455 3636 3507 cum
3681 3437 3887 3508 enim
3910 3435 3979 3507 de»

2498 3545 2801 3619 finibile
2860 3550 3239 3639 oporteat
3290 3569 3469 3621 esse
3534 3570 3686 3622 ens
3764 3549 3984 3645 positi·

2497 3680 2710 3744 vum,
2749 3683 2894 3755 per
2925 3683 3010 3735 se
3040 3684 3313 3748 unum,
3349 3670 3429 3738 et
3462 3665 3710 3751 reale,
3744 3675 3824 3741 et
3843 3685 4030 3740 com-t

2497 3795 2757 3861 mune,
2813 3782 2901 3853 ut
2958 3778 3305 3854 habetur
3383 3802 3662 3875 supra,
3738 3783 3990 3876 Baptis-

2497 3912 2676 3964 mus
2727 3913 2887 3967 non
2929 3898 3055 3969 est
3110 3915 3315 3989 pure
3373 3918 3537 3969 non
3601 3919 3772 3981 ens,
3831 3899 3993 3971 sicut

2496 4007 3023 4102 impossibile.
3072 4015 3171 4085 Et
3206 4013 3619 4110 ,probatur
3644 4037 3743 4089 eo
3778 4014 3988 4090 modo.

2496 4144 2648 4215 quo
2684 4145 2935 4218 supra
2964 4127 3057 4200 de
3101 4131 3662 4213 sacramento,
3702 4132 3875 4224 quia
3906 4148 3993 4200 ra·

2496 4240 2611 4313 tio
2654 4241 2836 4335 ejus
2882 4262 3042 4315 non
3083 4248 3210 4318 est
3264 4246 3345 4317 in
3382 4266 3468 4318 se
3527 4245 3773 4330 falsa;
3816 4246 3990 4319 nulla

2491 4357 2707 4430 enim
2767 4364 2894 4434 est
2962 4363 3531 4454 repugnantia,
3615 4367 3989 4457 quodcum·

2491 4495 2642 4567 que
2687 4477 3091 4560 sensibile,
3135 4478 3266 4552 vel
3309 4500 3825 4575 quaecumque
3858 4500 3984 4554 sen·

2493 4592 2762 4665 sibilia
2833 4594 3155 4669 institui
3227 4615 3275 4666 a
3351 4597 3521 4670 Deo
3622 4599 3719 4672 ad
3789 4596 3988 4689 signi·

2489 4705 2889 4782 ficandum
2998 4709 3448 4785 efficaciter
3539 4711 3985 4787 ablutionem

2491 4823 2787 4896 animae
2871 4847 2916 4898 a
2986 4831 3346 4919 peccato.
3424 4830 3700 4921 Neque
3781 4829 3982 4904 etiam

2490 4945 2612 5014 est
2667 4965 2960 5037 purum
3006 4966 3166 5019 non
3207 4967 3377 5027 ens,
3447 4947 3658 5022 sicut
3702 4944 3979 5039 negatio

2488 5057 2617 5130 vel
2668 5059 3049 5151 privatiO,
3106 5065 3355 5153 patet.
3408 5064 3551 5135 Est
3600 5062 3841 5137 etiam
3872 5076 3980 5153 per

2491 5195 2574 5245 se
2618 5196 2893 5259 unum,
2941 5181 3331 5269 quantum
3397 5179 3493 5251 ad
3558 5177 3749 5252 illud
3811 5174 3973 5270 quod

2490 5291 3064 5386 principaliter
3141 5294 3567 5386 significat.
3651 5297 3840 5389 quod
3878 5295 3971 5366 est

2489 5411 2680 5485 talis
2720 5412 3013 5486 relatio
3075 5413 3290 5505 signi
3348 5414 3443 5485 ad
3511 5413 3672 5489 tale
3726 5408 3970 5505 signifi·

2488 5532 2795 5604 catum.

4016 1056 4031 1105 1
