4255 6375
745 445 863 508 694

461 2220 576 2268 Gur.
589 2229 691 2266 non

424 2276 739 2346 exprimatur

561 2358 623 2390 ex

456 2405 690 2456 Patribus
701 2441 714 2455 .

446 5357 519 5406 De
534 5298 769 5409 essssz'utia-

551 5420 679 5469 Ubus

514 5483 705 5533 sormae.

844 963 993 1025 Haec
1061 972 1272 1025 autem
1342 958 1546 1024 forma
1604 980 1683 1025 ex
1734 959 2079 1027 ritualibus
2139 961 2299 1026 anti·

757 1074 1096 1160 quissimis
1148 1074 1446 1153 habetur,
1506 1094 1669 1161 quos
1717 1071 1921 1139 citant
1981 1071 2298 1139 Alcuinus

757 1205 822 1259 et
853 1190 1252 1269 AlinarinuS‚
1291 1189 1401 1277 qui
1445 1189 1811 1257 floruerunt
1848 1193 2000 1255 800.
2062 1189 2302 1254 abhinc

759 1308 973 1385 anniS,
1026 1306 1250 1393 nequit
1309 1327 1437 1370 non
1494 1326 1640 1371 esse
1699 1304 2060 1385 sufficiens,
2108 1319 2172 1370 et
2221 1325 2302 1371 ex

761 1425 1027 1511 antiqua
1074 1424 1576 1490 consuetudine.
1622 1427 1696 1490 Et
1738 1436 1912 1510 patet
1940 1424 2082 1510 ejus
2113 1421 2303 1490 sul'fi-

762 1540 1022 1620 cientia,
1086 1540 1237 1627 quia
1302 1540 1612 1627 exprimit
1677 1540 2013 1606 materiam
2085 1539 2304 1625 proxi-

768 1677 936 1722 mam
995 1669 1058 1723 et
1127 1669 1466 1736 remotam,
1539 1656 1618 1722 de
1694 1656 1933 1744 quibus
2000 1655 2305 1742 superius

763 1773 1049 1858 egimus,
1092 1793 1354 1839 causam
1407 1772 1970 1839 instrumentalem
2014 1784 2077 1837 et
2120 1771 2305 1857 prin-

762 1889 1063 1976 cipalem,
1147 1889 1514 1976 subjectum
1597 1902 1661 1953 et
1739 1887 2039 1955 effectum
2106 1887 2306 1972 hujus

767 2006 1191 2073 Sacramenti.

854 2121 1034 2197 Quod
1066 2135 1280 2188 autem
1324 2121 1528 2189 forma
1572 2123 1712 2189 haec
1762 2141 1889 2187 non
1940 2120 2311 2186 inveniatur

773 2262 808 2307 a
860 2241 1154 2307 Patribus
1205 2261 1540 2327 expressa,
1597 2241 1913 2307 rationem
1972 2239 2173 2307 habes
2229 2259 2311 2304 ex

778 2358 1151 2424 Innocentio
1202 2361 1389 2444 epist.
1436 2363 1491 2427 Ι.
1536 2380 1681 2445 cap.
1720 2362 1783 2423 3.
1838 2356 1918 2422 de
1947 2355 2310 2423 Confirma-

776 2476 951 2543 tione
983 2476 1256 2563 loquens
1293 2498 1307 2540 :
1367 2477 1591 2555 Verba,
1639 2476 1873 2562 inquit,
1919 2476 2140 2540 dicere
2179 2497 2314 2540 nou

771 2616 1033 2678 possum
1092 2615 1175 2658 ne
1231 2596 1444 2681 maqis
1488 2594 1775 2679 prodere
1824 2594 2081 2672 videar,
2118 2617 2314 2680 quam

772 2710 862 2774 ad
928 2711 1473 2776 consultationem
1570 2709 1988 2796 respondere,
2062 2722 2186 2775 ete.
2253 2724 2316 2777 et

772 2826 1122 2912 Dionysius
1162 2826 1243 2892 de
1284 2827 1663 2892 Ecclesiast.
1707 2828 2116 2891 hierarchia.
2165 2849 2312 2913 cap.

774 2945 1029 3022 ultimo,
1076 2942 1232 3009 dicit
1298 2964 1423 3008 non
1484 2964 1631 3009 esse
1698 2944 1947 3010 licitum
2010 2944 2319 3010 mandare

771 3058 1029 3139 litteris,
1070 3060 1269 3126 verba
1335 3060 1576 3146 quibus
1636 3060 1839 3126 utitur
1902 3060 2190 3127 Ecclesia
2253 3061 2320 3126 in

773 3174 1337 3243 administratione
1367 3179 1971 3255 Sacrainentorum;
2002 3176 2095 3243 sic
2123 3177 2319 3243 etiam

777 3294 855 3358 de
895 3292 1103 3358 forma
1171 3293 1479 3379 Baptismi
1515 3293 1921 3359 subobscure
1961 3293 2322 3380 loquuntur

778 3414 1024 3488 PatreS,
1087 3411 1377 3477 dicentes
1433 3410 1572 3476 dari
1636 3410 2034 3496 Baptismum
2093 3413 2158 3477 in
2202 3433 2320 3476 no-

766 3529 957 3595 mine
988 3530 1346 3609 TrinitatiS,
1384 3543 1496 3596 aut
1526 3530 1746 3596 verbis
1790 3531 2226 3615 Evangelicis.

866 3649 1016 3711 Haec
1056 3644 1263 3710 forma
1296 3644 1515 3710 reduci
1559 3656 1772 3730 potest
1803 3644 1879 3710 ad
1923 3645 2123 3711 verba
2157 3651 2322 3731 Apo-

779 3762 925 3827 stoli
966 3765 1030 3827 2.
1074 3762 1151 3827 ad
1184 3761 1553 3842 Corinthios
1588 3768 1649 3828 1.
1701 3764 1830 3839 Qui
1896 3766 2324 3847 confirmavit

778 3902 918 3960 uos,
1007 3894 1066 3946 et
1142 3882 1258 3967 qui
1324 3882 1518 3946 unxit
1587 3902 1703 3946 nos
1773 3882 1966 3959 Deus,
2014 3893 2073 3946 et
2141 3882 2325 3947 dedit

777 3997 1022 4081 pz‘quus
1072 3997 1371 4081 Spiritus
1421 3998 1496 4061 in
1526 3996 1835 4062 cordibus
1874 3999 2141 4077 nostris,
2198 4012 2321 4063 etc,

780 4114 937 4185 Quae
981 4112 1178 4177 verba
1210 4113 1330 4177 etsi
1372 4110 1451 4178 de
1494 4113 1822 4198 Baptismo
1854 4113 2049 4178 etiam
2084 4113 2325 4179 intelli-

781 4227 847 4311 gi
918 4227 1191 4313 possint,
1267 4242 1541 4315 possunt
1605 4228 1910 4295 similiter
1940 4250 2021 4295 ex
2080 4230 2328 4297 intento

782 4344 1070 4428 Apostoli
1129 4343 1233 4423 de,
1282 4357 1555 4431 utroque
1585 4347 2005 4412 Sacramento
2048 4347 2327 4435 intelligi

783 4455 940 4545 quia
972 4474 1108 4524 tum
1178 4459 1372 4525 simul
1413 4459 1939 4542 conferebantur,
1991 4476 2053 4529 et
2100 4464 2331 4533 alludit

783 4577 889 4642 hic
915 4578 998 4641 ad
1055 4580 1469 4644 Sacramenta
1526 4592 1589 4645 et
1627 4578 1927 4647 effectum
1990 4580 2326 4668 ipsorum;

784 4693 862 4758 ad
932 4692 1154 4758 eadem
1208 4693 1438 4760 alludit
1503 4695 1889 4763 Ambrosius
1941 4698 2056 4764 lib.
2114 4699 2196 4764 de
2247 4703 2333 4766 iis

787 4812 902 4894 qui
936 4811 1317 4889 initiantur,
1394 4833 1539 4897 cap.
1605 4816 1668 4878 7.
1732 4814 2130 4899 Siynavitte
2160 4817 2334 4882 Deus

787 4927 1011 5005 Pater,
1050 4927 1468 5008 confirmavit
1500 4938 1560 4992 tc
1620 4928 1924 4994 Christus
1966 4931 2329 5008 Dominus3

788 5054 850 5107 et
896 5040 976 5106 de
1026 5040 1528 5108 Confirmatione
1558 5046 1757 5111 verba
1797 5047 2085 5131 Apostoli
2131 5046 2334 5114 inter-

791 5169 1082 5242 pretatur
1123 5157 1496 5225 Anselmus.

880 5279 975 5338 An
1017 5274 1236 5340 omnia
1279 5277 1478 5342 verba
1510 5277 1707 5363 hujus
1742 5277 1970 5343 formae
2007 5279 2140 5344 sint
2184 5281 2335 5346 sub—

793 5391 1115 5456 stantialia
1176 5413 1288 5457 seu
1349 5393 1767 5459 essentialia?
1846 5399 2032 5461 Pater
2100 5399 2338 5463 Suarez

795 5507 1102 5591 ‹lisp.33.
1153 5520 1304 5574 sect.
1352 5514 1414 5577 ἒ).
1450 5522 1721 5575 conatur
1780 5511 2031 5597 potiora
2079 5513 2335 5581 reduce·

792 5642 861 5686 re
904 5622 982 5689 ad
1021 5624 1485 5705 substantiam3
1526 5626 1733 5712 primo
1767 5643 1967 5717 negat
1996 5650 2141 5697 esse
2172 5630 2337 5696 vali-

1914 448 2062 510 ΗΒ.
2084 448 2189 511 lv.
2220 447 2816 513 SENTENTIARUM

756 622 994 698 quoest.
1040 613 1103 678 8.
1142 608 1219 675 de
1251 611 1650 690 charactere,
1681 631 1759 677 ex
1800 584 1862 677 c.
1897 611 2001 676 Ad
2032 611 2298 677 aboleu—
2407 610 2556 677 dam
2599 610 2791 690 hanc,
2834 613 3150 697 cousiqno
3179 620 3241 675 et
3290 609 3619 691 confirmo
3650 618 3708 672 te
3759 606 3929 672 Cleri-

756 726 913 792 dam
953 726 1032 792 dc
1080 727 1430 805 haereticis,
1479 727 1704 814 nequit
1753 726 2037 793 Ecclesia
2076 748 2295 793 errare
2407 739 2616 793 smatc
2683 728 2941 806 salutis,
3015 726 3167 812 quia
3263 734 3529 810 oportet
3605 721 3930 809 exprimere

759 842 823 907 in
885 842 1179 909 doctrina
1219 845 1815 909 sacramentorum.

2411 845 2675 932 signum
2709 844 2954 926 Crucis.
3000 845 3188 922 Item,
3225 843 3279 909 si
3303 841 3652 908 omittatur
3702 840 3930 904 verbum

2414 962 2772 1043 Conlirnw,
2838 979 2967 1024 non
3031 971 3207 1024 esset
3290 955 3641 1023 sussiciens
3727 954 3920 1019 forma.

2412 1079 2594 1155 Item,
2660 1076 2716 1142 si
2766 1075 3039 1142 verbum
3097 1072 3602 1157 Confirmandi,
3689 1087 3932 1137 mutetur

2413 1192 2476 1257 in
2511 1192 2785 1258 verbum
2822 1191 3139 1277 unqendi,
3175 1210 3304 1255 non
3359 1188 3609 1265 valere,
3655 1188 3799 1274 quia
3833 1207 3930 1253 non

2414 1307 2745 1396 significat
2774 1307 3076 1375 effectum
3118 1306 3524 1373 Sacramenti
3558 1329 3574 1383 ;
3622 1304 3933 1392 requiritur

2413 1426 2606 1492 etiam
2639 1427 2992 1491 chrismate
3026 1424 3287 1504 salutis,
3334 1422 3412 1488 ad
3473 1423 3934 1508 expressionem

2419 1541 2710 1606 materia}
2749 1555 3040 1606 remotae.

2507 1674 2857 1741 Dicendum
2894 1689 3107 1740 tamen
3140 1675 3203 1739 in
3239 1674 3362 1739 boc
3393 1675 3811 1739 Sacramento
3837 1691 3937 1736 non

2417 1790 2617 1876 exigi,
2684 1789 2810 1856 nisi
2854 1803 2922 1855 ut
2985 1789 3393 1875 exprimatur
3438 1789 3504 1853 in
3563 1788 3769 1853 forma
3821 1787 3941 1872 ejus

2417 1923 2611 1970 causa
2671 1903 3074 1990 principalis,
3152 1919 3337 1969 actus
3406 1901 3936 1976 Confirmationi3‚

2420 2041 2534 2086 seu
2612 2020 2919 2098 ministri,
2976 2031 3044 2085 ut
3098 2019 3468 2106 applicatur
3496 2018 3576 2083 ad
3622 2038 3938 2104 personam

2421 2134 2525 2201 cui
2589 2134 2952 2200 confertur.
3035 2136 3104 2198 ln
3171 2135 3445 2219 antiquo
3475 2132 3806 2198 ordinario
3845 2136 3945 2197 Ro-

2424 2271 2639 2328 mano,
2685 2249 2856 2336 quod
2906 2249 3181 2316 habetur
3261 2250 3458 2314 Tomo
3497 2253 3571 2315 8.
3647 2250 3941 2314 Biblioth.

2424 2368 2726 2444 Puerum,
2781 2365 2847 2432 in
2890 2367 3018 2431 fine
3051 2366 3295 2452 legitur
3327 2366 3472 2432 haec
3501 2367 3712 2431 forma
3745 2389 3760 2430 ;
3797 2367 3948 2431 Con·

2422 2485 2619 2566 firmo
2688 2495 2747 2549 te
2813 2484 2886 2549 iu
2952 2485 3222 2548 nomine
3269 2484 3502 2549 Patris
3569 2495 3631 2548 et
3695 2483 3859 2549 Filii
3899 2494 3946 2546 et

2425 2605 2723 2689 Spiritus
2761 2605 2994 2683 sancti,
3033 2615 3157 2669 etc.
3211 2601 3385 2668 unde
3432 2603 3498 2667 in
3539 2603 3747 2668 forma
3794 2605 3948 2668 Grae·

2427 2741 2677 2800 corum,
2749 2742 2896 2807 quoe
2949 2718 3156 2785 valida
3242 2730 3367 2796 est,
3451 2738 3585 2783 non
3652 2719 3950 2804 reperitur

2432 2851 2607 2903 tanta
2645 2836 3007 2925 expressim
3062 2837 3233 2902 sicut
3272 2835 3341 2900 in
3384 2836 3600 2901 forma
3639 2835 3950 2921 praemissa

2434 2953 2740 3020 Ecclesiae
2798 2956 3135 3019 Romanae.
3226 2954 3378 3018 Haec
3443 2966 3664 3016 autem
3722 2953 3952 3016 Graeco-

2430 3088 2576 3133 rum
2630 3067 2902 3134 babetur
2952 3068 3014 3132 in
3076 3067 3363 3133 Concilio
3432 3066 3950 3150 Constantinopo-

2433 3184 2631 3252 litano
2699 3206 2848 3251 can.
2915 3189 2976 3251 Ἴ.
3043 3184 3186 3250 haec
3238 3206 3251 3249 :
3308 3183 3749 3270 Siyuaculum
3810 3182 3952 3248 doni

2433 3303 2731 3388 Spiritus
2758 3303 2994 3380 sancti,
3044 3300 3277 3387 supple
3315 3300 3600 3367 donatur
3639 3300 3777 3377 tibi,
3821 3319 3948 3364 nam

2435 3416 2674 3482 ibidem
2742 3417 2847 3502 agi
2911 3417 2993 3483 de
3074 3415 3550 3483 chrismatione
3613 3414 3952 3482 Confirma-

2436 3532 2632 3599 tionis
2662 3553 2856 3620 supra
2898 3533 3344 3619 probavimus.
3390 3534 3466 3597 Et
3496 3544 3754 3598 constat
3778 3529 3948 3595 etiam

2436 3671 2518 3715 ex
2575 3670 2824 3716 canone
2869 3656 2936 3716 1.
3001 3649 3216 3715 Basilii
3266 3648 3345 3714 ad
3395 3647 3947 3734 Amphilochium;

2437 3786 2645 3833 canon
2727 3779 2944 3833 autem
3011 3765 3202 3833 dicit:
3275 3766 3361 3832 Et
3427 3787 3533 3831 eos
3613 3766 3945 3851 simmam,

2441 3884 2675 3970 inquit,
2757 3884 3043 3949 dicimus
3111 3882 3529 3969 signaculum
3597 3881 3951 3947 domnionis

2439 4002 2736 4087 Spiritus
2779 4001 3016 4079 sancti,
3063 4013 3182 4065 ete.
3264 4002 3398 4064 Nec
3438 4012 3538 4063 est
3577 4018 3948 4083 praesumen-

2441 4116 2593 4183 dum
2643 4115 2766 4181 alia
2803 4116 2998 4182 verba
3031 4114 3304 4202 proferri
3354 4134 3392 4180 a
3448 4113 3772 4191 ministro,
3820 4113 3947 4178 dum

2439 4243 2584 4297 actu
2644 4231 2978 4311 chrismat,
3044 4250 3238 4317 quam
3299 4230 3440 4316 ipsa
3497 4229 3699 4294 verba
3756 4229 3948 4295 formae

2441 4349 2836 4417 essentialia.
2903 4354 2980 4418 Et
3047 4352 3215 4416 hanc
3270 4370 3416 4416 esse
3485 4351 3782 4427 formam,
3849 4366 3946 4433 qua

2443 4489 2614 4535 nunc
2682 4482 2745 4533 et
2809 4466 3170 4555 antiquitus
3238 4464 3339 4531 usi
3407 4477 3564 4531 sunt
3645 4463 3839 4529 Graeci
3900 4461 3946 4524 in

2441 4583 2967 4650 confirmationis
3040 4584 3483 4655 SacramentO,
3561 4579 3690 4646 late
3757 4576 3944 4665 probat

2444 4704 2671 4768 Petrus
2701 4700 3049 4777 Arcudius,
3094 4697 3159 4762 in
3202 4718 3320 4763 suo
3361 4717 3561 4783 opere
3600 4695 3679 4763 de
3722 4713 3948 4762 concur·

2444 4816 2548 4884 dia
2592 4816 2934 4902 utriusque
2971 4812 3279 4879 Ecclesia}
3324 4813 3388 4877 in
3420 4815 3948 4880 sacramentorum

2445 4932 3009 5001 administratione
3056 4931 3169 4997 tib.
3235 4931 3297 4997 Ξ.
3370 4951 3428 4994 c.
3473 4930 3541 4994 6.
3611 4942 3674 4994 et
3740 4935 3798 4997 Ἰ.
3851 4928 3949 4991 Hoc

2445 5070 2603 5136 ergo
2653 5046 3341 5134 supposit0‚⁸dubium
3403 5065 3553 5111 esse
3613 5066 3741 5110 non
3795 5043 3949 5109 debet

2446 5167 2705 5230 Graecos
2745 5185 2899 5230 usos
2942 5162 3146 5229 fuisse
3193 5161 3488 5249 legitima
3530 5161 3756 5239 forma,
3789 5178 3946 5247 quam

4015 1765 4088 1810 aaa

4019 3321 4108 3368 fen

3969 3387 4113 3435 erffl

2445 5282 2653 5360 aliter,
2701 5300 2895 5367 quam
2966 5278 3277 5364 praefatus
3338 5278 3650 5364 explicet,
3696 5292 3943 5364 putarem
3974 5288 4109 5357 agenn

2447 5395 2921 5484 explicandam,
2996 5394 3145 5482 quia
3184 5414 3302 5479 per
3349 5394 3769 5481 siquam-lum
3796 5363 4108 5473 intel-5551

2448 5514 2594 5599 ligit
2630 5513 3110 5605 characterem;
3164 5510 3280 5577 sed
3320 5511 3629 5598 quamvis
3658 5511 3942 5576 character

2451 5630 2725 5716 intelligi
2773 5640 2995 5716 posset
3034 5626 3472 5714 appellatione
3507 5627 3841 5715 dynami,
3877 5641 3932 5687 et
