4255 6375
755 327 874 389 584
1930 332 2226 411 hlaiv,
2271 330 2876 395 ssumvmauu

737 490 910 584 batio
980 513 1106 558 non
1167 494 1456 580 procedit
1523 517 1604 561 ex
1676 495 2065 575 notioribus,
2134 496 2287 582 quia

2408 493 2656 585 prior,
2725 493 2882 565 nisi
2933 494 3316 567 voluntas
3382 494 3608 585 ejus;
3669 498 3878 568 tamen
3949 544 3992 579 a

738 608 947 693 magis
980 622 1201 675 notum
1236 624 1334 677 est
1386 614 1880 677 Sacramentum
1931 634 2057 678 non
2091 633 2294 698 posse
2407 607 2566 681 ista
2599 607 3009 680 institutio
3056 611 3180 681 est
3210 609 3731 691 rationabilis,
3756 618 3881 685 tum
3912 596 4028 655 hm,

735 721 977 803 iterari,
1025 746 1217 812 quam
1263 727 1433 815 quod
1467 729 1802 814 imprimat
1848 730 2295 795 characterem
2405 746 2505 796 ex
2553 724 2834 796 morbo
2877 727 3167 797 contra
3209 746 3446 817 quem
3487 727 3884 820 principali-

739 837 1175 922 indelebilcm,
1256 846 1445 932 cujus
1482 847 1932 932 probationem
1994 848 2099 912 hic
2142 846 2297 911 insi·

2411 845 2539 913 ter
2634 841 3099 915 instituitur
3187 842 3429 932 (istud
3521 846 3886 918 remedium

743 969 922 1037 nuat,
969 978 1116 1045 quae
1175 959 1241 1025 in
1274 960 1441 1027 dicta
1482 964 1845 1049 quaestione
1915 965 2127 1030 fusius
2178 965 2301 1029 erit
2411 960 2623 1031 enim
2663 958 3232 1052 principaliter
3276 960 3731 1033 instituitur
3762 983 3888 1033 con-

453 1128 659 1180 Veritas

745 1074 1117 1154 tractanda;
1158 1076 1399 1143 veritas
1435 1099 1667 1164 nempe
1699 1079 1781 1145 de
1808 1081 2139 1165 Baptismo
2175 1100 2300 1144 non
2414 1080 2546 1147 tra
2591 1075 2991 1166 originale
3027 1080 3359 1167 peccatu
3378 1097 3483 1156 m,
3550 1076 3736 1167 quod
3781 1097 3892 1147 non

461 1193 656 1239 deuon
749 1190 1042 1257 iterando
1076 1191 1196 1258 fuit
1244 1194 1629 1281 api-incipio
1673 1217 1812 1261 suae
1873 1196 2304 1262 institutionis
2416 1196 2540 1264 est
2579 1192 2738 1263 nisi
2810 1192 3164 1275 unicum,
3238 1213 3385 1265 nec
3464 1193 3738 1264 iterari
3798 1213 3891 1284 pa

440 1252 674 1305 iterando

400 1319 927 1387 Sacramentouota,
1010 1330 1203 1397 quam
1261 1311 1580 1397 colligunt
1658 1316 1880 1379 Patres
1940 1336 2019 1380 ex
2053 1313 2183 1379 illis
2227 1315 2305 1381 ad
2419 1310 2647 1397 test),
2723 1314 2895 1380 tum
2949 1328 3048 1380 ex
3117 1309 3274 1380 fine
3345 1308 3785 1401 principali,
3833 1310 3895 1381 ad

467 1378 656 1439 notior,

404 1456 555 1512 quam
617 1440 726 1490 dari
754 1428 1071 1513 Ephesios
1103 1433 1166 1494 4.
1220 1428 1399 1494 Unus
1433 1431 1622 1507 Deus,
1662 1452 1790 1497 uno
1837 1430 2056 1510 Fides,
2099 1454 2304 1498 unum
2419 1447 2656 1517 quem
2751 1431 2927 1507 est3
3021 1425 3261 1500 habet
3351 1428 3573 1499 enim
3652 1428 3895 1519 plenam

431 1509 696 1617 chi-235⁸·
750 1545 1119 1629 Bapcv‘sma,
1207 1557 1275 1610 ut
1345 1545 1719 1626 AnselmuS‚
1760 1550 1830 1612 D.
1870 1548 2157 1613 Thomas
2191 1549 2308 1613 ibi·

746 1659 918 1737 dem,
960 1663 1085 1725 Leo
1122 1662 1289 1745 Papa
1321 1665 1437 1727 37.
1483 1661 1561 1726 ad
1624 1666 1901 1728 Leonem
1947 1667 2200 1730 Raven.
2246 1679 2312 1733 et

747 1778 938 1861 epist.
976 1778 1087 1842 79.
1126 1775 1203 1841 ad
1247 1777 1566 1843 Nic-etam.
1605 1778 1989 1844 Ambrosius
2021 1779 2162 1845 loco
2222 1779 2310 1845 ci-

747 1904 878 1958 tato
933 1892 1249 1979 adjiciens
1322 1893 1481 1959 illud
1572 1895 1751 1961 Pauli
1830 1895 1908 1960 ad
1959 1896 2308 1962 Hebraeos:

745 2007 1152 2092 Impossibile
1190 2020 1283 2072 esc
1320 2030 1446 2087 eoa,
1496 2012 1613 2095 qui
1660 2012 1859 2075 semel
1940 2011 2317 2079 illuminati

744 2134 919 2202 sunt,
976 2136 1097 2190 etc.
1144 2126 1221 2190 Et
1277 2123 1596 2211 quidquid
1636 2126 1722 2195 sit
1772 2126 1851 2192 de
1883 2148 2078 2193 sensu
2148 2128 2318 2195 litte-

748 2239 866 2305 1'ali
915 2239 1508 2321 horumlocorum,
1573 2241 1802 2308 saltem
1875 2244 2138 2311 traditio
2207 2248 2313 2315 iila

748 2355 1063 2422 Ecclesiae
1123 2378 1239 2442 per
1321 2378 1583 2423 omnem
1633 2371 1892 2425 aetatem
1939 2364 2317 2429 continuata

751 2470 967 2557 viguit
1043 2472 1214 2538 circa
1273 2491 1404 2538 non
1452 2474 1818 2540 iterandum
1882 2477 2311 2562 Baptismum,

756 2600 826 2657 ut
858 2601 1032 2675 patet
1096 2614 1182 2656 cx
1233 2612 1485 2657 canone
1518 2595 1896 2675 Apostolico
1948 2599 2051 2660 16.
2143 2598 2320 2662 alias

475 2697 668 2826 2⁸92&
761 2712 865 2774 Π.
905 2720 969 2773 et
1035 2709 1479 2774 controversia
1523 2710 1829 2795 frequens
1883 2726 2103 2779 contra
2152 2715 2317 2780 anti-

758 2846 920 2911 quos
952 2823 1410 2909 Anabaptistas
1454 2825 1513 2890 id
1558 2829 1809 2911 probat,
1857 2848 2005 2913 quae
2048 2829 2320 2914 perinde

758 2960 885 3005 non
962 2940 1084 3006 ruit
1140 2939 1219 3006 de
1249 2942 1646 3022 charact-ere,
1692 2966 1851 3032 ergo
1903 2947 2043 3012 haec
2076 2947 2317 3012 veritas

752 3054 831 3121 de
908 3060 1322 3122 Sacramento
1366 3077 1494 3122 non
1530 3058 1821 3125 iterando
1874 3061 2088 3147 magis
2169 3076 2318 3127 nota

751 3185 869 3251 est,
917 3195 1111 3260 quam
1152 3175 1548 3242 characteris
1606 3179 1877 3244 ell‘cctus
1914 3202 1928 3258 ;
1974 3179 2147 3268 quod
2196 3180 2318 3246 hu-

766 3289 1007 3356 militer
1052 3291 1280 3376 probat
1316 3295 1545 3357 Doctor
1583 3294 1967 3360 auctoritate
2024 3297 2317 3383 Magistri

757 3408 824 3473 in
872 3405 1169 3471 Patribus
1205 3407 1661 3487 versatissimi,
1728 3412 1837 3497 qui
1872 3423 2085 3477 tamen
2131 3434 2319 3498 parce

771 3523 850 3589 de
897 3523 1265 3590 charactere
1314 3525 1626 3612 loquitur,
1687 3548 1814 3592 non
1886 3529 2094 3615 rejicit
2160 3551 2319 3617 ergo

762 3639 1079 3706 rationem
1115 3640 1433 3720 absolute,
1480 3642 1592 3708 sed
1632 3642 1786 3709 dicit
1815 3644 2318 3712 conclusionem

763 3779 910 3825 esse
943 3759 1452 3827 manifestiorem
1488 3762 1836 3847 principiO.

1350 4019 1433 4072 SC
1445 4019 1748 4075 HOLIUM.

841 4238 1087 4308 ReJecta
1119 4237 1358 4293 ratione
1386 4238 1655 4304 AlensiS,
1686 4242 1746 4293 et
1779 4238 1847 4295 D.
1880 4239 2093 4295 Thom.
2149 4238 2327 4296 docet

771 4338 1157 4408 Baptismum
1191 4351 1327 4392 esse
1361 4337 1797 4406 initerabilem,
1827 4339 1973 4410 quia
2028 4339 2111 4395 ita
2145 4340 2327 4396 Chri-

771 4440 901 4492 stus
934 4435 1227 4500 instituit,
1262 4436 1443 4506 cujus
1474 4436 1566 4490 rei
1601 4435 1849 4493 adducit
1880 4438 2324 4506 congruentias

769 4536 1055 4606 optimas,
1088 4535 1341 4591 probari
1374 4540 1568 4605 potest
1600 4551 1673 4590 ex
1705 4551 1835 4607 cap.
1879 4538 1933 4592 4.
1967 4536 2043 4592 ad
2093 4538 2315 4608 EpheS.

780 4636 959 4690 Unum
1054 4637 1347 4702 Baptisma
1441 4633 1784 4690 secundum
1871 4636 2322 4705 expositionem

772 4735 957 4790 Leon.
989 4749 1087 4805 ep.
1121 4733 1211 4789 35.
1245 4732 1321 4788 ad
1354 4735 1723 4804 Episcopum
1766 4736 2000 4791 Raven.
2061 4751 2114 4790 c.
2161 4737 2210 4790 1.
2244 4750 2318 4790 ex

771 4833 986 4891 Ambr.
1031 4833 1138 4889 lib.
1163 4837 1215 4889 2.
1252 4832 1327 4887 de
1357 4847 1519 4904 poen.
1544 4848 1596 4887 c.
1628 4835 1682 4887 2.
1717 4849 1790 4888 ex
1815 4832 2048 4889 Concil.
2110 4835 2325 4895 Nicen,

776 4949 850 4990 ex
882 4931 1047 4989 Trid.
1077 4947 1157 4989 ss‚
1190 4936 1246 4988 7.
1281 4931 1494 5005 can.]9.
1527 4930 1603 4986 de
1644 4933 1814 4988 Sacr.
1877 4935 1941 4990 in
1991 4948 2131 5002 gen.
2169 4935 2327 4989 Flor.

778 5032 912 5088 doc.
949 5034 1103 5102 Eug.

568 5284 623 5336 3.
875 5275 977 5364 (a)
1020 5271 1215 5344 Dico
1241 5289 1469 5361 ergo,
1508 5270 1711 5360 quod
1752 5269 1965 5341 ratio
2004 5269 2330 5341 initcra-

466 5349 762 5468 C⁰ssffi]⁰⁰⁰'
788 5388 1132 5461 bilitatis
1168 5385 1566 5478 Baptismi
1598 5388 1718 5457 est
1758 5385 2169 5458 institutio
2219 5386 2330 5456 di-

476 5489 479 5494 ·
527 5485 689 5535 quare

477 5506 1004 5600 sapum-vina,
1051 5505 1285 5596 cujtis
1352 5523 1510 5574 non
1560 5506 1682 5574 est
1754 5502 2026 5593 aliqua
2084 5522 2333 5574 causa
2446 5503 2634 5570 sunt
2676 5495 3032 5588 proferri
3067 5497 3318 5572 verba
3351 5485 3897 5571 consecrationis

2425 1544 2994 1617 remissionem
3059 1566 3306 1638 poenae
3388 1553 3471 1620 et
3534 1546 3785 1638 culpae.
3845 1547 3897 1619 Si

2424 1666 2696 1734 autem
2757 1666 3035 1753 posset
3122 1660 3369 1734 homo
3457 1662 3740 1733 habere
3793 1663 3904 1732 fre-

2427 1780 2770 1868 quenter
2863 1776 3112 1850 talem
3187 1777 3744 1849 remissionem
3795 1779 3903 1869 ple-

2426 1910 2615 1961 nam
2684 1890 2781 1960 ab
2874 1895 3245 1983 utroque,
3306 1897 3532 1965 esset
3603 1911 3904 1983 magnum

2431 2002 2925 2076 incentivum
2960 2005 3499 2097 delinquendi.
3542 2006 3732 2079 Illud
3752 2007 3907 2078 enim

2431 2122 2636 2213 quod
2668 2126 2793 2193 est
2868 2123 3339 2196 institutum
3416 2124 3499 2196 in
3549 2123 3908 2196 remedium

2435 2235 2996 2319 relabentium,
3085 2240 3365 2330 utpote
3476 2239 3905 2315 Paenitentia.

2430 2372 2592 2423 non
2631 2356 2756 2426 est
2799 2354 2972 2425 sine
3042 2373 3333 2445 magna
3387 2375 3624 2447 poena
3680 2355 3909 2426 solven-

2432 2469 2528 2540 da
2565 2488 2710 2560 pro
2763 2474 3119 2561 peccato.
3166 2473 3366 2541 Tum
3435 2472 3708 2551 tertio,
3777 2472 3906 2562 quia

2437 2606 2579 2677 per
2641 2586 2850 2657 istud
2919 2590 3572 2669 Sacramentum,
3636 2608 3795 2660 cum
3839 2588 3909 2657 sit

2437 2700 2923 2793 principium
2958 2705 3037 2774 et
3074 2702 3348 2793 Janua,
3409 2726 3562 2797 per
3598 2703 3907 2797 quamin-

2432 2821 2711 2891 tratur
2764 2820 2839 2890 in
2890 2820 3154 2910 legem
3225 2819 3790 2905 Christianam,
3830 2821 3912 2891 ad·

2435 2933 2826 3007 scribitur
2900 2934 3194 3027 aliquis
3248 2933 3589 3009 familiae
3649 2938 3906 3013 Christi,

2432 3056 2512 3124 et
2559 3051 2645 3125 tit
2699 3051 3151 3123 membrum
3210 3052 3389 3144 ejus
3450 3060 3536 3129 et
3606 3052 3908 3128 Ecclesiae

2435 3167 2891 3244 militantis.
2934 3169 3158 3244 Licet
3207 3175 3490 3246 autem
3525 3172 3793 3264 aliquis
3831 3170 3904 3241 in-

2432 3303 2764 3374 gressus
2810 3285 2890 3358 in
2958 3285 3423 3378 collegium,
3509 3289 3579 3360 si
3641 3287 3906 3359 offendat

2435 3405 2862 3492 postquam
2896 3399 3320 3492 ingressus
3393 3400 3669 3483 fuerit,
3721 3400 3907 3494 possit

2436 3515 2952 3588 reconciliari
3010 3521 3091 3590 et
3158 3517 3513 3609 collegio
3598 3525 3674 3592 et
3725 3515 3905 3609 capiti

2432 3633 2780 3725 collegii,
2815 3654 2976 3705 non
3017 3639 3292 3707 tamen
3362 3635 3806 3731 frequenter
3857 3635 3906 3705 in

2433 3751 2869 3840 collegium
2914 3751 3197 3825 intrat.

2524 3867 2634 3939 Ad
2696 3873 3272 3958 argumentum
3323 3869 3531 3952 dico,
3587 3869 3772 3961 quod
3812 3849 3958 3937 illa-³³

2441 3983 2798 4075 prolatio
2839 3983 3305 4068 verborum,
3350 3986 3641 4077 quibus
3675 3982 3907 4057 Eucha-

2437 4097 2675 4172 ristia
2709 4104 3268 4185 consecratur,
3301 4121 3465 4172 non
3506 4105 3629 4173 est
3701 4104 3909 4173 Sacra·

2440 4219 2823 4298 mentum,
2856 4216 2985 4287 sed
3019 4220 3143 4290 est
3175 4218 3687 4292 consecratio
3711 4233 3905 4288 sacra·

2440 4333 2859 4413 mentalis3
2907 4338 2986 4406 et
3032 4332 3220 4404 illud
3259 4354 3420 4407 non
3458 4336 3644 4407 licet
3683 4333 3784 4404 bis
3811 4331 3904 4400 ite-

2443 4467 2626 4520 rare
2680 4470 2924 4541 super
2965 4450 3326 4522 eamdem
3402 4446 3901 4524 materiam,rt

2441 4565 2505 4636 si
2543 4565 2886 4637 secundo
2930 4565 3406 4649 iteraretur,
3453 4568 3652 4642 nihil
3721 4562 3902 4637 fieret,

2443 4682 2627 4775 quia
2697 4682 2866 4774 jam
2956 4684 3180 4776 prius
3254 4684 3552 4758 factum
3616 4690 3764 4762 est;
3814 4679 3903 4750 illa

2439 4798 3143 4892 etiam‘perceptio
3179 4822 3337 4873 non
3370 4807 3498 4875 est
3532 4807 3905 4876 Sacramen-

2443 4920 2639 4992 tum.
2688 4923 2775 4991 ut
2841 4919 3147 5009 patebit
3181 4918 3555 4991 inferius.
3604 4918 3795 4991 Licet
3830 4929 3903 4982 cr·

2442 5053 2542 5124 go
2587 5034 2861 5105 eadem
2911 5053 3258 5125 persona.
3304 5038 3580 5126 posset
3630 5033 3904 5122 frequen-

2442 5156 2569 5225 ter
2657 5149 3291 5236 communicare,
3369 5152 3541 5223 sive
3632 5146 3903 5238 recipcre

2443 5265 3076 5348 Eucharistiam,
3167 5285 3330 5337 non
3401 5270 3666 5341 tamen
3733 5273 3902 5350 super

2441 5385 2804 5456 eamdem
2840 5385 3274 5456 materiam
3312 5385 3758 5476 frequenter
3785 5395 3879 5470 pos
