4255 6375
512 508 564 557 et
584 504 719 557 infre.

456 569 511 621 d.
542 568 617 623 13.
641 587 695 636 q.
734 569 780 620 1.

570 3751 624 3804 ⁴.

802 349 922 413 618

810 510 990 582 nire
1059 510 1602 598 fundamento,
1667 536 1909 608 quam
1975 516 2179 609 quod
2234 534 2360 586 ne·

808 628 1175 700 cessario
1246 635 1638 722 sequatur
1716 632 2005 724 ipsum,
2093 632 2361 722 posito

804 743 1184 825 termino,
1230 745 1415 837 quia
1474 746 1801 818 omnino
1867 766 2029 817 non
2092 749 2363 838 potest

802 859 1069 933 inesse
1137 861 1687 944 fundamento,
1735 864 2359 956 circumscripto

801 974 1179 1060 termino,
1250 977 1439 1068 quia
1479 982 1670 1050 tunc
1745 999 1906 1050 non
1965 984 2182 1054 esset
2243 1000 2360 1051 re·

803 1095 1158 1183 spectus,
1205 1092 1337 1164 sed
1379 1092 1643 1165 forma
1686 1094 2102 1176 absoluta;
2158 1114 2357 1187 ergo

801 1207 868 1280 si
919 1207 1216 1300 aliquis
1264 1213 1683 1301 respectus
1726 1212 1997 1302 potest
2053 1211 2355 1284 extrin-

807 1344 1038 1397 secus
1083 1324 1464 1396 advenire
1499 1326 2043 1410 fundamento,
2092 1328 2359 1419 sequi-

802 1440 939 1510 tur
991 1437 1195 1528 quod
1246 1455 1406 1511 non
1462 1439 1930 1511 necessario
1986 1440 2358 1531 sequitur

799 1552 1693 1636 fundamentum,etiam
1740 1553 2095 1629 termino
2141 1557 2348 1648 posi-

797 1674 1163 1761 to;ergo
1199 1670 1335 1742 ille
1379 1676 1796 1763 respectus
1856 1676 2122 1764 potest
2176 1694 2354 1745 esse

792 1778 1049 1858 novus
1114 1787 1445 1859 omnino
1480 1786 1650 1859 sine
1689 1788 2055 1862 novitate
2087 1788 2357 1861 funda·

790 1903 1041 1978 menti
1099 1903 1224 1975 vel
1304 1903 1679 1985 termini;
1752 1924 1938 1995 ergo
2013 1906 2106 1978 ad
2177 1907 2352 1998 ejus

788 2043 924 2088 esse
973 2039 1273 2092 novum
1329 2024 1596 2112 potest
1638 2041 1816 2092 esse
1860 2020 2135 2113 aliqua
2192 2045 2352 2094 mu-

794 2136 1030 2217 tatio,
1077 2136 1269 2228 quia
1324 2157 1483 2209 non
1526 2143 1650 2210 est
1721 2138 1812 2208 ad
1859 2138 2182 2231 aliquod
2231 2140 2356 2211 ab·

794 2253 1177 2324 solutum.
1226 2252 1430 2335 Quia
1491 2253 1558 2325 si
1607 2252 1836 2326 dicas
1890 2260 2350 2348 respectum

792 2366 1146 2458 aliquem
1183 2368 1275 2439 ad
1292 2368 1561 2440 venire
1622 2369 2140 2443 extrinsecus
2176 2371 2348 2441 sub·

781 2483 1029 2585 jecto,
1130 2503 1287 2556 non
1382 2489 1654 2560 tamen
1800 2483 2340 2566 fundamento.

792 2599 942 2673 hoc
1003 2599 1205 2673 nihil
1274 2604 1423 2685 est,
1490 2603 1677 2694 quia
1742 2603 2184 2678 relationes
2236 2605 2343 2677 in-

789 2716 1194 2800 trinsecae,
1267 2720 1549 2812 utpote
1621 2720 2094 2800 similitudo,
2170 2742 2343 2813 quae

788 2834 1318 2926 consequitur
1376 2835 1846 2918 albedinem,
1936 2841 2016 2911 et
2069 2836 2342 2930 huJus-

798 2949 1033 3033 modi,
1129 2954 1465 3044 possunt
1526 2954 2037 3027 extrinsecus
2115 2954 2342 3026 adve-

786 3066 964 3139 nire
1024 3066 1414 3159 subjecto,
1482 3069 1670 3161 quia
1730 3070 2338 3143 fundamentum

784 3183 874 3256 de
908 3205 1116 3257 novo
1159 3186 1526 3270 advenit;
1571 3208 1768 3280 ergo
1822 3189 1889 3260 si
1936 3189 2098 3261 illae
2152 3193 2338 3261 sunt

786 3301 1253 3376 intrinsecae
1285 3309 1366 3377 et
1408 3304 1591 3377 aliae
1633 3306 2142 3386 extrinsecae,
2178 3308 2339 3382 erit

782 3415 1236 3492 differentia
1282 3440 1557 3491 earum
1601 3420 1681 3493 in
1722 3423 2338 3513 comparatione

786 3534 879 3604 ad
915 3531 1549 3610 fundamentum.

878 3650 1311 3734 Praeterea,
1389 3673 1638 3745 agens
1717 3657 2093 3730 naturale
2174 3677 2331 3728 non

788 3768 1055 3857 potest
1098 3786 1344 3858 agere
1391 3770 1481 3842 de
1532 3791 1767 3853 novo,
1822 3771 1979 3844 nisi
2031 3773 2331 3865 aliquid

785 3887 1138 3975 ponatur
1176 3905 1501 3972 novum,
1535 3887 1661 3958 vel
1698 3888 1776 3960 in
1814 3890 2015 3981 ipso,
2071 3892 2199 3962 vel
2251 3893 2330 3962 in

778 4018 1048 4091 passe,
1125 4001 1247 4073 vel
1317 4001 1700 4076 habitudo
1768 4025 1966 4077 nova
2038 4028 2326 4080 eorum

774 4115 951 4202 (hoc
1014 4121 1382 4209 apparet,
1445 4120 1631 4211 quia
1706 4122 2077 4194 omnibus
2143 4123 2326 4200 istis

778 4229 1304 4307 uniformiter
1339 4256 1423 4307 se
1479 4236 1982 4322 habentibus,
2022 4240 2324 4313 unifor-

781 4348 932 4421 mis
1001 4351 1161 4425 erit
1248 4351 1490 4435 actio.
1563 4374 1747 4426 cum
1825 4355 1988 4428 tale
2077 4375 2323 4448 agens

775 4470 967 4556 agat
1005 4489 1102 4539 ex
1151 4471 1639 4545 necessitate
1679 4476 2079 4564 naturae);
2122 4493 2322 4566 ergo

775 4583 845 4653 si
915 4583 1236 4677 aliquod
1314 4605 1561 4677 agens
1629 4589 2005 4662 naturale
2084 4589 2323 4666 habet

772 4697 1127 4789 aliquam
1159 4701 1563 4774 actionem
1616 4724 1933 4789 novam,
1980 4707 2106 4776 vel
2162 4707 2323 4781 erit

772 4813 1043 4906 aliqua
1093 4814 1360 4889 forma
1409 4818 1787 4890 absoluta
1838 4823 2023 4892 ante
2075 4821 2318 4895 istam

774 4929 1181 5003 actionem
1269 4952 1551 5005 novam
1641 4935 1719 5007 in
1808 4940 2123 5028 agente,
2194 4940 2319 5011 vel

774 5046 937 5119 alia
994 5067 1203 5118 nova
1252 5047 1332 5120 in
1402 5071 1669 5142 passo,
1741 5053 1867 5124 vel
1936 5053 2318 5129 habitudo

769 5184 980 5236 nova
1020 5166 1337 5256 agentis
1397 5168 1490 5239 ad
1554 5188 1906 5260 passum.
1975 5172 2121 5246 Sed
2175 5193 2316 5247 nec

772 5282 1152 5375 primum,
1198 5303 1341 5356 nec
1395 5286 1828 5358 secundum
1878 5293 2002 5361 est
2059 5309 2317 5362 neces-

769 5399 1106 5474 sarium.
1154 5402 1432 5474 Potest
1466 5402 1680 5474 enim
1732 5404 1941 5494 ignis
1973 5406 2065 5478 de
2105 5426 2316 5479 novo

769 5535 1013 5608 agere
1057 5514 1135 5587 in
1174 5516 1513 5608 lignum,
1568 5518 1866 5611 absque
1919 5520 2066 5594 hoc
2112 5524 2316 5615 quod

2003 357 2151 420 LIB.
2182 357 2284 420 w.
2315 354 2911 423 SENTENTIARUM

2481 516 2928 592 anteistam
2978 524 3395 595 actionem
3435 526 3643 615 ignis
3685 531 3945 623 recipiat

2475 650 2769 702 novam
2815 632 3192 718 formam,
3258 639 3381 710 vel
3458 639 3765 730 lignum,
3818 648 3950 736 quia

2479 748 2742 838 prima
2802 744 3068 823 forma
3117 752 3521 837 absoluta,
3560 777 3774 847 quam
3812 765 3951 834 reci·

2480 863 2595 956 pit
2671 864 3014 956 lignum,
3087 873 3210 940 est
3294 890 3442 962 per
3503 876 3733 945 istam
3811 878 3950 950 acti-

2476 999 2750 1063 onem;
2796 1002 2994 1074 ergo
3063 987 3187 1057 est
3229 1005 3442 1058 nova
3490 987 3834 1062 habitudo
3868 994 3951 1084 ig·

2473 1094 2610 1167 nis
2670 1098 2765 1168 ad
2810 1098 3120 1188 lignum
3171 1100 3472 1194 absque
3529 1109 3736 1181 omni
3785 1115 3951 1185 novi-

2474 1212 2640 1284 tate
2729 1209 3015 1286 formae
3076 1216 3498 1293 absolutae.
3577 1223 3732 1296 Hoc
3791 1234 3953 1318 patet

2470 1328 3260 1419 experimentaliter,
3335 1339 3522 1428 quia
3587 1341 3828 1414 activo
3866 1366 3950 1415 eo-

2468 1442 2642 1514 dem
2708 1447 2940 1519 modo
3002 1469 3087 1520 se
3146 1450 3517 1539 habente,
3593 1459 3950 1532 secundum

2472 1561 2918 1648 potentiam
2972 1565 3355 1655 activam,
3405 1577 3486 1645 et
3536 1573 3837 1663 passivo
3871 1598 3954 1645 se-

2467 1676 2812 1749 cundum
2865 1684 3313 1773 potentiam
3367 1689 3771 1779 passivam
3823 1714 3955 1784 pro

2465 1791 2798 1877 ximam,
2865 1793 2931 1866 si
2991 1796 3242 1874 fuerit
3299 1802 3630 1894 aliquod
3686 1805 4094 1899 impedi-Tm?

2467 1915 2825 1981 mentum
2901 1913 3479 2008 interpositum
3537 1922 3749 1994 inter
3813 1924 3951 2001 ista,
3992 1899 4095 2003 {aa}

2463 2042 2623 2094 non
2681 2032 2865 2117 aget
2925 2030 3139 2103 istud
3178 2052 3429 2125 agens
3491 2036 3571 2107 in
3640 2013 4095 2131 passum;32[‡

2462 2143 2736 2213 amoto
2781 2148 3053 2218 autem
3084 2151 3244 2222 isto
3278 2151 3836 2246 impedimento
3861 2134 4094 2243 velAdiT?

2464 2263 2910 2345 obstaculo,
2957 2274 3180 2358 aget;
3216 2291 3416 2364 ergo
3467 2280 3598 2346 est
3649 2277 3750 2348 ibi
3795 2268 4095 2365 novaffi

2459 2378 2839 2456 habitudo
2908 2388 3226 2476 agentis
3302 2392 3397 2463 ad
3460 2414 3784 2485 passum
3831 2395 3962 2466 sine.

2460 2518 2669 2570 nova
2701 2502 2970 2576 forma
3013 2506 3413 2582 absoluta.
3455 2515 3683 2588 Istud
3735 2515 3960 2606 proba·

2459 2619 2599 2688 tur
2677 2640 2781 2691 ex
2851 2622 3300 2699 intentione
3384 2629 3848 2724 Philosophi
3916 2639 3959 2699 εἰ.

2459 2736 2735 2822 physic.
2826 2740 3013 2830 quia
3093 2743 3286 2818 licet
3367 2755 3615 2838 neget
3705 2755 3959 2821 motum

2458 2880 2636 2932 esse
2690 2862 2764 2933 in
2820 2870 2927 2935 Ad
2963 2872 3252 2958 aliquid,
3302 2878 3552 2964 prout
3613 2875 3709 2947 ad
3755 2895 3959 2966 genus

2454 2980 2560 3044 Ad
2617 2983 2882 3071 aliquid
2924 2987 3334 3077 pertinent
3396 2991 3837 3065 relationes
3880 2992 3959 3063 in-

2456 3092 2859 3171 trinsecus
2905 3104 3445 3187 advenientes,
3535 3128 3704 3181 non
3767 3112 3962 3199 negat

2454 3217 2720 3286 tamen
2829 3222 3162 3304 motum,
3244 3225 3369 3318 vel
3467 3228 3960 3301 mutationem

2449 3351 2625 3402 esse
2705 3334 2782 3406 in
2841 3340 2946 3403 Ad
3002 3343 3268 3427 aliquid
3335 3342 3827 3417 intrinsecus
3865 3343 3958 3414 ad-

2447 3450 2802 3535 veniens,
2885 3454 3048 3528 imo
3133 3460 3525 3533 concedit.
3629 3460 3960 3535 Concedit

2447 3567 2661 3639 enim
2731 3570 2810 3641 in
2879 3591 3175 3662 genere
3241 3579 3353 3643 nbi
3427 3598 3614 3649 esse
3695 3585 3955 3652 motum

2453 3685 2805 3775 proprie,
2868 3694 2946 3762 et
2998 3694 3270 3764 tamen
3311 3696 3423 3761 ubi
3470 3715 3642 3767 non
3681 3701 3793 3768 est
3835 3695 3955 3766 nisi

2452 3808 2868 3894 respectus
2955 3806 3277 3899 quidam
3370 3814 3759 3906 corporis
3838 3814 3955 3885 cir-

2445 3921 3071 3997 cumscribentis
3113 3927 3207 3997 ad
3255 3927 3652 4012 locatum,
3705 3932 3823 4003 vel
3872 3930 3955 4001 lo·

2442 4036 2603 4110 cati
2637 4037 2732 4109 ad
2766 4058 3063 4133 corpus
3098 4042 3812 4120 circumscribens,

2887 4315 3535 4388 COMMENTARIUS.

2516 4599 2608 4682 (b)
2658 4604 2900 4663 Contra
2942 4603 3135 4677 istud,
3182 4610 3308 4668 etc.
3361 4607 3470 4669 Hic
3518 4619 3750 4688 posset
3774 4612 3942 4677 fusius
4027 4659 4050 4704 ὅ*

2440 4717 2698 4780 tractari
2741 4718 2846 4779 illa
2895 4722 3163 4799 quaestio
3209 4721 3295 4785 de
3339 4729 3633 4791 essentia
3687 4738 3750 4793 et
3789 4733 3944 4795 diffe-

2437 4837 2646 4896 rentia
2701 4836 3033 4898 relationis
3088 4838 3497 4903 extrinsecus
3542 4844 3942 4913 advenientis,

2434 4949 2554 5011 sed
2600 4950 2751 5027 quia
2794 4950 2925 5011 haec
2968 4968 3050 5012 ex
3092 4952 3391 5029 professo
3449 4963 3766 5023 tractatur
3805 4965 3945 5037 infra

2434 5068 2575 5128 disc.
2616 5066 2706 5126 13.
2741 5082 2876 5128 non
2921 5073 3023 5129 est
3050 5071 3258 5130 visum
3293 5071 3435 5150 jam
3483 5076 3828 5152 plurimum
3868 5078 3938 5138 in·

2431 5184 2718 5257 haerere;
2762 5190 2862 5245 est
2905 5185 3079 5246 enim
3109 5185 3567 5266 Philosophica
3608 5192 3933 5259 difficultas,

2433 5315 2630 5379 quam
2680 5316 2811 5361 non
2854 5301 3137 5365 libenter
3182 5304 3273 5366 rei
3317 5306 3734 5390 Theologicae
3776 5308 3936 5372 admi·

2431 5432 2610 5488 sce0,
2663 5417 2785 5478 nisi
2835 5434 2955 5495 per
3002 5435 3074 5481 se
3123 5423 3502 5487 necessaria
3549 5427 3632 5488 sit
3697 5426 3778 5488 ad
3822 5423 3931 5502 ejus

2433 5531 3068 5599 declarationem.1n
3120 5537 3244 5599 hac
3297 5545 3524 5604 autem
3571 5540 3926 5606 difficultate.
