4255 6375
680 361 787 421 104
1812 362 1957 428 LlB.
2016 360 2112 423 lV.
2162 362 2756 426 SENTEN'HARUM

661 544 798 605 ens,
870 572 878 587 .
925 524 1004 591 de
1054 547 1183 613 quo
1260 527 1367 593 hic
1414 524 1872 612 Philosophus,
1944 537 2045 591 est
2108 545 2227 591 ens
2350 524 2560 612 quid;
2623 536 2687 592 et
2737 547 2853 613 per
2895 526 3226 608 accidens,
3279 526 3365 593 ita
3396 527 3542 616 ejus
3573 525 3701 592 erit
3747 524 3887 591 defi·

684 640 854 728 quod
887 640 1204 708 dividitur
1259 642 1325 708 in
1386 642 1610 709 decem
1648 644 1918 723 Genera,
1956 655 2026 708 ut
2056 651 2231 726 patet
2347 642 2508 707 nitio
2555 641 2919 708 secundum
2970 642 3149 729 quid,
3218 655 3281 708 et
3376 663 3493 729 per
3560 641 3885 721 accidens3

406 757 585 870 Divis-11
606 834 659 869 se
686 777 768 823 ex
810 769 1015 824 textu.
1072 760 1203 823 Hoc
1240 768 1454 824 autem
1532 782 1617 824 ea:
1675 759 1788 824 lib.
1827 763 1889 823 5.
1937 759 2223 845 Metaph.
2344 757 2473 823 albi
2521 778 2677 823 vero
2744 757 3132 843 simpliciter
3200 771 3263 824 et
3296 779 3410 845 per
3449 779 3544 837 se,
3606 758 3723 823 sed
3776 777 3894 823 non

337 837 428 871 ens
461 837 536 933 ³2³1
690 884 789 939 est
844 884 1099 940 tantum
1159 895 1276 941 ens
1344 896 1457 962 per
1509 896 1604 954 se,
1659 894 1787 940 non
1828 895 1945 940 ens
1979 896 2093 961 ρει·
2123 896 2233 941 ac·
2346 873 2559 959 primo
2594 896 2609 952 ;
2660 874 3049 940 substantiae
3079 895 3236 941 vero
3269 874 3504 961 prim0,
3549 886 3617 939 et
3656 893 3770 959 ρει·
3805 894 3889 938 εε.

2436 991 2718 1078 Ideoque
2793 991 2859 1056 in
2915 993 3343 1079 sequentibus
3401 991 3511 1057 ubi
3547 989 3776 1056 definit
3804 1010 3899 1055 ac-

387 961 594 1074 gffivaeffi
685 991 934 1072 cidenS,
972 1004 1042 1058 ut
1100 1003 1276 1079 patet
1312 1014 1466 1080 cap.
1517 994 1596 1059 de
1648 994 1821 1059 Erite
1861 1005 2023 1059 text.
2059 1014 2226 1059 com.

2349 1108 2575 1175 cidens
2606 1109 2982 1196 copulatum
3017 1131 3146 1175 non
3198 1108 3429 1176 definit
3468 1108 3899 1196 compositum

339 1077 392 1122 εἴ
426 1072 658 1120 “ubsm'
692 1111 795 1174 13.
870 1107 981 1174 ubi
1059 1109 1272 1196 primo
1328 1109 1561 1175 dividit
1631 1129 1749 1175 ens
1825 1108 1890 1174 in
1952 1130 2065 1173 ens
2110 1130 2233 1194 per

375 2919 463 2970 An
471 2917 641 2983 egatio

409 2996 609 3032 manca.

429 3582 614 3632 Verum

421 3656 598 3693 sensus

350 3706 503 3756 Philo
511 3702 652 3768 sophi

367 3768 655 3832 completur

521 3845 550 3877 x

390 3907 443 3942 se
517 3891 642 3941 enti·

488 3969 567 4006 us,

426 1132 570 1185 tiam.

682 1247 774 1306 se,
810 1236 873 1293 et
922 1246 1036 1291 ens
1072 1247 1196 1311 per
1251 1226 1576 1304 accidenti,
1629 1246 1779 1291 mox
1831 1224 2061 1291 dividit
2118 1246 2234 1290 ens

681 1362 804 1428 per
841 1362 909 1406 se
950 1340 1015 1406 in
1084 1340 1309 1406 decem
1364 1341 1766 1429 CategoriaS.
1846 1343 2017 1427 Ergo
2075 1340 2233 1406 Phi-

691 1461 1007 1547 losophus
1039 1459 1316 1526 intendit
1345 1459 1451 1524 bic
1483 1458 1762 1523 inveniri
1784 1455 2232 1524 definitionem

686 1578 754 1643 in
801 1577 948 1643 aliis
1009 1598 1245 1644 novem
1312 1577 1698 1655 Generibus,
1756 1596 1907 1662 quae
1968 1575 2232 1662 quidem

693 1704 846 1760 sunt
875 1693 1232 1760 accidentia
1277 1693 1664 1780 inquantum
1743 1701 1895 1758 sunt
1933 1713 2046 1757 ens
2107 1714 2234 1777 per

687 1835 772 1893 se,
830 1833 959 1878 non
1036 1825 1253 1880 autem
1321 1809 1581 1878 definiri
1646 1809 2080 1897 compositum
2123 1831 2236 1897 ρει·

692 1928 1022 1997 accidens„

779 2048 914 2111 Hoc
970 2044 1164 2110 etiam
1227 2043 1645 2110 manifestum
1694 2054 1794 2109 est
1878 2063 1958 2109 ex
2014 2042 2236 2109 verbis

690 2183 840 2249 quae
905 2161 1167 2228 adducit
1197 2164 1516 2249 Vasquez,
1554 2159 1666 2226 sed
1701 2170 1999 2225 truncate
2032 2183 2047 2227 ε
2086 2160 2237 2224 Νοη

690 2281 870 2345 enim
915 2291 1009 2346 est
1053 2273 1337 2363 necesse,
1379 2290 1502 2345 etc.
1546 2278 1653 2344 ubi
1698 2276 2061 2364 dicit,quod
2105 2297 2238 2342 non

692 2398 906 2464 omnis
980 2396 1185 2463 oratio
1250 2396 1584 2483 explicans
1646 2414 1907 2474 nomen,
1961 2406 2071 2460 aut
2111 2394 2237 2479 ipsi

690 2512 1207 2600 correspondens
1243 2513 1329 2579 sit
1358 2511 1675 2599 definitio,
1728 2510 1839 2576 sed
1873 2509 2043 2597 quod
2101 2511 2235 2575 ali—

694 2653 848 2719 qua,
913 2629 1144 2716 supple
1201 2628 1626 2696 determinata
1683 2628 1913 2709 orati0,
1967 2639 2031 2693 et
2084 2628 2240 2714 quid

695 2730 1072 2835 requiritur,
1130 2766 1364 2833 nempe
1405 2756 1475 2813 ut
1523 2746 1609 2812 sit
1664 2745 1859 2812 unius
1912 2765 2040 2810 non
2086 2764 2241 2810 con-

697 2863 1082 2943 tinuatione,
1129 2874 1240 2928 aut
1267 2861 1708 2950 colligatione,
1744 2862 1859 2929 sed
1890 2862 2088 2928 unius
2127 2883 2243 2947 per

699 3002 770 3048 se
800 2980 1070 3059 scilicet,
1110 2978 1280 3046 unde
1310 2978 1687 3067 subjungit:
1725 2979 1858 3044 Sed
1894 2979 1956 3043 si
1993 2980 2243 3066 quoties

699 3098 953 3163 dieitur
991 3118 1216 3178 unum,
1247 3108 1370 3162 etc.
1442 3097 1550 3161 hic
1606 3093 1914 3162 terminat
1952 3098 2243 3181 Vasquez

701 3213 1072 3280 discursum
1173 3212 1577 3300 Philosophi,
1676 3232 1823 3278 nam
1918 3209 2245 3277 subsumit

704 3330 1188 3416 Philosophus:
1235 3329 1484 3395 ‘uniam
1551 3351 1702 3394 vero
1769 3329 2022 3394 dicitur
2075 3329 2244 3391 sicat

704 3469 840 3527 ena,
913 3469 1028 3513 ens
1073 3459 1292 3513 autem
1331 3447 1450 3511 hoc
1497 3446 1784 3532 aliquid,
1825 3446 1886 3510 id
1918 3455 2040 3524 est,
2086 3447 2244 3511 sub-

707 3566 1040 3647 stantiam,
1089 3564 1285 3631 aliad
1324 3585 1477 3629 vero
1529 3566 1989 3650 quantitatem,
2054 3563 2247 3628 aliie-:l

707 3685 1095 3770 qualitatem
1124 3682 1485 3768 siqnilicat,
1532 3694 1653 3747 etc.
1712 3680 1881 3767 quod
1935 3691 2034 3746 est
2073 3679 2244 3746 dicc-

707 3823 799 3882 re,
850 3799 1144 3867 definitio
1195 3819 1319 3865 non
1362 3811 1458 3864 est
1500 3798 1624 3864 nisi
1658 3800 1857 3863 unias
1882 3819 2004 3884 per
2049 3818 2138 3875 se,
2180 3819 2246 3860 a·

704 3941 861 3987 num
924 3939 1046 4004 per
1109 3939 1176 3982 se
1236 3915 1428 3982 toties
1468 3916 1731 3994 dicitur,
1770 3916 1937 3982 sicut
1979 3937 2092 3980 ens
2129 3937 2251 4001 per

699 4059 768 4103 se
788 4061 815 4117 ,·
847 4056 963 4103 ens
986 4048 1200 4102 autem
1222 4055 1342 4120 per
1361 4055 1448 4114 se,
1460 4034 1697 4100 ‹licit-ur
1727 4032 1809 4096 de
1828 4031 2239 4110 Substantia,

701 4153 783 4218 de
854 4153 1243 4228 Quantitate
1281 4163 1342 4216 et
1403 4151 1484 4217 de
1539 4150 1895 4225 Qualitate,
1978 4159 2103 4214 etc.
2176 4151 2251 4212 Et

699 4269 796 4336 sic
871 4267 1337 4354 correspondet
1367 4278 1584 4332 textus
1625 4265 1710 4343 ei,
1744 4262 1916 4351 quod
1968 4263 2033 4328 in
2067 4263 2248 4348 prin-

699 4387 869 4473 cipio
900 4385 1240 4472 praemittit
1287 4383 1368 4449 de
1415 4381 1741 4448 divisione
1788 4380 1948 4466 quid
1987 4391 2051 4445 et
2081 4380 2251 4445 entis

702 4523 817 4589 per
855 4522 927 4568 se
987 4499 1053 4565 in
1118 4499 1343 4566 decem
1403 4517 1670 4585 genera,
1714 4506 1785 4561 ut
1823 4494 2045 4581 probet
2092 4490 2251 4558 defi-

705 4620 1017 4687 nitionem
1050 4639 1178 4684 non
1211 4617 1607 4707 esse-‘solius
1660 4613 2070 4692 substantiae,
2137 4609 2247 4676 sed

703 4737 900 4803 etiam
957 4733 1233 4801 aliorum
1283 4753 1629 4819 generum,
1701 4731 1871 4797 sicut
1947 4728 2027 4795 de
2088 4727 2252 4813 ipsis

701 4853 941 4921 dicitur
998 4852 1160 4938 quid
1197 4863 1261 4917 et
1325 4872 1440 4916 ens
1491 4870 1614 4934 per
1640 4869 1728 4926 se,
1785 4859 1849 4912 et
1878 4844 2246 4912 concludit:

709 4975 1131 5058 Quapropter
1195 4969 1322 5035 erit
1415 4966 1554 5032 albi
1612 4965 1901 5030 hominis
1949 4962 2130 5027 ratio
2196 4973 2254 5026 et

701 5087 1030 5172 delinitae,
1086 5085 1224 5149 alio
1262 5104 1419 5150 vero
1472 5079 1687 5158 modO,
1734 5089 1794 5144 et
1839 5079 1979 5144 albi
2009 5089 2069 5144 et
2107 5077 2253 5142 sab-

701 5206 988 5284 stantice,
1061 5214 1185 5269 etc.
1268 5199 1332 5265 id
1387 5210 1510 5277 est,
1589 5194 1775 5263 aliter
1831 5193 1953 5263 erit
2016 5195 2253 5261 defini-

703 5323 794 5390 tio
850 5320 979 5388 albi
1046 5317 1361 5398 hominis,
1417 5315 1606 5384 aliter
1642 5313 1770 5382 albi
1829 5326 1894 5380 et
1952 5313 2251 5379 substan·
2285 5399 2299 5408 ·

704 5439 854 5518 tiae;
916 5435 1045 5505 albi
1094 5435 1407 5515 hominis,
1443 5433 1498 5500 si
1567 5443 1864 5500 sumatur
1914 5449 2028 5517 pro
2076 5447 2252 5495 com-

707 5555 943 5645 posito,
989 5552 1160 5623 sicut
1188 5564 1291 5621 est
1327 5572 1445 5621 ens
1504 5564 1570 5619 et
1625 5569 1829 5617 unum
1890 5545 2253 5616 secundum

2348 1227 2768 1306 accidentale,
2834 1225 2947 1292 sed
3015 1226 3295 1294 formam
3363 1228 3429 1293 in
3515 1227 3751 1293 ordine
3826 1225 3901 1293 ad

2349 1344 2759 1429 subjectum,
2813 1354 3122 1432 tanquam
3156 1344 3476 1424 additum,
3501 1344 3656 1432 quia
3686 1343 3783 1411 sic
3812 1342 3902 1408 di-

2348 1459 2437 1524 cit
2473 1472 2864 1546 conceptum
2918 1480 3119 1526 unum
3174 1481 3287 1546 per
3311 1481 3382 1526 se
3407 1482 3423 1538 ;
3451 1482 3531 1527 ex
3565 1481 3697 1548 quo
3734 1472 3906 1546 patet

2350 1573 2517 1643 male
2549 1576 2960 1662 interpretari
2995 1581 3318 1664 Vasquem
3359 1574 3518 1641 illud
3576 1577 3643 1641 2.
3692 1575 3905 1640 Poste·

2346 1693 2631 1774 riorum,
2678 1692 2849 1779 quod
2889 1691 3183 1760 definitio
3232 1693 3316 1759 sit
3365 1691 3562 1759 unius
3631 1713 3751 1779 per
3811 1712 3902 1769 se,

2350 1808 2521 1875 sicut
2552 1809 2862 1877 resolutio
2929 1810 3038 1876 illa
3096 1811 3240 1897 ejus
3290 1808 3645 1897 opponitur
3686 1807 3905 1873 Philo-

2352 1926 2586 2011 soph0,
2652 1936 2722 1992 ut
2789 1938 2966 2011 patet
3008 1948 3089 1992 ex
3121 1926 3337 1992 dictis.
3386 1924 3647 1992 Falsum
3714 1923 3910 1990 etiam

2352 2041 2631 2127 imponit
2696 2043 2975 2122 Doctori,
3050 2044 3162 2130 qui
3231 2041 3393 2108 nihil
3443 2041 3569 2108 tale
3602 2040 3795 2119 dixit,
3831 2051 3903 2106 ut

2354 2168 2530 2243 patet
2588 2179 2669 2223 ex
2721 2157 2994 2224 articulo
3027 2158 3239 2244 primo
3279 2171 3343 2224 et
3375 2157 3691 2224 secundo,
3743 2155 3913 2222 Illud

2352 2284 2568 2338 autem
2650 2272 2821 2359 quod
2886 2273 3043 2340 dicit
3113 2277 3622 2340 Sacramentum
3668 2272 3912 2337 habere

2353 2399 2741 2474 conceptum
2821 2410 3025 2456 unum
3065 2401 3129 2456 et
3189 2411 3303 2477 per
3361 2411 3455 2469 se,
3513 2410 3642 2455 non
3713 2388 3907 2455 infert

2354 2523 2500 2570 esse
2559 2525 2822 2592 quoque
2858 2506 3066 2592 primo
3123 2505 3487 2586 definibile,
3534 2506 3709 2572 sicut
3742 2505 3915 2572 sub-

2355 2620 2616 2701 stantia,
2682 2634 2750 2688 ut
2810 2634 2984 2708 patet
3032 2644 3112 2689 ex
3152 2622 3671 2700 conditionibus,
3746 2644 3912 2710 quas

2355 2738 2632 2804 articulo
2665 2738 2875 2824 primo
2934 2738 3210 2826 requirit
3267 2740 3347 2805 ad
3422 2739 3905 2807 definitionem.

2945 2952 3348 3011 SCHOLIUM.

2434 3137 2710 3209 Expliqat
2766 3139 3067 3211 quomodo
3115 3141 3395 3213 quinque
3425 3141 3742 3214 praedictae
3771 3158 3920 3201 con-

2359 3236 2625 3293 ditiones
2656 3239 2747 3293 rei
2809 3239 3153 3296 definibilis
3185 3242 3561 3298 conveniant
3618 3257 3733 3299 suo
3785 3258 3921 3299 mo-

2359 3336 2435 3394 do
2459 3337 2874 3406 sacramento,
2901 3339 3045 3395 licet
3075 3341 3141 3395 in
3175 3341 3382 3409 rigore
3413 3341 3752 3398 videantur
3781 3345 3920 3399 tan-

2357 3444 2491 3498 tum
2542 3440 2882 3496 convenire
2933 3440 3063 3495 enti
3116 3439 3294 3506 reali,
3326 3453 3404 3494 ex
3458 3439 3514 3495 5.
3577 3441 3717 3497 Met.
3764 3444 3914 3497 text.

2365 3541 2450 3597 14.
2484 3541 2543 3594 et
2569 3541 2621 3595 6.
2654 3539 2787 3592 Met.
2836 3539 2980 3592 text.
3011 3540 3072 3593 8.

2451 3743 2567 3814 Ι)ε
2646 3740 2993 3812 secundo
3048 3743 3143 3829 (c)
3190 3739 3622 3833 principali
3655 3742 3921 3814 viden-

2363 3859 2549 3929 dum
2610 3861 2735 3929 est
2775 3876 2916 3948 per
2994 3856 3381 3944 ordinem,
3446 3877 3547 3928 an
3591 3858 3920 3950 aliquod

2366 3976 2719 4048 istorum
2765 3972 3111 4067 quinque
3143 3974 3516 4048 excludat
3549 3996 3595 4044 a.
3635 3978 3923 4050 Sacra·

2368 4095 2637 4165 mento
2673 4090 2968 4163 babere
2999 4090 3547 4163 definitionem
3586 4094 3924 4186 proprie

2363 4208 2689 4280 dictam.
2743 4209 2845 4280 Et
2915 4209 3339 4279 secundum
3385 4207 3535 4280 hoc
3587 4209 3743 4282 iste
3805 4232 3924 4283 se-

2364 4326 2667 4397 cundus
2755 4323 3159 4397 articulus
3213 4323 3452 4397 habet
3500 4326 3860 4418 quinque
3902 4352 3918 4396 ε

2368 4441 2737 4515 Primum
2807 4460 2967 4512 non
3012 4440 3367 4532 impedit,
3408 4443 3614 4532 quod
3660 4448 3927 4515 osten-

2363 4558 2460 4629 do
2498 4577 2642 4649 per
2674 4555 3240 4628 conclusiones
3269 4555 3710 4628 ordinatas.
3753 4557 3922 4629 Pri-

2368 4693 2499 4745 ma
2556 4675 2679 4745 est
2742 4672 2933 4746 ista:
3019 4672 3412 4745 Possibile
3460 4678 3586 4747 est
3662 4676 3924 4747 Deum

2366 4790 2717 4881 aliquem
2750 4789 3125 4862 effectum
3171 4788 3651 4863 invisibilem
3700 4811 3923 4864 crea-

2370 4927 2455 4978 re
2491 4905 3036 4998 pertinentem
3056 4907 3149 4977 ad
3184 4905 3529 4978 salutem
3564 4905 3919 4980 hominis

2365 5021 2742 5096 viatoris.
2784 5023 3011 5095 Hanc
3044 5043 3205 5094 non
3250 5026 3575 5116 oportet
3627 5025 3921 5116 proba-

2370 5161 2482 5221 re,
2514 5139 2701 5231 quia
2732 5139 3142 5231 Theologo
3166 5144 3290 5213 est
3325 5137 3784 5224 manifesta,
3821 5162 3920 5213 ex

2369 5256 2736 5348 potentia,
2776 5252 3071 5328 divina..
