4255 6375
119 745 247 793 lum.

119 2330 244 2374 :atur

119 2405 176 2460 ²¹³.

136 2465 243 2515 eju·
252 2488 267 2501 .

1490 367 1689 430 ms'r.
1735 366 1839 429 vl.
1883 364 2247 442 QUAEsTlo
2288 365 2366 427 V.

374 758 651 821 Probari
706 764 926 835 potest
988 760 1322 838 exempIO,
1375 761 1560 823 verbi
1617 760 1852 839 gratia,

288 874 363 934 in
398 874 917 935 incantatoribus
960 871 1116 954 (quo
1159 874 1227 937 in
1270 876 1465 938 simili
1499 875 1703 937 utitur
1731 891 1853 936 no-

286 989 445 1047 ster
471 987 716 1046 Doctor
761 986 1009 1067 supra),
1058 986 1323 1065 quando
1357 1004 1516 1066 ergo
1555 987 1860 1066 indigent

284 1099 383 1164 ad
432 1099 976 1178 superstitionem
1037 1118 1250 1176 suam,
1311 1105 1377 1163 et
1417 1100 1502 1162 ad
1545 1101 1858 1164 effectum

284 1220 655 1291 intentum,
699 1214 782 1276 de
832 1232 963 1293 quo
1012 1234 1162 1279 cum
1222 1216 1516 1279 daemone
1575 1217 1853 1311 pepige-

287 1338 484 1406 runt,
531 1349 734 1412 opera
775 1334 1068 1406 alteriuS,
1122 1334 1416 1411 quamvis
1460 1334 1562 1393 hic
1605 1333 1859 1394 nesciat

288 1448 656 1522 intentum,
710 1445 965 1510 confert
995 1454 1214 1511 tamen
1259 1465 1533 1528 operam
1585 1448 1859 1525 petitam

296 1579 466 1623 cum
517 1565 1091 1627 observationibus
1174 1564 1255 1624 ab
1303 1563 1397 1625 eis
1440 1561 1854 1641 praescriptiS,

288 1687 569 1759 praestat
624 1680 786 1743 illud
833 1696 1000 1758 opus
1048 1697 1131 1742 ex
1190 1678 1541 1742 sufficienti
1595 1680 1861 1741 intenli-

294 1811 441 1857 one
496 1794 582 1855 ad
644 1794 956 1856 effectum
1023 1795 1512 1867 incantationiS‚
1575 1812 1654 1856 eo
1717 1795 1859 1873 ipso

295 1913 493 1992 quod
538 1914 848 1977 exhibeat
889 1931 1060 1993 opus
1106 1915 1301 1994 juxta
1344 1920 1637 1976 mentem
1697 1916 1864 1978 alte-

294 2030 466 2105 riuS,
519 2036 585 2089 et
627 2027 989 2090 observatis
1036 2029 1267 2090 ritibus
1313 2029 1725 2107 praescriptis.
1788 2030 1862 2091 Et

296 2159 433 2222 per
473 2142 601 2205 hoc
657 2143 1023 2219 explicatur
1071 2141 1250 2221 quod
1295 2145 1497 2205 habet
1524 2146 1585 2205 S.
1624 2147 1867 2207 Doctor

298 2263 377 2323 in
444 2267 574 2324 art.
622 2261 682 2323 8.
744 2262 1109 2338 quaestionis
1153 2261 1259 2322 64.
1341 2261 1452 2341 qui
1521 2263 1867 2339 negotium

308 2378 589 2441 facessit
676 2381 845 2457 patri
918 2381 1217 2458 vasquez
1298 2383 1707 2458 responsione
1781 2384 1870 2443 ad

302 2498 672 2558 secundum
750 2504 1252 2573 argumentum;
1318 2513 1470 2557 nam
1540 2497 1870 2557 sententia

307 2619 380 2679 S.
412 2615 676 2676 Thomae
706 2617 806 2674 est
834 2614 1030 2690 plana
1062 2628 1144 2673 ex
1174 2629 1472 2690 corpore,
1508 2614 1621 2676 ubi
1651 2613 1868 2692 requi-

304 2734 397 2796 rit
462 2732 900 2794 intentionem
974 2731 1271 2803 ministri,
1331 2734 1407 2791 ut
1475 2732 1874 2794 determinet

304 2849 747 2919 ablutionem,
795 2860 945 2925 quae
988 2845 1375 2908 indifferens
1427 2853 1526 2908 est
1566 2847 1652 2909 ad
1696 2848 1867 2908 mul-

308 2974 399 3039 ta,
451 2970 524 3027 ut
564 2964 941 3036 sanitatem,
1006 2962 1507 3024 mundationem
1563 2980 1873 3040 corpora-

306 3085 477 3155 lem,
523 3080 776 3157 ludum,
812 3084 879 3140 et
921 3078 1319 3156 hujusmodi.
1366 3082 1440 3143 Et
1482 3080 1619 3142 haec
1666 3082 1875 3141 inten-

310 3202 431 3274 tio,
479 3199 715 3278 inquit,
750 3197 1135 3276 exprimitur
1164 3215 1284 3276 per
1312 3199 1514 3260 verba
1553 3214 1698 3275 quae
1725 3200 1878 3259 sunt

314 3321 384 3378 ln
436 3307 915 3390 Sacramenti83
978 3323 1134 3393 puta
1192 3332 1342 3376 curu
1402 3314 1637 3378 dicitur
1683 3335 1698 3376 ε
1746 3317 1878 3390 qu

315 3441 375 3496 te
439 3433 695 3508 baptizo
766 3431 833 3491 in
890 3433 1148 3491 nomine
1204 3432 1441 3499 Patris,
1504 3434 1631 3490 etc.
1700 3426 1880 3505 quod

314 3552 407 3614 ita
448 3545 961 3626 intelligendum
1026 3549 1148 3620 est,
1222 3563 1357 3608 non
1429 3544 1610 3625 quod
1677 3544 1881 3605 verba

320 3663 957 3746 quomodocumque
1012 3662 1385 3743 significent
1444 3664 1881 3726 intentionem

320 3777 602 3842 ministri
658 3777 1010 3849 internam,
1068 3795 1213 3840 cum
1265 3777 1586 3840 denotent
1634 3784 1883 3839 tantum

321 3908 572 3972 actum,
650 3904 713 3959 et
772 3895 1257 3961 invocationem
1332 3895 1683 3971 Trinitatis,
1763 3896 1884 3958 sed

322 4014 675 4087 indirecte,
723 4003 1053 4092 quatenus
1086 4012 1362 4073 effectus
1394 4009 1667 4073 denotat
1695 4028 1881 4074 suam

329 4145 641 4204 causam;
693 4146 841 4190 nam
884 4129 1048 4189 sicut
1101 4127 1303 4189 verba
1348 4127 1633 4190 exterius
1662 4129 1883 4207 prola-

330 4262 419 4329 ta,
452 4255 667 4335 magis
716 4269 1031 4333 expresse
1064 4259 1130 4314 et
1162 4254 1593 4316 determinate
1637 4252 1883 4333 signifi-

330 4386 484 4445 cant
527 4382 842 4443 effectum
895 4380 1323 4451 sacramenti,
1369 4379 1547 4440 etad
1581 4379 1886 4441 eamdem

327 4488 917 4580 significationem‘
956 4498 1239 4560 limitant
1307 4502 1375 4560 et
1444 4495 1888 4560 determinant

329 4624 757 4696 ablutionem,
792 4638 937 4702 quae
967 4605 1049 4684 ex
1100 4630 1331 4686 natura
1378 4639 1497 4684 sua
1545 4626 1645 4683 est
1689 4619 1889 4682 indif-

330 4747 577 4820 ferens,
635 4750 725 4810 ita
767 4751 965 4811 etiam
1011 4747 1213 4810 verba
1259 4728 1480 4827 magis
1517 4749 1892 4825 exprimunt

333 4873 770 4935 intentionem
800 4872 1202 4943 interiorem,
1257 4886 1387 4950 qua
1435 4871 1731 4932 similiter
1770 4869 1890 4932 de-

334 4999 721 5060 terminatur
775 4997 1045 5072 ablutio,
1108 5012 1308 5077 quam
1367 5013 1508 5060 eam
1572 4998 1893 5074 exprimat

338 5121 582 5185 ablutio
629 5125 799 5202 ipsa,
850 5138 993 5202 quae
1038 5122 1239 5183 habet
1284 5123 1611 5185 rationem
1670 5121 1886 5184 deter-

341 5248 687 5312 minabilis.
750 5249 823 5311 Et
872 5247 938 5309 in
988 5249 1114 5311 hoc
1167 5263 1366 5325 passu
1409 5247 1667 5310 videtur
1700 5247 1891 5310 tacite

343 5388 690 5437 occurrere
736 5374 1031 5436 secundo
1091 5377 1484 5455 argumento
1545 5379 1609 5435 et
1673 5375 1891 5449 tertie,

345 5515 497 5561 nam
539 5498 907 5563 secundum
965 5482 1172 5580 tangit
1221 5500 1720 5580 perplexitatem
1781 5518 1896 5563 su-

340 5627 677 5706 scipientis
709 5630 1136 5709 Baptismum,
1177 5632 1290 5710 qui
1333 5631 1387 5692 si
1429 5627 1769 5708 dependet
1811 5632 1891 5693 ab

3406 361 3516 423 571

276 528 603 591 sitionem
655 527 923 590 alterius
975 525 1151 603 facit,
1192 530 1386 605 prout
1428 527 1571 606 ipse
1622 530 1855 605 postu·
1963 526 2332 588 intentione
2360 524 2660 596 ministri,
2691 524 2925 604 nequit
2969 525 3094 602 ipsi
3141 537 3292 586 esse
3337 532 3519 596 nota,

285 643 453 705 lans
501 643 803 707 intendit.

1969 657 2119 702 cum
2162 642 2247 702 sit
2295 642 2577 715 interna,
2621 656 2845 718 neque
2901 644 3388 718 consequenter
3440 654 3516 700 se

1964 757 2301 833 recepisse
2335 758 2852 818 Sacramentum.

2043 872 2146 933 Ad
2190 871 2368 950 quod
2410 872 2775 950 respondet
2821 873 3033 949 primo
3082 887 3165 933 ex
3206 870 3368 945 aliiS,
3405 874 3519 950 qui

1968 987 2196 1050 dicunt
2263 989 2502 1067 requiri
2567 991 3001 1052 intentionem
3050 988 3409 1050 mentalem
3451 989 3519 1048 in

1966 1103 2288 1177 ministrO,
2322 1120 2466 1183 quae
2493 1106 2547 1167 si
2578 1103 2747 1166 desit
2773 1105 2931 1166 nihil
2958 1103 3056 1178 fit;
3089 1104 3268 1166 hunc
3299 1109 3524 1165 tamen

1969 1216 2308 1280 defectum
2363 1219 2430 1280 in
2486 1223 2708 1297 pueris
2765 1220 3032 1297 supplet
3085 1216 3402 1291 ChristuS,
3454 1218 3522 1280 in

1968 1333 2206 1396 adultis
2264 1349 2381 1395 sua
2448 1332 2711 1396 devotio
2760 1339 2825 1395 et
2866 1332 3054 1395 fides.
3117 1334 3254 1394 Hoc
3307 1334 3531 1410 impu-

1966 1454 2153 1527 gnat,
2187 1450 2339 1528 quia
2369 1448 2522 1509 licet
2564 1450 2689 1511 hoc
2733 1446 3012 1509 sufficiat
3056 1447 3124 1508 in
3170 1445 3404 1508 ordine
3437 1445 3525 1508 ad

1972 1565 2277 1627 effectum
2300 1564 2808 1645 justificationiS‚
2842 1579 2975 1627 non
3007 1572 3229 1628 tamen
3258 1562 3344 1625 ad
3376 1563 3528 1626 effe·

1976 1690 2152 1743 ctum
2197 1682 2619 1755 characteris,
2672 1681 2784 1760 qui
2832 1697 2968 1742 non
3017 1678 3206 1742 datur
3253 1679 3377 1741 nisi
3412 1696 3531 1757 per

1975 1797 2512 1870 Sacramentum;
2585 1794 2804 1856 adhuc
2875 1811 3035 1875 ergo
3108 1798 3337 1856 manet
3420 1794 3530 1855 illa

1974 1910 2403 1988 perplexitas.
2463 1908 2845 1987 Respondet
2903 1923 3047 1969 cum
3110 1907 3273 1975 aliis,
3348 1904 3527 1985 quod

1973 2029 2275 2090 minister
2323 2026 2726 2088 sacramenti
2771 2030 2927 2104 agat
2975 2026 3042 2085 in
3093 2038 3382 2102 persona
3423 2029 3528 2084 to-

1979 2144 2103 2205 tius
2147 2142 2472 2213 Ecclesiae,
2506 2140 2696 2220 cujus
2728 2144 2830 2201 est
2872 2140 3171 2201 minister
3216 2160 3231 2200 :
3279 2142 3350 2198 In
3389 2153 3528 2199 ver-

1976 2261 2073 2320 bis
2153 2264 2369 2319 autem
2426 2274 2561 2334 quae
2620 2257 2905 2334 profert,
2978 2257 3375 2331 exprimitur
3436 2256 3533 2314 in-

1976 2379 2169 2440 tentio
2199 2375 2512 2447 Ecclesiae,
2540 2391 2680 2450 quae
2698 2374 2940 2449 sufficit
2968 2375 3057 2435 ad
3074 2373 3541 2450 perfectionem

1981 2493 2415 2562 sacramenti,
2471 2491 2600 2551 nisi
2638 2492 3044 2551 contrarium
3087 2490 3374 2550 exterius
3416 2502 3537 2547 ex-

1973 2612 2313 2688 primatur
2349 2624 2434 2669 em
2462 2612 2659 2685 parte
2705 2607 2989 2668 ministri
3023 2604 3125 2666 vel
3168 2605 3539 2680 recipientis

1982 2729 2511 2798 Sacramentum,
2546 2726 2673 2785 etc.

2064 2841 2219 2916 Quae
2247 2840 2450 2902 verba
2478 2842 2729 2902 nonita
2759 2839 3062 2901 absolute
3106 2835 3540 2915 intelligenda

1983 2966 2162 3036 sunt,
2197 2962 2382 3040 quasi
2426 2977 2544 3040 per
2581 2961 2788 3022 solam
2836 2960 3273 3036 prolationem
3302 2958 3547 3018 verbo*-

1984 3096 2132 3142 rum
2163 3080 2791 3159 quomodocumque
2818 3076 2950 3150 fiat,
2989 3081 3058 3137 et
3099 3092 3182 3137 ex
3225 3089 3543 3154 quocum-

1988 3212 2119 3276 que
2162 3197 2318 3272 fiue,
2358 3198 2701 3258 habeatur
2738 3195 3016 3257 intentio
3061 3193 3388 3264 Ecclesiae,
3433 3197 3547 3253 aut

1988 3318 2194 3395 ipsius
2224 3316 2521 3389 ministri,
2571 3328 2649 3374 eo
2681 3312 2876 3373 modo
2910 3327 3039 3388 quo
3072 3311 3426 3387 requiritur
3457 3307 3542 3369 ad

1991 3430 2470 3511 perficiendum
2564 3432 3084 3498 Sacramentum,
3173 3425 3295 3488 sed
3368 3425 3541 3504 quod

1992 3550 2315 3613 habeatur
2348 3546 2681 3610 sufficiens
2728 3544 3075 3616 certitud0,
3130 3560 3212 3605 ex
3263 3559 3392 3621 qua
3441 3558 3547 3603 su·

1992 3675 2280 3753 scipiens
2354 3675 2644 3752 deponat
2714 3670 3241 3749 perplexitatem,
3302 3672 3368 3729 et
3431 3681 3549 3726 co-

1991 3795 2274 3870 gnoscat
2300 3790 2789 3851 Sacramentum
2820 3801 3051 3847 verum
3078 3799 3152 3845 se
3182 3783 3545 3858 recepisse,

1994 3907 2148 3985 quia
2209 3907 2403 3967 aliam
2474 3900 2934 3966 certitudinem
2995 3902 3229 3977 nequit
3295 3898 3548 3959 habere

1995 4022 2077 4085 de
2122 4021 2490 4083 intentione
2553 4018 2853 4092 ministri,
2918 4023 2984 4079 et
3050 4015 3549 4077 Sacramentum

1993 4143 2318 4204 habeatur
2378 4144 2595 4201 ratum
2667 4151 2887 4197 coram
2970 4133 3312 4204 Ecclesia;
3361 4131 3543 4193 unde

1995 4257 2203 4330 addit,
2254 4257 2384 4316 nisi
2429 4256 2566 4331 ipse
2619 4253 2912 4313 minister
2968 4251 3259 4311 exterius
3300 4253 3550 4309 contra-

1995 4387 2174 4448 riam
2230 4382 2583 4459 exprimat,
2639 4379 2742 4440 vel
2792 4378 3107 4453 recipiens
3163 4378 3552 4435 Sacramen-

1995 4506 2160 4571 tum,
2244 4513 2513 4575 nempe,
2545 4498 2601 4557 si
2629 4494 2735 4556 ille
2771 4491 2943 4554 dicat
2972 4507 3044 4553 se
3076 4504 3210 4551 non
3240 4487 3550 4549 habuisse

1999 4625 2407 4688 voluntatem
2461 4618 2660 4683 dandi
2717 4620 3237 4689 Sacramentum,
3311 4617 3379 4674 et
3444 4612 3551 4673 hic

2001 4768 2136 4814 non
2163 4750 2451 4813 voluisse
2483 4746 2641 4809 illud
2674 4746 2995 4822 recipere,
3050 4733 3204 4820 quia
3231 4741 3360 4803 hoc
3401 4739 3554 4800 dato

1999 4894 2136 4939 non
2207 4875 2421 4938 solum
2461 4873 2530 4934 in
2579 4872 2797 4948 reipsa
2858 4871 3349 4931 Sacramentum
3422 4876 3558 4925 non

2003 4993 2415 5062 subsisteret,
2449 4987 2571 5050 sed
2600 5001 2822 5064 neque
2854 5002 2970 5063 pro
3001 4987 3141 5045 rato
3194 4982 3274 5043 ab
3323 4979 3553 5042 Eccle-

2002 5123 2095 5184 sia
2125 5121 2506 5188 haberetur,
2534 5118 2650 5176 aut
2673 5112 2901 5174 haberi
2933 5109 3232 5172 deberet.
3489 5184 3530 5192 ἢ

2085 5243 2278 5323 Quod
2349 5245 2402 5306 si
2461 5256 2620 5320 ergo
2679 5238 2955 5299 Sanctus
3012 5235 3293 5296 Thomas
3354 5229 3553 5292 vellet

2004 5392 2140 5438 non
2195 5368 2578 5449 dependere
2640 5366 3135 5428 Sacramentum
3193 5361 3274 5423 ab
3331 5360 3552 5422 inten-

2009 5503 2210 5577 tione,
2274 5500 2380 5560 vel
2448 5511 2646 5573 posse
2719 5491 3121 5555 existimaret
3188 5488 3549 5552 subsistere

2005 5630 2440 5692 intentionem
2469 5623 2804 5697 Ecclesiae,
2837 5618 2978 5682 sine
3010 5616 3143 5680 ulla
3185 5617 3579 5692 intentione,

3678 873 3756 926 10.

3729 5251 3811 5301 11.
