4255 6375
455 3317 511 3369 d.
544 3253 682 3429 ἕξ.
711 3316 744 3367 9

806 374 923 436 508

805 534 1173 627 cipiendo
1226 536 1322 610 ab
1375 557 1468 610 eo
1521 537 2031 630 Baptismum
2089 535 2346 608 flumi-

799 651 951 731 nis,
993 673 1135 746 per
1171 655 1684 747 Baptismum
1722 654 2101 736 flaminis,
2158 652 2345 746 quia

797 775 922 843 est
975 770 1054 842 in
1107 791 1298 843 casu
1355 772 1432 844 in
1478 794 1631 865 quo
1685 793 1846 844 non
1902 775 2169 865 potest
2215 771 2347 843 ha-

796 885 984 958 bere
1020 887 1530 970 ministrum;
1598 890 1665 962 si
1717 894 1987 962 autem
2045 889 2345 982 recipe-

800 1007 926 1077 ret
968 1004 1065 1077 ab
1133 1026 1226 1077 eo
1295 1007 1830 1099 Baptismum,
1895 1008 2344 1080 communi-

799 1124 1025 1194 caret
1112 1122 1263 1195 sibi
1351 1128 1640 1196 contra
1713 1125 2345 1217 prohibitionem

803 1238 1211 1321 Ecclesiae,
1274 1239 1354 1312 in
1389 1241 1700 1314 actibus
1762 1241 2115 1313 maxime
2170 1262 2348 1333 pro-

803 1353 1106 1427 bibitis.

891 1470 968 1544 Si
1014 1476 1285 1545 autem
1349 1474 1876 1566 baptizandus
1920 1475 2027 1548 sit
2064 1495 2348 1567 parvu-

799 1583 949 1666 lus,
997 1585 1295 1660 liabens
1330 1589 1758 1681 parvulum
1818 1589 2045 1663 debet
2096 1590 2351 1682 bapti-

799 1720 992 1773 zare
1033 1724 1240 1786 eum,
1281 1705 1541 1777 sinon
1579 1710 1844 1798 potest
1878 1706 2131 1779 alium
2184 1727 2347 1779 ma-

801 1819 925 1908 gis
987 1819 1358 1893 idoneum
1423 1822 1717 1896 habere
1777 1845 2018 1916 quam
2072 1825 2349 1916 praeci-

803 1956 1008 2018 sum,
1048 1939 1239 2030 quia
1282 1962 1464 2012 cum
1513 1940 1910 2034 praeciso(
1973 1945 2058 2015 ut
2119 1941 2347 2034 prius

801 2050 1101 2125 dictum
1143 2059 1514 2145 est)non
1549 2057 1737 2131 licet
1790 2056 1941 2128 sibi
1994 2077 2351 2129 commu-

800 2171 1080 2243 nicare
1129 2191 1274 2260 pro
1339 2172 1680 2265 parvulo
1732 2192 1903 2243 suo.
1957 2172 2157 2246 Etsi
2222 2194 2351 2266 po-

802 2291 1074 2369 natur,
1138 2287 1565 2362 habentem
1658 2290 2088 2381 parvulum
2174 2311 2351 2363 esse

803 2424 1193 2484 mancum,
1242 2425 1383 2476 nec
1418 2404 1717 2477 habere
1761 2405 1840 2477 in
1894 2406 2032 2479 illa
2095 2407 2352 2500 regio·

797 2540 895 2592 ne
939 2520 1283 2612 aliquem
1323 2511 1480 2593 nisi
1531 2523 1984 2615 praeoisum,
2025 2529 2352 2617 oportet

797 2636 1064 2711 dicere
1100 2643 1717 2731 consequenter,
1774 2640 1840 2712 si
1894 2642 2116 2715 nullo
2190 2664 2351 2713 mo-

796 2752 893 2825 do
927 2754 1691 2827 communicandum
1738 2760 1863 2830 est
1913 2779 2094 2830 oum
2156 2778 2351 2850 prae-

797 2867 966 2941 ciso
1028 2869 1107 2941 in
1178 2870 1323 2944 tali
1401 2874 1612 2953 actu,
1680 2872 1882 2965 quod
1958 2895 2101 2948 nec
2163 2879 2351 2949 tunc

794 2987 1048 3062 etiam
1089 2987 1314 3060 debet
1374 2988 1802 3081 parvulum
1847 3012 2080 3063 suum
2120 2994 2359 3068 offer-

799 3126 885 3178 re
931 3104 1272 3199 praeciso
1314 3106 1902 3200 baptizandum.

895 3226 1202 3296 Contra
1288 3223 1501 3306 illud,
1591 3225 1779 3316 quia
1857 3234 2351 3321 praeceptum

753 3355 765 3368 ·
803 3339 1257 3433 superioris
1296 3341 1471 3433 plus
1508 3342 1838 3434 obligat,
1876 3365 2115 3436 quam
2154 3366 2353 3438 prae-

802 3462 1125 3551 ceptum
1196 3459 1640 3542 inferioris,
1688 3482 1788 3533 ex
1852 3464 2351 3539 auctoritate

802 3574 1237 3667 Augustini
1292 3576 1818 3668 praeallegata
1865 3603 1879 3659 ;
1932 3580 2147 3652 Deus
2212 3600 2351 3653 au-

804 3700 965 3768 tem
1028 3693 1402 3786 praecipit
1455 3696 1964 3788 Baptismum
2017 3699 2346 3792 suscipi,

797 3831 940 3884 nec
974 3810 1548 3884 determinavit
1584 3832 1629 3883 a
1684 3812 1994 3904 quibus,
2046 3818 2352 3909 tempo-

799 3948 884 3998 re
934 3926 1449 4001 necessitatis
1496 3954 1509 4009 ;
1553 3930 1915 4003 Ecclesia
1977 3931 2350 4023 prohibet

797 4043 1402 4116 communicare
1437 4064 1620 4116 cum
1657 4046 1822 4127 illo,
1861 4067 2096 4138 quem
2154 4069 2349 4141 prae-

796 4158 1148 4239 scindit;
1221 4177 1422 4249 ergo
1499 4159 1758 4250 magis
1830 4161 2347 4236 obediendum

795 4278 923 4348 est
965 4280 1372 4367 praecepto
1457 4275 1727 4349 divino
1792 4298 2032 4369 quam
2085 4280 2352 4353 Eccle-

804 4390 944 4463 siae
989 4390 1064 4462 in
1101 4411 1292 4462 casu
1337 4391 1505 4464 illo.

892 4510 1331 4592 Praeterea,
1411 4510 1584 4602 plus
1643 4513 1968 4586 tenetur
2032 4535 2348 4587 excom-

799 4624 1259 4697 municatus
1303 4624 1569 4700 vitare
1611 4627 1891 4711 alium,
1933 4650 2170 4721 quam
2208 4631 2344 4704 ali-

795 4764 887 4816 us
944 4744 1211 4817 vitare
1252 4766 1460 4826 eum,
1531 4747 1717 4838 quia
1780 4746 1992 4820 istud
2053 4769 2344 4841 praece-

796 4856 1020 4953 ptum
1067 4862 1157 4934 de
1217 4863 1546 4936 vitando
1606 4864 2340 4947 excommunicato,

795 4997 957 5051 non
1001 4978 1450 5072 imponitur
1493 4980 1761 5064 alicui,
1807 4980 1966 5053 nisi
2004 4986 2347 5075 propter

795 5092 1086 5187 ipsum,
1127 5116 1269 5168 nec
1307 5095 1756 5188 imponitur
1790 5096 1939 5168 sibi
1972 5098 2129 5169 nisi
2167 5118 2348 5189 pro-

795 5216 978 5303 pter
1020 5232 1142 5297 se;
1190 5211 1321 5283 sed
1376 5210 1792 5302 praecis11S,
1839 5212 1962 5283 vel
2024 5234 2344 5286 excom-

799 5328 1283 5409 municatus,
1342 5328 1420 5399 in
1456 5348 1644 5401 casu
1700 5328 1867 5409 illo,
1920 5349 2080 5402 non
2134 5334 2347 5403 tene-

799 5447 940 5516 tur
972 5443 1237 5516 vitare
1270 5443 1544 5526 alium,
1593 5445 1756 5517 imo
1807 5446 2134 5518 tenetur
2184 5467 2343 5518 non

800 5561 1093 5634 vitare.
1132 5560 1213 5631 Si
1249 5559 1462 5630 enim
1514 5559 1705 5631 talis
1750 5560 2141 5651 praecisus
2198 5561 2343 5633 sci·

2103 375 2240 439 LlB.
2279 377 2379 439 lv,
2412 375 3005 442 SENTENTIARUM

2461 539 2587 608 ret
2659 535 3097 627 parvulum
3147 535 3506 627 aliquem
3562 554 3704 606 non
3741 534 3917 625 bapti-

2460 655 2731 724 zatum
2781 651 3062 725 statim
3140 651 3650 732 moriturum,
3701 657 3921 723 lenere-

2457 771 2598 840 tur
2669 768 3140 842 necessario
3190 787 3378 840 eum
3440 767 3828 859 baptizare,
3869 774 3921 842 et

2461 884 2575 958 ita
2614 906 2799 957 eum
2853 904 3010 956 non
3072 884 3338 958 vitare
3382 883 3465 954 in
3523 886 3696 955 actu
3744 884 3922 975 bapti-

2456 1003 2707 1074 zandi.
2770 1004 2941 1075 Hoc
2996 1002 3274 1094 probo,
3335 1002 3523 1094 quia
3580 1001 3644 1072 si
3700 1002 3922 1074 inveni-

2460 1124 2583 1192 ret
2635 1141 2818 1193 eum
2880 1119 3348 1212 expositum
3405 1118 3750 1210 periculo
3789 1119 3919 1192 vitae

2458 1237 2918 1331 corporalis
2966 1241 3306 1330 propter
3340 1237 3660 1316 samem.
3694 1240 3922 1309 tenere·

2458 1356 2598 1426 tur
2637 1375 2821 1427 eum
2873 1354 3342 1436 necessario
3378 1354 3669 1445 juvare
3704 1353 3782 1424 ad
3829 1353 3930 1424 sal-

2460 1472 2805 1544 vandum
2837 1472 3087 1545 vitam
3135 1472 3689 1564 corporalem;
3737 1472 3926 1562 magis

2462 1591 2732 1660 autem
2777 1592 3104 1662 tenetur
3142 1588 3485 1680 diligere
3536 1587 3768 1661 vitam
3806 1586 3928 1678 ejus

2462 1704 2979 1795 spiritualem
3015 1724 3254 1795 quam
3300 1703 3929 1797 corporalem;er-
4080 1710 4086 1892 a

2457 1839 2559 1911 go
2601 1820 2911 1913 quando
2965 1821 3353 1912 parvulus
3406 1819 3799 1912 expositus
3843 1825 3927 1890 est

2465 1938 2824 2029 periculo
2875 1938 3063 2012 vitae
3131 1937 3615 2030 spiritualis,
3676 1939 3928 2008 tenetur

2463 2058 2597 2129 ille
2642 2057 2791 2130 sibi
2834 2058 3212 2130 conferre
3249 2056 3688 2130 remedium
3733 2075 3931 2126 neces-

2461 2175 2775 2248 sarium
2840 2176 2933 2248 ad
2985 2174 3242 2248 vitam
3294 2172 3934 2266 spiritualem5er·

2463 2310 2565 2379 go
2616 2290 2868 2362 multo
2910 2291 3171 2382 magis
3214 2289 3423 2362 alius
3465 2309 3626 2361 non
3683 2291 3931 2361 tenetur

2462 2407 2728 2481 vitare
2850 2407 3241 2489 eumdem,
3341 2403 3930 2479 communicando

2462 2543 2643 2597 cum
2676 2543 2771 2594 eo
2817 2522 2896 2593 in
2930 2521 3076 2595 tali
3126 2530 3338 2596 actu.

2556 2643 2654 2713 Et
2700 2660 2843 2732 per
2876 2639 3025 2712 hoc
3059 2643 3407 2732 apparet
3459 2638 3555 2710 ad
3612 2638 3935 2710 rationem

2469 2779 2613 2850 pro
2687 2758 3031 2830 secundo
3116 2757 3349 2829 modo
3421 2755 3741 2836 dicendi,
3812 2773 3936 2845 quae

2466 2874 2828 2967 procedit
2850 2896 2951 2947 ex
2982 2879 3387 2967 praecepto
3426 2872 3810 2945 Ecclesiae.
3834 2868 3939 2940 Illa

2465 2991 2678 3064 enim
2745 2990 3187 3084 prohibitio
3256 2989 3817 3063 universaliter
3867 2987 3942 3057 in-

2459 3111 2897 3203 telligitur,
2947 3111 3260 3203 quando
3306 3114 3790 3204 praeceptum
3832 3125 3944 3177 ma·

2456 3223 2670 3317 joris
2741 3249 2898 3300 non
2972 3226 3278 3318 obligat
3350 3228 3444 3298 ad
3493 3226 3943 3300 contrarium

2466 3348 2993 3437 praeceptum,
3061 3349 3200 3418 aut
3244 3343 3447 3433 legis
3512 3345 3829 3421 naturae,
3881 3344 3934 3410 et

2467 3466 2965 3554 praeceptum
3070 3460 3654 3554 Evangelicum
3742 3457 3941 3548 majus

2464 3580 2587 3650 est
2624 3580 3035 3669 praecepto
3072 3576 3455 3650 Ecclesiae
3489 3579 3813 3649 tantum.

2558 3694 2709 3766 Ubi
2742 3714 2942 3788 orgo
2979 3699 3480 3788 praeceptum
3536 3692 3732 3785 legis
3773 3691 3942 3762 natu-

2467 3832 2577 3884 1·ae
2614 3810 2920 3903 obligat
2964 3811 3079 3885 sic
3117 3812 3213 3883 ad
3255 3812 3722 3884 salvandum
3751 3807 3939 3879 vitam

2467 3928 2821 4022 proximi
2921 3929 3466 4022 corporalem,
3565 3933 3646 4002 et
3742 3924 3938 3999 multo

2461 4044 2723 4135 magis
2767 4043 3282 4137 spiritualem
3308 4072 3328 4130 ‚-
3372 4047 3450 4116 et
3516 4044 3940 4137 praeceptum

2458 4157 2816 4231 divinum
2894 4158 2985 4230 de
3046 4157 3537 4230 conferendo
3607 4162 3684 4231 et
3748 4149 3937 4225 susci·

2462 4274 2745 4365 piendo
2789 4275 3301 4367 Baptismum
3347 4273 3610 4365 magis
3654 4268 3941 4345 obedien·

2460 4390 2647 4462 dum
2773 4395 2898 4465 est
3002 4396 3413 4484 praecepto
3525 4383 3936 4483 superioris.

2458 4527 2699 4599 quam
2731 4506 3106 4581 vitandus
3154 4509 3279 4580 est
3320 4507 3621 4599 aliquis
3656 4508 3731 4579 in
3790 4498 3940 4574 acti-

2456 4620 2600 4693 bus
2658 4622 2841 4695 istis
2888 4627 3226 4715 propter
3311 4628 3797 4717 praeceptum
3841 4617 3940 4687 Ec·

2459 4740 2728 4813 clesiae
2836 4740 3102 4832 ipsum
3225 4740 3591 4815 vitantis,
3714 4734 3939 4812 Nullus

2458 4859 2671 4931 enim
2708 4858 2950 4952 judex
2993 4858 3073 4931 in
3119 4858 3511 4943 Ecclesia,
3557 4858 3681 4931 vel
3762 4850 3936 4944 legis-

2457 4977 2678 5049 lator
2754 4975 3448 5068 interpretaretur
3516 4974 3937 5069 praeceptum

2460 5114 2697 5167 suum
2739 5114 2917 5165 esse
2976 5093 3457 5165 servandum
3498 5092 3576 5164 in
3617 5113 3708 5164 eo
3768 5104 3931 5163 casu.

2459 5212 2541 5285 in
2606 5232 2760 5304 quo
2795 5213 3131 5301 urgeret
3172 5213 3465 5283 contra
3509 5210 3935 5302 praeceptum

2458 5327 2660 5419 legis
2696 5329 3038 5411 naturae,
3081 5325 3210 5396 vel
3241 5324 3626 5397 divinum,

2544 5445 2828 5518 Potest
2860 5458 3059 5532 ergo
3099 5448 3494 5534 quantum
3527 5444 3632 5530 (c)
3666 5441 3751 5513 ad
3785 5431 3927 5510 arti·
3967 5456 4085 5530 ma

2454 5559 2727 5634 culum
2765 5559 3013 5631 istum
3056 5557 3318 5632 teneri
3369 5559 3763 5633 sententia
3811 5569 3925 5625 me·
3960 5536 4081 5586 μ’
