4255 6375
1377 399 1820 464 Dls'rlNc'rlo
1907 400 1981 460 V.
3253 403 3371 465 499

187 564 396 636 enim
453 564 745 655 cuique
778 564 1159 656 prodesse
1225 566 1490 654 potest
1583 563 1726 632 Ba·
1843 559 2101 650 igitur
2194 561 2687 633 non‘modo
2780 561 2989 642 boni,
3092 563 3223 635 sed
3309 567 3392 634 et

191 679 559 771 ptismus,
695 679 826 752 ubi
942 684 1212 771 potest
1340 679 1726 770 prodesse
1844 679 2035 750 mali
2129 679 2681 754 ministerium
2734 679 3215 771 baptizandi,
3264 681 3397 752 sed

188 797 724 887 eleemosyna,
773 795 1086 869 scilicet
1144 797 1223 867 in
1285 794 1727 867 Ecclesia.»
1844 796 2114 868 neutri
2286 801 2780 888 potestatem
2957 796 3391 888 Baptismi.

130 1004 143 1016 ·
194 916 394 986 Item
462 913 826 984 Isidorus
886 938 898 980 :
960 942 987 975 ι
1049 914 1466 984 Romanus
1531 911 1733 982 Pon·
1851 937 1878 970 α
1928 907 2481 983 Ministerium
2516 911 2732 982 enim
2764 910 2971 982 dedit
3017 910 3395 984 Christus

130 1023 161 1037 ‘'
195 1025 391 1102 tifex
462 1048 625 1100 non
710 1027 1121 1102 hominem
1221 1028 1557 1119 judicat,
1598 1024 1732 1117 qui
1849 1024 2136 1108 servis,
2220 1027 2353 1098 sed
2422 1031 2915 1118 potestatem
2977 1027 3125 1099 sibi
3192 1027 3394 1101 reti-

197 1146 572 1239 baptizat,
636 1147 770 1220 sed
842 1146 1245 1239 Spiritum
1323 1144 1469 1217 Dei
1555 1142 1733 1214 sub-
1845 1139 2048 1223 nuit,
2096 1159 2342 1232 quam
2391 1142 2459 1213 si
2522 1142 2792 1223 vellet,
2854 1147 3181 1234 poterat
3226 1164 3396 1214 ser-

200 1264 669 1359 ministrare
730 1265 1087 1355 gratiam
1157 1260 1583 1353 Baptismi,
1645 1258 1735 1329 li·
1844 1255 1970 1329 vis
2020 1256 2240 1340 dare,
2310 1262 2399 1330 ut
2475 1277 2790 1347 servus,
2830 1258 3063 1331 daret
3130 1258 3400 1351 Bapti-

197 1386 320 1454 cet
367 1400 724 1473 paganus
787 1381 895 1454 sit
936 1379 1069 1472 qui
1149 1376 1595 1470 baptizat.»
1647 1377 1737 1447 ln
1851 1394 2116 1445 smum
2186 1393 2423 1445 suum
2502 1379 2888 1467 tanquam
2962 1376 3130 1448 vice
3224 1395 3394 1446 sua.

201 1495 332 1567 his
385 1497 803 1589 perspicue
863 1495 1162 1577 cernis,
1227 1493 1737 1587 Baptismum
1851 1493 1951 1565 Et
2023 1495 2513 1583 potestatem
2597 1513 2829 1565 suam
2897 1491 3399 1566 constituere

200 1631 480 1683 verum
522 1611 751 1684 bonis
783 1618 863 1685 et
910 1610 1146 1685 malis
1195 1608 1373 1682 dari
1420 1628 1467 1680 a
1512 1607 1738 1679 bonis
1855 1612 2181 1700 poterat
2227 1609 2304 1679 in
2346 1608 2647 1700 aliqu0,
2714 1608 2833 1680 vel
2877 1608 2957 1680 in
2992 1609 3392 1701 aliquibus
3426 1631 3729 1745 DJubium4.

199 1733 355 1801 eta
397 1727 672 1809 malis;
714 1733 794 1802 et
845 1728 1113 1821 ipsum
1173 1732 1449 1801 tamen
1517 1745 1742 1815 aeque
1854 1725 2113 1796 servis
2185 1725 2378 1806 suis,
2447 1730 2533 1799 ut
2574 1728 2805 1799 tanta
2872 1726 2996 1797 vis
3055 1730 3269 1799 esset
3313 1726 3396 1798 in
3468 1697 3580 1771 ‘¹⁶⁹¹'
3606 1695 3687 1747 ¹⁷

205 1851 571 1920 sanctum
676 1865 879 1930 esse,
994 1851 1075 1920 et
1172 1864 1461 1916 munus
1566 1841 1742 1936 ejus
1858 1841 2282 1933 Baptismo
2369 1842 2612 1927 servi,
2711 1848 3013 1934 quanta
3107 1849 3230 1917 est
3318 1845 3401 1916 in

206 1963 507 2053 aequale
543 1963 624 2035 in
665 1961 920 2044 bonis,
958 1961 1128 2034 sive
1174 1960 1512 2042 abonis,
1577 1958 1746 2031 sive
1860 1959 2282 2051 Baptismo
2342 1959 2710 2042 Domini;
2778 1960 2912 2032 sed
2979 1962 3267 2042 noluit,
3304 1982 3404 2032 ne

204 2081 518 2154 amalis
554 2079 1095 2172 baptizentur.
1864 2095 2150 2148 servus
2237 2077 2317 2148 in
2398 2097 2635 2149 servo
2722 2097 2945 2170 spem
3040 2082 3401 2170 poneret.

1862 2193 2237 2284 Baptizat
2290 2215 2573 2266 servus
2648 2200 2738 2268 ut
2802 2194 3203 2277 minister,
3284 2193 3412 2264 ba-

1867 2310 2121 2402 ptizat
2174 2312 2569 2383 Dominus
2608 2318 2991 2404 tanquam
3066 2316 3414 2404 potesta-

1867 2430 2032 2499 tem
2107 2426 2434 2509 habens,
2501 2447 2745 2520 quam
2805 2429 2875 2500 si
2968 2429 3199 2502 daret
3251 2448 3414 2500 ser-

293 2549 498 2631 Quia
572 2547 1119 2622 ministerium
1199 2550 1518 2619 tantum
1615 2545 1755 2616 ha·-
1867 2541 2018 2624 viS,
2058 2547 2143 2615 ut
2194 2541 2507 2616 scilicet
2567 2542 2937 2635 ipsorum
2969 2547 3185 2616 esset
3210 2542 3416 2634 quod

130 2643 418 2752 {1bent,
504 2686 664 2737 non
736 2665 1229 2756 potestatem
1306 2661 1750 2754 Baptismi;
1869 2658 2199 2731 Domini
2264 2665 2471 2739 erat,
2516 2664 2642 2733 tot
2707 2665 2980 2733 essent
3011 2658 3413 2752 Baptismi

131 2772 176 2815 ²²·
220 2786 700 2874 potestatem
798 2779 1015 2853 enim
1103 2779 1255 2851 sibi
1363 2777 1757 2852 Dominus
1872 2780 2069 2865 quot
2165 2777 2405 2856 servi,
2472 2779 2559 2848 ut
2658 2777 2866 2850 sicut
2944 2776 3205 2849 dictus
3290 2778 3417 2846 est

130 2930 178 3004 51,-
217 2896 573 2972 retinuit.
612 2896 830 2978 Quod
881 2895 1106 2967 novit
1158 2897 1537 2977 JoanneS,
1574 2913 1757 2965 cum
1876 2891 2348 2983 Baptismus
2410 2895 2775 2976 Joannis,
2841 2894 2956 2966 sic
3006 2893 3417 2966 diceretur

130 3056 180 3126 is
215 3014 412 3087 vidit
519 3016 884 3082 columbam
965 3014 1464 3080 descendentem
1564 3035 1762 3098 snper
1873 3008 2345 3101 Baptismus
2412 3013 2630 3085 Petri
2697 3012 2823 3085 vel
2896 3011 3148 3084 Pauli.
3197 3008 3417 3093 Quod
3448 3059 3670 3111 Dubium
3698 3060 3751 3109 5.

221 3135 581 3201 Christum.
637 3129 858 3202 Unde
901 3130 1444 3220 Augustinus:
1497 3128 1762 3210 «Quid
1878 3148 1975 3201 ne
2069 3129 2326 3211 fieret,
2402 3130 2660 3205 tenuit
2766 3130 2917 3203 sibi
3019 3129 3414 3204 Dominus

291 2322 387 2386 De
419 2329 735 2407 potestate
775 2318 1109 2404 Baptismi
1157 2328 1217 2382 et
1257 2316 1655 2382 ministerio.

133 3203 179 3254 3.

130 3303 139 3314 .
221 3252 558 3321 noverat
604 3250 960 3319 Joannes
1002 3248 1431 3339 Baptista?
1492 3247 1764 3318 Domi-

130 3333 190 3376 Μ
222 3387 437 3438 num.
492 3366 692 3448 Quid
741 3386 899 3436 non
939 3370 1346 3438 noverat?
1381 3378 1766 3453 potestatem

135 3458 186 3566 ‚h'
220 3484 599 3557 dominici
680 3483 1078 3575 Baptismi
1133 3482 1212 3554 in
1262 3481 1574 3552 nullum
1625 3481 1765 3552 ho-

227 3598 520 3670 minem
562 3618 606 3669 a
642 3597 987 3670 Domino
1022 3595 1595 3675 transituram,
1636 3594 1768 3665 sed

221 3718 667 3783 ministerium
711 3713 943 3805 plane
994 3698 1581 3793 transiturum;
1632 3731 1766 3804 po-

226 3837 608 3906 testatem
665 3850 711 3901 a
769 3829 1115 3902 Domino
1191 3830 1271 3901 in
1330 3829 1763 3908 neminem,

224 3949 352 4021 sed
418 3946 967 4020 ministerium
1035 3945 1116 4017 in
1177 3946 1432 4018 bonos
1465 3951 1544 4018 et
1607 3965 1769 4017 ma-

221 4068 370 4138 los.
409 4066 588 4135 Non
628 4061 1070 4135 exhorreat
1121 4061 1492 4133 columba
1533 4066 1771 4129 minis-

224 4186 464 4251 terium
530 4184 886 4261 bealorum,
962 4177 1356 4270 respiciat
1444 4177 1771 4251 Domini

228 4297 735 4387 potestatem.
778 4293 977 4375 Quid
1017 4291 1213 4366 facit
1247 4291 1353 4364 ibi
1399 4291 1775 4364 minister

1884 3251 2377 3341 potestatem
2438 3249 2864 3341 Baptismi,
2931 3249 3189 3321 servis
3280 3249 3420 3320 mi-

1878 3365 2318 3438 nisterium
2394 3365 2628 3439 dedit.
2695 3365 2776 3441 si
2835 3386 3033 3457 ergo
3134 3387 3419 3438 servus

1877 3481 2094 3565 dicit,
2148 3502 2232 3553 se
2263 3481 2710 3574 baptizare,
2750 3488 2971 3556 recte
3029 3482 3247 3564 dicit,
3290 3483 3423 3555 sed

1882 3599 2272 3688 tanquam
2369 3598 2746 3670 minister
2836 3598 3235 3691 baptizat;
3346 3580 3429 3670 et

1884 3711 2054 3783 ideo
2098 3733 2258 3784 non
2344 3714 2639 3795 differt,
2717 3715 2885 3786 sive
2962 3715 3217 3787 bonus
3260 3714 3429 3785 sive

1884 3827 2146 3899 malus
2186 3829 2567 3921 baptizet.
2636 3832 2822 3902 Inde
2889 3831 3140 3902 etiam
3191 3850 3427 3901 nemo

1881 3944 2097 4025 dicit,
2161 3949 2543 4034 Baptismus
2606 3971 2807 4028 mette,
2874 3965 3060 4020 cum
3155 3950 3428 4019 tamen
3455 3978 3583 4030 lbid.
3612 3978 3767 4028 etlib.

1880 4059 2097 4133 dicat
2201 4065 2642 4152 Evanqelium
2736 4086 2971 4145 meum,
3061 4066 3427 4152 prudentia
3480 4042 3746 4169 5·p{¹i}n¹,3{¹‘

1884 4199 2047 4257 mea,
2086 4176 2279 4250 licet
2318 4177 2487 4250 haec
2522 4178 2683 4252 sint
2716 4199 2762 4250 a
2789 4180 2980 4250 Deo.
3019 4181 3107 4249 In
3141 4180 3426 4270 quibus

3533 4171 3711 4237 contra

3479 4232 3738 4284 Donatist.

1885 4292 2341 4367 differentia
2412 4302 2587 4370 est:
2655 4296 2885 4369 Alius
2953 4297 3167 4369 enim
3265 4298 3428 4388 alio
3538 4290 3691 4343 <²¹4-

231 4411 516 4495 malus,
592 4409 723 4481 ubi
794 4408 1046 4480 bonus
1116 4412 1240 4480 est
1318 4407 1772 4479 Dominus?
1892 4412 2179 4484 melius
2223 4420 2616 4505 operatur
2664 4414 2743 4485 in
2776 4414 3426 4507 evangelizando,

230 4558 256 4592 «
318 4532 541 4617 Neque
605 4529 720 4615 qui
781 4528 1070 4614 plantat,
1133 4546 1339 4611 neque
1406 4528 1522 4611 qui
1597 4529 1778 4611 νέηαι

227 4661 315 4715 est
392 4646 681 4733 aliquid,
742 4645 859 4711 sed
926 4645 1041 4731 qui
1100 4645 1578 4709 incrementum
1632 4643 1772 4723 dat,

227 4768 422 4833 Deus.
483 4761 562 4835 si
618 4760 1012 4852 superbus
1068 4758 1319 4830 fuerit
1375 4756 1774 4837 minister,

233 4899 411 4951 cum
459 4875 777 4949 diabolo
837 4874 1395 4964 computatur,
1443 4873 1576 4944 sed
1618 4890 1778 4942 non

1442 4986 1774 5068 Christi,

235 4992 842 5067 contaminatur
983 4990 1280 5061 donum

242 5110 443 5204 quod
495 5129 638 5201 per
698 5108 926 5180 illum
995 5106 1170 5178 fluit
1237 5125 1530 5197 purum
1613 5106 1768 5175 est.

242 5231 393 5302 Per
507 5228 911 5321 lapideum
1005 5225 1373 5298 canalem

1482 5220 1783 5296 transit

244 5366 449 5438 aqua
499 5345 595 5417 ad
626 5344 951 5416 areolas
990 5369 1005 5423 ;
1055 5342 1135 5414 in
1167 5340 1429 5414 canali
1470 5339 1782 5432 lapideo

244 5462 445 5534 nihil
531 5466 998 5553 generatur,
1084 5459 1218 5531 sed
1273 5457 1563 5532 hortus
1616 5456 1785 5528 fru-

258 5584 433 5654 ctus
523 5578 924 5671 plurimos
1011 5577 1278 5651 affert.
1357 5606 1385 5639 »
1471 5575 1786 5651 Habent

1889 4534 1970 4603 et
2011 4529 2222 4602 alius
2256 4529 2418 4602 alio
2471 4530 2947 4622 prudentior
2989 4537 3110 4605 est
3149 4558 3164 4610 ς
3223 4532 3432 4604 alius

1891 4651 2166 4720 autem
2276 4646 2436 4719 alio
2518 4648 2779 4740 magis
2853 4650 3218 4722 minusve
3304 4651 3437 4722 ba-

1894 4763 2269 4854 ptizatus,
2344 4764 2514 4837 sive
2555 4766 2654 4837 ab
2725 4765 3107 4839 inferiori
3179 4766 3433 4839 sivea

1893 4881 2304 4972 superiori
2402 4880 2917 4974 baptizetur,
3025 4883 3181 4956 dici
3276 4903 3436 4954 non

1897 5000 2238 5087 potest.»
2894 4986 2911 4997 ’

1903 5169 2062 5243 Ωιιω
2098 5170 2235 5253 fuit
2260 5180 2550 5257 potestas
2580 5173 2931 5258 Baptismi‚
2970 5193 3167 5258 quam
3243 5173 3437 5238 Chri-

1939 5297 2076 5351 stus
2111 5287 2330 5373 potuit
2398 5286 2563 5352 dare
2601 5290 2812 5352 servis
2880 5300 2939 5353 et
2985 5310 3118 5354 non
3167 5288 3386 5355 dedit.

1991 5454 2143 5527 Hic
2213 5454 2639 5547 quaeritur,
2711 5477 2887 5548 quae
2948 5457 3051 5529 sit
3105 5457 3247 5529 illa
3300 5477 3436 5550 po·
3589 5506 3647 5555 C·

1897 5577 2155 5647 testas
2237 5575 2690 5667 Baptismi,
2748 5594 2986 5667 quam
3056 5574 3435 5649 Christus
