4255 6375
329 1715 546 1780 Argum.
582 1717 636 1769 5.

678 395 747 460 14
1855 399 1998 464 [ΑΒ.
2035 399 2133 463 lV.
2172 400 2770 465 SENTENTIARUM

680 561 968 633 delitas
1014 564 1552 653 opponantur,
1590 566 1668 634 et
1728 582 1908 653 spes
1968 564 2046 633 et
2104 561 2225 631 de-

679 678 1067 769 speratio,
1101 678 1422 750 videtur
1463 677 2009 751 manifestum.

767 794 1327 867 Consimiliter
1364 793 1759 886 probatur
1808 795 1899 865 de
1950 791 2223 884 gratia

677 930 813 981 seu
891 911 982 983 de
1049 910 1480 993 charitate,
1562 915 1642 983 et
1706 912 1798 981 de
1866 909 2221 1002 quolibet

681 1031 1008 1118 peccato
1047 1028 1403 1110 mortali,
1444 1026 1630 1119 quia
1671 1026 2035 1100 amicitia
2084 1027 2223 1099 Dei

677 1146 757 1215 et
793 1142 1226 1218 inimicitia
1285 1145 1753 1219 formaliter
1821 1164 2228 1236 opponun-

684 1265 857 1341 tur;
926 1265 1309 1352 peccator
1367 1266 1489 1335 est
1552 1261 2018 1335 formaliter
2088 1260 2227 1334 ini-

680 1378 932 1450 micus
990 1378 1160 1459 Dei,
1214 1378 1513 1452 habens
1557 1382 1828 1453 autem
1867 1378 2224 1470 gratiam

676 1493 801 1567 vel
888 1492 1405 1577 charitatem,
1524 1501 1648 1569 est
1762 1495 2228 1569 formaliter

677 1611 1014 1692 amicus,
1076 1632 1301 1704 ergo,
1353 1617 1506 1687 etc.

766 1730 994 1810 Item,
1042 1749 1283 1801 causa
1318 1729 1663 1802 secunda
1723 1729 1902 1822 plus
1952 1732 2224 1821 potest

677 1844 756 1916 in
797 1844 1116 1918 virture
1175 1864 1442 1918 causae
1486 1866 1727 1937 quam
1775 1844 1858 1915 in
1913 1844 2224 1918 virtute

678 1961 1039 2053 propria,
1104 1960 1463 2053 alioquin
1520 1980 1678 2031 non
1744 1960 2224 2054 dependeret

671 2077 1228 2150 essentialiter
1294 2076 1373 2148 in
1418 2077 1818 2149 causando
1881 2098 1926 2148 a
1976 2096 2225 2148 causa

678 2194 965 2286 prima,
1014 2215 1158 2267 nec
1208 2198 1423 2267 esset
1487 2196 1680 2267 ordo
1758 2193 2224 2267 essentialis

675 2332 1108 2385 causarum
1172 2311 1250 2383 in
1329 2314 1759 2394 causando,
1844 2312 2047 2405 quod
2100 2314 2224 2383 est

678 2429 1289 2511 inconveniens;
1356 2432 1485 2502 sed
1549 2430 1628 2501 in
1672 2430 2226 2521 quodcumque

675 2566 814 2617 ens
844 2545 1334 2637 producibile
1366 2565 1525 2618 non
1550 2566 1692 2638 per
1725 2546 2223 2618 creationem

683 2664 946 2754 potest
1014 2661 1286 2754 aliqua
1373 2682 1620 2735 causa
1708 2661 2054 2733 secunda
2145 2661 2225 2732 in

679 2776 985 2852 virtute
1016 2777 1387 2871 propria;
1424 2796 1622 2869 ergo
1668 2778 1746 2850 in
1782 2777 2223 2851 terminum

675 2894 1122 2968 creationis
1158 2898 1424 2988 potest
1465 2894 1544 2967 in
1576 2894 1885 2966 virtute
1954 2913 2223 2967 causae

682 3031 988 3104 prlmae.

1090 3312 1757 3376 COMMENTARIUS.

757 3623 931 3682 Hanc
962 3621 1398 3697 quaestionem
1432 3621 1642 3678 movet
1690 3616 1932 3676 Doctor
1984 3614 2113 3688 hic,
2146 3621 2218 3676 ut

673 3751 755 3796 ex
825 3733 1145 3812 principio
1228 3730 1526 3812 generali
1600 3728 1965 3807 colligatur,
2059 3727 2216 3808 quid

671 3847 972 3911 efficaciae
1054 3847 1403 3911 conveniat
1524 3847 1946 3906 sacramento
2047 3844 2217 3905 circa

667 3968 960 4046 gratiam,
997 3980 1144 4044 quae
1177 3980 1258 4025 ex
1299 3962 1629 4024 communi
1673 3961 2001 4023 sententia
2047 3962 2220 4022 anti-

668 4109 946 4174 quorum
996 4089 1203 4153 creari
1281 4093 1563 4149 tenetur.
1630 4085 1946 4147 Eamdem
2021 4087 2216 4147 etiam

665 4214 873 4291 tangit
915 4211 1220 4291 Magister
1248 4211 1387 4271 dist.
1442 4208 1592 4268 5.ιή
1620 4206 1767 4281 fine,
1818 4206 1889 4268 D.
1936 4206 2219 4267 Thomas

670 4330 904 4390 ibidem
935 4332 1153 4403 quaest.
1196 4327 1249 4384 l.
1285 4330 1408 4385 art.
1446 4325 1506 4384 3.
1572 4320 1932 4383 Richardus
1993 4326 2116 4381 art.
2162 4322 2214 4384 1.

671 4448 888 4522 quaest.
935 4441 992 4503 4.
1059 4439 1174 4503 ubi
1227 4445 1433 4518 agunt
1488 4436 1573 4498 de
1633 4437 1868 4498 eadem
1930 4433 2218 4500 efficacia

671 4558 1093 4630 sacramenti,
1150 4554 1328 4616 unde
1374 4569 1509 4614 non
1554 4556 1654 4614 est
1700 4555 1881 4614 extra
1940 4568 2215 4629 scopum

667 4677 769 4739 hic
824 4692 972 4738 eam
1027 4678 1329 4736 tractare.
1390 4670 1752 4732 Divisiones
1813 4676 1879 4732 et
1932 4686 2216 4731 summa-

662 4794 828 4853 rium
875 4795 1090 4852 textus
1121 4787 1327 4849 habes
1374 4802 1454 4847 ex
1501 4785 1788 4853 scholiis,
1822 4782 1907 4845 ad
1960 4800 2106 4862 quae
2156 4791 2215 4846 te

662 4912 880 4974 remilt
962 4911 1132 4971 circa
1160 4908 1303 4969 haec
1350 4921 1493 4985 quaa
1525 4910 1720 4966 erunt
1749 4904 2052 4966 dicenda.

1267 5145 1577 5201 SCHOLIU
1586 5145 1642 5198 M

735 5402 1223 5464 Auctoritatibus
1308 5399 1642 5470 Augustini
1727 5401 1787 5453 et
1855 5394 2214 5451 Damasceni

664 5504 887 5577 probat
915 5516 1133 5558 creare
1161 5516 1282 5557 non
1313 5512 1491 5573 posse
1520 5501 1871 5569 competere
1903 5493 2019 5550 ulli
2042 5506 2218 5549 crea-

666 5607 849 5662 turae.

2428 564 2735 636 Contra
2778 562 3280 655 Augustinus
3319 587 3517 652 super
3563 567 3722 634 Gen.
3764 568 3872 633 lib.
4047 594 4129 662 4,-

2335 680 2405 751 9.
2449 704 2505 748 c.
2540 682 2650 751 21.
2707 685 2948 769 Anyeli
3005 685 3260 750 nullam
3310 687 3579 751 omnino
3613 698 3888 771 possunt
4005 655 4163 766 Ρζᾶω

2340 819 2565 864 creare
2595 811 2929 865 naturam.
2991 801 3088 871 Et
3121 802 3360 867 ibidem
3398 825 3544 888 cop.
3576 801 3687 871 22.
3727 804 3894 868 Cre·
3964 780 4187 845 ⁰⁹P⁰³⁵²‘

2339 934 2457 979 are
2508 926 2822 981 naturam
2855 928 2990 982 lam
3054 918 3281 983 mellus
3323 920 3614 1005 Anyelus
3653 930 3890 1006 polest,

2340 1050 2532 1114 quam
2571 1052 2686 1095 nec
2717 1052 2947 1096 creare
2990 1034 3301 1117 seipsum.

2433 1142 2646 1214 Idem
2724 1144 3291 1217 Damascenus
3361 1165 3536 1237 cap.
3596 1147 3702 1219 18.
3773 1150 3903 1226 Qui

2339 1262 2571 1329 dicunt
2637 1264 2924 1351 Angelos
2973 1287 3109 1330 esse
3191 1277 3525 1332 creatores
3600 1267 3896 1354 alicujus

2337 1391 2621 1457 naturce,
2643 1390 2796 1445 sunt
2827 1401 3052 1445 omnes
3070 1381 3209 1462 filii
3232 1384 3453 1466 patris
3479 1383 3587 1447 sui
3608 1380 3892 1447 diaboli.

2433 1494 2635 1566 Item
2682 1493 3188 1584 Augustinus
3225 1498 3330 1566 12.
3380 1499 3463 1564 de
3510 1498 3691 1564 civit.
3744 1520 3895 1584 cap.

2339 1611 2443 1681 24.
2486 1610 2824 1703 loquens
2864 1612 2956 1684 de
2993 1612 3321 1703 Angelis
3362 1639 3375 1681 :
3422 1616 3580 1681 Tam
3621 1638 3740 1681 nec
3780 1636 3890 1681 eos

2336 1731 2620 1798 dicimus
2679 1746 3011 1799 creatores
3050 1735 3477 1815 animalium,
3533 1756 3730 1822 quam
3769 1755 3891 1799 nec

2334 1847 2667 1931 ayricolczs
2704 1851 3003 1935 fraqam.
3040 1847 3242 1919 Item
3283 1849 3348 1918 3.
3397 1849 3584 1916 Tri-n.
3631 1871 3779 1935 cap.
3815 1848 3883 1918 8.

2339 1973 2398 2026 e!
2433 1963 2502 2032 9.
2576 1965 2673 2030 lca
2722 1987 2856 2031 non
2920 1987 3266 2053 possumus
3331 1968 3554 2033 dice-re
3605 1967 3894 2053 Anyelos

2338 2093 2666 2146 creatores
2703 2083 2937 2165 fuisse,
2983 2084 3152 2147 sicu-t
3211 2103 3326 2149 nec
3371 2103 3714 2167 possumus
3779 2082 3892 2147 di-

2337 2218 2481 2262 cere
2538 2199 2834 2263 homines
2865 2219 2999 2263 esse
3044 2211 3329 2286 seyemm
3369 2211 3724 2265 creatores.
3794 2199 3891 2269 Et

2345 2313 2522 2402 post
2557 2336 2701 2400 cap.
2747 2319 2810 2381 9.
2847 2326 2910 2379 cc
2961 2315 3068 2385 10.
3107 2316 3253 2380 Non
3283 2327 3374 2380 est
3436 2327 3694 2380 crea-tor
3753 2316 3895 2380 nisi

2339 2430 2453 2514 qui
2506 2430 2986 2515 principaliter
3060 2432 3187 2496 isla
3259 2431 3615 2516 formabat,
3690 2452 3892 2517 penes

2340 2566 2526 2631 quem
2582 2547 2899 2631 primitus
2955 2558 3108 2612 sunt
3156 2548 3476 2626 omnium,
3537 2568 3679 2633 quoe
3726 2558 3883 2611 sune

2337 2683 2685 2741 mertanne,
2723 2665 2991 2729 numeri
3032 2677 3092 2729 et
3149 2664 3472 2749 pondera.

2911 2901 2992 2957 SC
3003 2902 3287 2959 HOLIUM
3301 2940 3315 2954 .

2409 3080 2585 3135 Ponit
2616 3080 2885 3135 rationes
2930 3080 2992 3134 D.
3026 3078 3274 3134 Thomas
3303 3083 3364 3134 et
3420 3078 3710 3145 aliorum,
3744 3079 3891 3150 qui-

2333 3180 2450 3237 bus
2480 3178 2743 3251 probant
2797 3184 3007 3236 creatu
3024 3193 3156 3235 ram
3228 3193 3347 3235 non
3410 3194 3585 3250 posse
3644 3194 3886 3235 creare.

2333 3279 2559 3345 Prima,
2591 3277 2740 3347 quia
2797 3278 3102 3333 terminus
3168 3277 3502 3333 creationis
3554 3281 3647 3332 est
3679 3277 3886 3347 ipsum

2334 3391 2470 3433 esse
2506 3379 2570 3430 ut
2602 3376 2714 3440 sic,
2758 3373 2920 3445 quod
2961 3353 3228 3430 soli¹Deo
3275 3379 3569 3446 tanquam
3625 3376 3888 3429 univer-

2332 3473 2446 3528 sali
2488 3488 2691 3528 causae
2750 3473 2980 3529 subest.
3014 3472 3314 3538 Secunda,
3349 3475 3513 3528 inter
3543 3474 3881 3528 terminum

2332 3586 2366 3626 a
2397 3585 2518 3641 quo
2549 3570 2882 3625 creationis
2914 3571 3022 3641 qui
3064 3573 3157 3626 est
3213 3569 3395 3634 nihil,
3449 3574 3509 3625 et
3563 3568 3639 3624 ad
3696 3583 3881 3640 quem

2333 3669 2441 3738 qui
2483 3672 2576 3723 est
2603 3666 2866 3736 aliquid,
2902 3672 2994 3723 est
3024 3667 3319 3723 distantia
3351 3665 3617 3722 infinita.
3651 3667 3881 3737 Tertia,

2332 3779 2522 3834 agens
2555 3764 2824 3820 inferius
2855 3766 3149 3835 supponit
3179 3766 3468 3820 effectum
3500 3765 3744 3832 agentis
3776 3778 3882 3818 su-

2332 3865 2622 3933 perioriS.
2655 3865 2903 3930 Quarta,
2930 3864 3177 3919 nullum
3210 3868 3491 3920 creatum
3536 3877 3732 3931 agens
3788 3867 3884 3918 est

2332 3975 2531 4032 purus
2563 3965 2757 4017 actus,

2426 4175 2514 4246 In
2577 4173 2734 4245 ista
2812 4175 2914 4263 (a)
2975 4173 3419 4264 quaestione
3493 4172 3877 4265 Theologi
4035 4240 4069 4285 5

2329 4290 2876 4364 communiter
2931 4291 3208 4362 tenent
3271 4293 3584 4381 partem
3638 4308 3879 4380 nega·
3907 4277 4108 4413 „11³3sp
4145 4301 4188 4350 1-

2334 4406 2611 4488 tivam,
2706 4410 2787 4478 et
2870 4406 2964 4476 ad
3049 4405 3200 4478 hoc
3273 4412 3681 4498 ponuntur
3755 4377 4214 4516 ra-1.'p.q¹⁰}⁰:.'.

2326 4523 2592 4596 tiones
2637 4522 2728 4594 ad
2767 4543 3126 4612 praesens
3173 4529 3549 4616 quatuor.
3596 4524 3873 4596 Prima
3929 4492 4187 4616 Βριιῗνὲῑοῗ

2332 4638 2688 4711 sumitur
2718 4660 2815 4710 ex
2883 4643 3116 4731 parte
3194 4638 3522 4711 termini
3583 4638 3873 4712 creati·
3929 4616 4210 4742 Μξζξρςξ,

2334 4754 2533 4836 onis,
2581 4775 2752 4846 quae
2788 4755 2977 4827 talis
3019 4758 3143 4829 est
3204 4782 3216 4824 :
3288 4752 3645 4828 Effectus
3706 4754 3870 4827 uni-

2327 4871 2824 4943 versaliores
2879 4875 3201 4964 oportet
3241 4872 3315 4942 in
3349 4891 3640 4944 causas
3702 4871 3873 4942 uni-

2328 4988 2826 5061 versaliores
2907 4989 3326 5074 reducer03
3426 4989 3557 5061 sed
3662 4988 3877 5062 inter

2333 5127 2609 5180 omnes
2689 5106 3030 5180 effectus
3122 5106 3874 5180 universalissimus

2328 5227 2453 5298 est
2487 5224 2747 5315 ipsum
2797 5245 3007 5305 esse;
3071 5243 3270 5316 ergo
3313 5228 3437 5298 est
3491 5223 3878 5317 proprius

2328 5337 2669 5413 effectus
2776 5358 3041 5412 causae
3120 5338 3873 5412 universalissimae.

2328 5457 2545 5528 Unde
2613 5455 2913 5530 dicitur
2967 5462 3041 5525 in
3082 5458 3201 5525 lib.
3254 5460 3335 5525 de
3373 5460 3629 5540 causis,
3669 5457 3876 5548 quod

2327 5593 2472 5646 nec
2511 5573 3086 5667 Intelligentia,
3128 5595 3273 5648 nec
3331 5572 3603 5647 anima
3686 5574 3881 5649 rati·
