4255 6375
530 611 732 678 Veritas

815 409 933 469 468

823 572 1027 638 fertur
1064 572 1141 638 ad
1178 586 1507 660 peccatum
1540 587 1844 661 tanquam
1885 573 2352 660 significatum,

488 676 793 743 δμώων*
821 709 1029 776 neque
1085 703 1393 757 connotat
1454 703 1788 778 peccatum
1831 712 2000 770 csse,
2055 703 2168 756 aut
2199 689 2355 756 fuis·

541 749 738 801 formae.

520 1668 726 1722 Veritas

485 1733 727 1797 practica.

565 2726 644 2778 32.

817 827 910 887 se,
975 820 1084 874 aut
1124 808 1578 874 remissionem
1621 809 1765 895 ejus
1825 807 1889 872 in
1939 806 2199 886 effectu,
2247 817 2357 871 aut

814 923 1079 1002 virtute,
1126 923 1238 989 sed
1273 924 1483 991 solum
1517 923 1916 991 ablutionem
1949 922 2353 1010 corporalem

811 1063 958 1129 quae
999 1041 1192 1108 etiam
1235 1064 1315 1108 ex
1357 1056 1587 1110 natura
1640 1043 1935 1121 actionis,
1999 1055 2111 1108 aut
2174 1040 2353 1107 insti·

810 1160 1060 1225 tutione
1100 1161 1387 1227 humana
1418 1160 1494 1227 ad
1540 1158 1720 1226 illum
1755 1159 2057 1226 effectum
2094 1178 2221 1222 non
2254 1175 2351 1221 re·

809 1274 1039 1353 fertur,
1103 1295 1252 1339 cum
1306 1273 1383 1339 ad
1433 1273 1594 1339 alios
1644 1273 1832 1352 fines,
1879 1283 1990 1339 aut
2045 1271 2349 1357 volupta-

801 1392 908 1468 tis,
955 1402 1064 1456 aut
1122 1389 1488 1469 munditiei,
1562 1401 1674 1457 aut
1740 1389 1969 1455 salutis
2039 1406 2351 1473 corpora-

805 1506 886 1572 lis
946 1506 1251 1594 frequens
1291 1506 1375 1572 sit
1441 1527 1601 1572 usus
1662 1503 2065 1572 balneorum.
2131 1500 2349 1568 Altera

805 1622 1201 1708 significatio
1241 1637 1338 1688 est
1396 1621 1645 1700 formae,
1691 1641 1773 1686 ex
1812 1619 2034 1686 divina
2087 1618 2349 1685 institu-

805 1738 1005 1821 tione,
1067 1760 1215 1825 quae
1255 1739 1494 1806 dicitur
1547 1738 1853 1826 practica,
1916 1749 1980 1804 et
2050 1757 2164 1822 per
2203 1757 2343 1803 eam

800 1856 1071 1923 sortitur
1092 1855 1445 1922 efficaciam
1472 1855 1879 1922 remissionis
1904 1866 2340 1940 peccatorum,

799 1973 909 2040 sed
953 1972 1032 2038 ad
1076 1973 1413 2039 veritatem
1456 1972 1652 2059 hujus
1696 1992 1823 2036 non
1866 1970 2248 2058 requiritur,
2278 1981 2347 2035 ut

799 2092 862 2157 in
905 2091 1082 2156 omni
1143 2090 1439 2175 subjecto
1500 2087 2061 2175 qualitercumque
2119 2087 2348 2172 dispon

797 2209 947 2287 sit0,
1018 2206 1280 2273 denotet
1330 2218 1663 2292 peccatum
1707 2205 1950 2282 fuisse;
2006 2224 2167 2291 ergo
2234 2224 2344 2268 ne-

794 2347 921 2412 que
970 2326 1094 2390 hoc
1132 2335 1381 2410 spectat
1436 2323 1514 2389 ad
1564 2321 1906 2388 veritatem
1953 2321 2201 2401 formae,
2245 2341 2340 2386 re·

791 2441 1081 2526 spective
1146 2439 1225 2506 ad
1293 2440 1748 2527 quodcumque
1791 2436 2194 2530 subjectum.
2263 2442 2338 2505 Et

793 2556 1103 2640 probatur
1153 2555 1365 2620 minor
1404 2576 1551 2621 cum
1591 2554 2082 2643 consequentia.

881 2671 1283 2758 Significatio
1326 2671 1553 2737 formae
1607 2671 1916 2758 Baptismi
1979 2671 2101 2736 hoc
2145 2670 2335 2736 modo

449 2790 688 2842 Cons1st1t
715 2802 1073 2876 msumpta
1121 2811 1248 2855 non
1307 2802 1407 2855 est
1446 2789 1868 2876 speculativa,
1926 2789 2038 2855 sed
2102 2788 2333 2875 practi-

465 2856 736 2906 causanda

789 2926 883 2983 ca,
949 2906 1117 2972 sicut
1179 2919 1241 2973 et
1307 2905 1656 2992 cujuslibet
1695 2905 2095 2972 Sacramenti
2141 2927 2332 2972 novoe

790 3023 996 3109 legis;
1045 3025 1186 3091 haec
1225 3037 1438 3091 autem
1500 3035 1599 3091 est
1667 3023 1732 3090 in
1789 3023 2119 3091 causando
2178 3024 2329 3090 effe-

785 3152 960 3208 ctum
1007 3141 1432 3220 Sacramenti,
1489 3150 1560 3207 ut
1625 3139 1811 3207 docet
1879 3141 2326 3211 Florentinum

778 3260 850 3323 in
893 3259 1162 3324 Dec-reto
1222 3259 1512 3335 unioni-3,
1582 3256 1999 3343 distinguens
2043 3278 2157 3344 per
2202 3259 2328 3324 hoc

778 3376 1268 3441 Sacramentum
1342 3395 1533 3441 novae
1580 3373 1745 3460 legis
1805 3394 1842 3439 a
1881 3376 2324 3440 Sacramentis

779 3492 1018 3558 veteris
1050 3492 1239 3578 legiS‚
1276 3491 1567 3557 Trident.
1601 3512 1754 3556 sess.
1795 3493 1855 3555 Ἶ.
1895 3490 1976 3556 de
2008 3493 2317 3557 Sacram.

776 3612 848 3674 in
876 3630 1136 3695 ywere,
1173 3632 1319 3674 can.
1361 3612 1422 3673 2.
1465 3613 1528 3675 4.
1565 3612 1630 3675 6.
1660 3612 1721 3673 7.
1760 3618 1820 3671 cc
1847 3610 1911 3673 8.
1952 3606 2126 3672 Idem
2161 3629 2320 3694 sup-

773 3725 955 3812 ponit
1003 3747 1209 3791 canon
1275 3726 1524 3813 primus
1557 3725 1636 3790 de
1687 3724 2038 3811 BaptismO,
2096 3725 2162 3790 in
2197 3725 2321 3792 hoc

771 3842 1187 3928 distinguens
1250 3841 1648 3927 Baptismum
1722 3841 1963 3907 Christi
2013 3861 2049 3908 a
2105 3841 2317 3927 Bapti-

769 3980 913 4024 smo
972 3957 1238 4023 loannis
1278 3979 1432 4024 3633.
1487 3962 1551 4023 6.
1596 3978 1744 4023 can.
1801 3962 1862 4022 4.
1936 3969 1996 4022 c!
2039 3962 2101 4025 7.
2148 3979 2306 4023 sess.

774 4081 876 4140 14.
923 4098 1068 4162 cap.
1113 4081 1170 4141 l.
1209 4087 1266 4140 cl
1300 4080 1361 4140 2.
1387 4097 1541 4143 3633.
1578 4080 1641 4141 5.
1680 4074 1889 4140 tribus
1924 4074 2171 4139 ultimis
2213 4094 2314 4140 ca-

769 4193 1049 4259 nonibus
1098 4192 1326 4259 delinit
1366 4193 1532 4258 hanc
1563 4190 2114 4278 significationem
2160 4213 2312 4257 con-

765 4311 991 4377 venire
1059 4310 1408 4396 Baptismo,
1490 4330 1616 4396 qua
1695 4308 1894 4374 habet
1945 4302 2309 4374 efficaciam

764 4428 842 4494 ad
890 4427 1342 4494 remissionem
1384 4428 1628 4513 peccati
1677 4425 2044 4512 originalis.

851 4542 920 4609 ln
976 4544 1078 4609 his
1110 4543 1417 4609 omnibus
1466 4542 1573 4609 ubi
1617 4542 1965 4608 denotatur
2004 4540 2162 4607 ordo
2196 4544 2305 4606 Ba-

766 4660 986 4748 ptismi
1032 4660 1094 4726 in
1174 4659 1607 4746 significando
1657 4658 1733 4724 ad
1784 4672 2144 4744 peccatum,
2209 4657 2304 4723 di-

760 4780 929 4867 citnr
969 4778 1031 4842 in
1066 4799 1140 4843 eo
1172 4798 1339 4856 esse,
1387 4775 1488 4841 vel
1532 4774 1683 4862 quia
1722 4787 1948 4841 causat
1993 4772 2297 4862 gratiam,

760 4896 861 4962 vel
901 4895 1182 4981 applicat
1232 4894 1534 4960 meritum
1586 4892 1829 4959 Christi
1886 4890 1965 4958 ad
2015 4891 2301 4957 sanctifi-

756 5014 1100 5090 cationem,
1161 5013 1264 5077 vel
1306 5023 1671 5096 regenerat,
1715 5009 1886 5076 delet
1936 5021 2293 5096 peccatum,

753 5129 1049 5209 remittit,
1093 5127 1282 5207 tollit,
1322 5147 1468 5214 qua}
1519 5126 1736 5193 omnia
1777 5124 1936 5191 nihil
1989 5125 2301 5192 denotant

754 5259 989 5335 praeter
1048 5244 1405 5313 efficaciam
1461 5241 1773 5334 Baptismi
1837 5242 1903 5307 in
1966 5242 2296 5308 causando

751 5385 942 5431 suum
985 5363 1312 5430 effectum.
1384 5363 1462 5425 Et
1509 5372 1577 5425 ut
1618 5360 1881 5425 brevior
1921 5358 2070 5437 sim,
2121 5379 2291 5425 nun-

749 5502 941 5569 quam
983 5480 1168 5546 aliter
1214 5488 1636 5545 asseruerunt
1667 5476 1977 5554 Concilia,
2044 5478 2288 5556 Patres,

748 5611 859 5666 aut
899 5602 1222 5677 Doctores,
1313 5595 1738 5681 Baptismum,
1819 5606 1931 5661 aut
2015 5593 2293 5661 formam

1954 414 2097 475 ΜΒ.
2126 413 2227 474 lv.
2275 411 2877 476 SEN'I'ENTIARUM

2471 574 2634 662 ejus.
2672 586 3023 642 connotare
3063 587 3424 662 peccatum,
3465 575 3589 640 nisi
3622 591 3700 640 ex
3730 573 3952 640 efficacia

2468 690 2892 771 Sacramenti,
2961 692 3347 774 necessitate
3387 691 3696 779 subjecti,
3745 704 3801 757 et
3827 703 3954 757 statu

2469 805 2642 891 ejuS.

2556 924 2653 987 Ex
2695 924 2815 989 hac
2848 923 2994 990 fidei
3038 924 3263 1012 regula
3297 925 3394 991 sic
3424 934 3835 1012 argumentor
3861 925 3953 1010 pri·
4090 995 4091 1000 ἵ

2468 1056 2606 1102 mo:
2660 1038 3031 1124 Baptismus
3097 1061 3226 1106 non
3287 1040 3604 1126 supponit
3675 1052 3950 1126 peccatum
3996 1001 4071 1108 ΥΞ

2465 1174 2546 1220 ex
2589 1155 2778 1222 modo
2819 1155 3259 1242 significandi,
3305 1169 3418 1224 aut
3458 1159 3603 1245 ipsa
3635 1157 3956 1243 significati·
3986 1049 4092 1236 Ξ

2465 1289 2590 1336 one
2630 1271 2884 1352 sormae,
2938 1272 3062 1340 nisi
3104 1286 3428 1361 quatenus
3476 1272 3694 1339 virtus
3733 1273 3857 1360 ejus
3884 1290 3957 1337 ex
3988 1249 4092 1358 Ξ*

2467 1388 2756 1455 tenditur
2792 1388 2872 1456 ad
2932 1391 3388 1457 remissionem
3450 1389 3723 1477 peccati,
3775 1401 3837 1455 ut
3880 1408 3959 1475 pa·
3988 1311 4092 1484 {³²¹

2464 1516 2554 1571 tet
2592 1527 2673 1572 ex
2708 1507 3118 1592 praemissis;
3163 1508 3276 1573 sed
3324 1507 3389 1573 in
3420 1528 3581 1575 casu
3628 1506 3858 1595 primae,
3890 1528 3959 1572 se·
4010 1439 4092 1544 ⁸²³?-

2462 1620 2696 1687 cundfe
2789 1635 2854 1689 et
2920 1623 3133 1688 tertiae
3209 1622 3683 1702 conclusioniS,
3772 1622 3959 1689 nullam

2461 1749 2720 1805 exercet
2784 1740 3229 1806 causalitatem
3298 1741 3364 1806 in
3425 1741 3647 1827 reipsa
3706 1740 3954 1806 collatum

2459 1854 2629 1921 circa
2671 1866 3035 1941 peccatum,
3081 1877 3210 1944 quo
3252 1876 3382 1922 non
3434 1858 3747 1923 obstante
3782 1856 3957 1921 verili-

2458 1982 2643 2036 catur
2676 1992 2911 2038 sensus
2934 1972 3161 2039 formas
3196 1972 3613 2058 baptismalis
3652 1974 3813 2040 circa
3841 1972 3957 2038 sub·

2451 2088 2737 2173 jectum;
2792 2109 2950 2174 ergo
3001 2089 3079 2155 ad
3138 2110 3276 2155 eam
3322 2109 3449 2155 non
3500 2103 3757 2174 spectat
3799 2088 3959 2174 signi·
4027 2104 4089 2151 ts

2460 2201 2673 2280 ficare,
2717 2214 2828 2268 aut
2875 2216 3231 2270 connotare
3280 2215 3625 2290 peccatum
3682 2205 3867 2271 fuisse
3912 2203 3957 2268 in
3986 2179 4092 2294 123⁸:

2456 2319 2772 2407 subjectO,
2820 2332 2882 2387 et
2923 2322 2978 2387 si
3033 2322 3252 2406 fuerit,
3317 2343 3444 2387 non
3491 2323 3651 2391 facit
3698 2323 3770 2388 ad
3824 2321 3957 2387 veri·

2454 2446 2651 2502 tatem
2693 2437 2944 2517 formae,
2993 2439 3183 2505 modo
3234 2460 3361 2505 non
3414 2447 3723 2506 exerceat
3774 2460 3958 2505 causa-

2452 2550 2695 2618 litatem
2772 2554 2838 2620 in
2881 2575 2951 2619 re
2999 2568 3111 2620 aut
3182 2569 3355 2635 vote,
3406 2556 3584 2622 circa
3623 2567 3954 2641 peccatum

2450 2686 2606 2751 ergo
2640 2669 2908 2754 perinde
2949 2671 3073 2736 erit
3126 2671 3330 2737 forma
3370 2673 3516 2759 ejus
3563 2693 3744 2750 vera,
3804 2671 3956 2736 etiam

2450 2779 2514 2846 in
2546 2803 2645 2861 ec,
2682 2783 2746 2849 in
2781 2806 2908 2871 quo
2945 2784 3193 2852 nullum
3229 2786 3424 2852 suerit
3463 2801 3826 2873 peccatum,
3859 2807 3958 2851 mo·

2444 2896 2525 2962 do
2565 2913 2900 2966 excerceat
2937 2901 3222 2988 aliquam
3294 2902 3751 2969 causalitatem
3799 2903 3856 2967 in
3884 2902 3956 2986 ip·

2444 3031 2614 3090 sum,
2652 3012 2798 3080 talis
2839 3026 2938 3082 est
2978 3019 3166 3082 Beata
3210 3017 3435 3104 virge,
3474 3018 3793 3105 reciperet
3819 3019 3954 3083 enim

2442 3128 2903 3212 characterem,
2961 3144 3024 3200 et
3093 3132 3453 3202 secundum
3508 3134 3793 3221 plurium
3846 3153 3955 3199 sen·
3990 3128 4067 3227 {⁹3²

2441 3248 2707 3313 tentiam
2758 3250 3060 3334 gratiam,
3108 3249 3708 3338 incorporationem
3757 3252 3819 3317 in
3868 3253 3957 3316 Ec·

2437 3363 2633 3430 clesia
2665 3365 2935 3449 visibili,
2970 3367 3354 3454 adimpleret
3387 3381 3812 3456 praeceptum,
3845 3367 3955 3434 red·

2434 3479 2696 3546 deretur
2751 3503 2954 3569 capax
3006 3483 3282 3550 aliorum
3364 3487 3948 3555 Sacramentorum:

2435 3617 2617 3683 erg0,
2666 3610 2793 3663 ete.

2521 3729 2977 3812 Confirmatur,
3058 3754 3185 3799 non
3245 3746 3345 3800 est
3439 3750 3669 3803 contra
3746 3736 3946 3802 verita·

2431 3856 2559 3909 tem
2604 3846 2831 3913 formae
2878 3867 3002 3912 non
3064 3846 3442 3933 significare
3512 3851 3939 3917 remissionem

2429 3962 2671 4045 peccati
2734 3962 2797 4027 in
2842 3963 3148 4029 haeretico
3230 3975 3293 4031 et
3336 3964 3507 4047 ficto,
3563 3967 3630 4033 in
3679 3989 3805 4055 quo
3871 3979 3947 4032 est

2428 4090 2787 4163 peccatum,
2834 4091 2895 4145 et
2956 4080 3019 4145 in
3085 4101 3214 4167 quo
3287 4082 3497 4148 forma
3573 4085 3940 4162 verificatur,

2425 4191 2727 4277 quamvis
2787 4191 3061 4278 incapax
3130 4192 3214 4259 sit
3276 4194 3478 4281 hujus
3530 4196 3805 4264 effectus
3863 4216 3943 4261 re·

2426 4307 2757 4375 missionis
2798 4323 3062 4396 propter
3091 4309 3343 4377 obicem
3379 4333 3395 4407 ξ
3442 4313 3557 4380 sed
3593 4335 3803 4402 aeque,
3853 4323 3939 4379 aut
4002 4316 4091 4373 m

2425 4425 2659 4512 magis,
2713 4426 2986 4514 incapax
3042 4439 3142 4494 est
3190 4429 3301 4515 qui
3346 4451 3687 4519 nunquam
3748 4428 4077 4499 habuittarm

2420 4554 2779 4629 peccatum,
2836 4545 2939 4610 vel
2986 4544 3041 4611 si
3091 4545 3344 4627 habuit,
3424 4559 3524 4614 est
3562 4548 3702 4634 Jam
3735 4547 3932 4614 remis·
3968 4513 4073 4680 ,ΤΣ-

2419 4676 2592 4737 sum,
2656 4678 2851 4746 quam
2912 4660 3129 4741 lictus,
3195 4661 3305 4748 qui
3365 4661 3676 4731 similiter
3713 4676 3803 4730 est
3849 4681 3931 4729 ca·

2418 4794 2543 4860 pax
2601 4796 2728 4843 non
2777 4777 2990 4843 solum
3049 4779 3345 4845 omnium
3376 4780 3751 4861 effectuum,
3790 4799 3925 4868 quos

2414 4891 2643 4978 recipit
2683 4893 2898 4974 fictus,
2944 4907 3006 4961 et
3046 4917 3323 4982 quorum
3376 4898 3629 4965 ratione
3667 4898 3926 4965 verifica·
4090 4906 4091 4925 ¹

2412 5019 2516 5073 tur
2557 5008 2623 5074 in
2689 5030 2765 5076 eo
2806 5011 3032 5091 forma,
3078 5012 3192 5078 sed
3262 5013 3495 5100 gratim
3588 5026 3649 5082 et
3726 5012 3917 5102 regni;
4064 4928 4091 5059 ³

2410 5146 2569 5213 ergo
2635 5147 2672 5194 a
2728 5127 3004 5209 fortiori,
3067 5149 3225 5196 vera
3281 5130 3407 5196 erit
3476 5132 3545 5198 in
3605 5154 3681 5200 eo
3748 5132 3917 5198 forma

2412 5241 2749 5327 Baptismi.
2805 5243 3121 5310 Probatur
3160 5245 3394 5326 minor,
3450 5248 3604 5334 quia
3668 5251 3826 5314 Deus
3858 5243 3917 5309 de

2413 5357 2697 5444 potentia
2746 5358 3066 5438 absoluta,
3133 5360 3357 5449 nequit
3410 5364 3735 5430 remittere
3794 5380 3914 5448 pec-

2409 5484 2648 5553 catum,
2695 5471 2866 5558 quod
2920 5493 3047 5538 non
3089 5485 3188 5540 est
3230 5496 3245 5553 ;
3281 5474 3395 5540 sed
3471 5496 3664 5543 causa
3711 5476 3912 5541 instru-

2409 5587 2734 5668 mentalis,
2779 5589 2990 5675 qualis
3049 5602 3149 5657 est
3197 5590 3590 5677 Baptismus,
3645 5610 3764 5658 non
3819 5607 3909 5654 ex-
