4255 6375
752 377 866 443 168
1890 375 2030 441 LlB.
2077 377 2176 439 IV.
2226 374 2815 439 SENTENTIARUM

737 538 1299 632 suscipientiS,
1364 539 1637 632 gratia
1675 540 1947 610 autem
2000 556 2285 611 causa-
2398 538 2757 609 mentum
2801 535 3091 608 durum
3166 535 3489 619 dividit;
3556 555 3751 627 ergo
3813 536 3931 610 du·
4015 568 4032 578 -

741 660 874 728 tur
943 656 1022 728 in
1089 656 1385 740 anima,
1439 657 1623 747 quia
1696 655 2019 734 sufficit,
2080 653 2286 745 quod
2401 652 2659 734 ritieS,
2708 674 2882 745 quae
2959 658 3084 727 est
3162 653 3534 745 qualitas,
3597 674 3756 725 non
3821 630 4059 726 eststffl

733 771 1163 864 dispositio
1207 779 1287 848 et
1329 774 1595 846 forma
1640 773 1800 844 sint
1856 772 1935 844 in
2008 772 2285 841 eodem
2399 771 2748 844 formale
2833 770 3328 864 principium
3416 770 3729 862 agendi.
3790 773 3936 864 Ap·
4007 770 4028 804 ²

738 890 1194 982 supposito,
1257 895 1337 964 et
1401 890 1753 962 maxime
1815 888 2123 981 quando
2183 887 2289 959 di·
2401 892 2634 981 paret
2726 891 3002 960 tamen
3090 909 3270 960 esse
3347 908 3494 981 pro
3564 909 3660 960 eo
3743 889 3936 980 quod
4009 881 4066 942 *Ψ

741 1006 1087 1098 spositio
1121 1026 1281 1077 non
1316 1010 1441 1079 est
1471 1005 1899 1098 dispositio
1933 1007 2290 1096 exparte
2400 1011 2525 1080 est
2585 1005 2945 1098 quaedam
3019 1004 3641 1097 impassibilitas
3719 1005 3940 1077 resis-

743 1123 888 1208 rei,
964 1124 1096 1196 sed
1141 1123 1219 1195 in
1255 1124 1534 1197 ordine
1586 1124 1677 1196 ad
1721 1142 1968 1213 agens
2012 1122 2291 1195 volun-

741 1242 955 1317 tarie
1014 1262 1361 1314 causans
1439 1239 1908 1315 terminum.

516 1373 599 1423 1⁴-
706 1432 718 1442 ,
837 1361 949 1432 Ad
1011 1358 1511 1432 intellectum
1580 1358 1662 1447 (l)
1732 1357 1972 1450 hujus
2043 1356 2293 1429 scien-

391 1437 721 1568 Ῐωξιέυτῐὶῃςξῃυ
745 1475 956 1558 dum,
996 1477 1201 1568 quod
1255 1479 1763 1543 instrumentum
1810 1472 2295 1547 communis-

424 1566 670 1676 ⁸⁰⁰3&sp
741 1593 942 1665 sime
1020 1597 1438 1686 acceptum
1522 1592 1986 1664 extenditur
2054 1609 2296 1682 quan-

741 1709 996 1802 doque
1075 1711 1168 1783 ad
1248 1729 1579 1782 causam
1670 1708 2124 1789 secundam,
2208 1710 2294 1778 ut

746 1829 1056 1900 tactum
1133 1830 1256 1899 est
1337 1827 1415 1900 in
1487 1827 1756 1919 prima
1824 1825 2293 1917 quaestione,

748 1943 1083 2037 proprie
1195 1948 1466 2017 autem
1566 1946 1651 2014 ut
1764 1941 2299 2032 distinguitur

748 2065 1039 2134 contra
1073 2080 1407 2133 causam
1444 2060 1909 2138 secundam:
1948 2059 2300 2151 quando-

753 2196 902 2268 que
969 2197 1168 2248 vero
1238 2176 1642 2269 accipitur
1720 2195 1868 2268 pro
1945 2195 2039 2246 eo
2092 2173 2298 2265 quod

752 2295 876 2364 est
923 2312 1143 2385 pam,
1206 2313 1352 2384 per
1421 2312 1662 2384 quam
1748 2295 2012 2365 totum
2084 2288 2295 2380 agit;

752 2413 833 2483 et
875 2409 991 2483 sic
1024 2410 1393 2503 loquitur
1424 2409 1966 2503 Philosophus
1997 2428 2299 2482 vocans

404 2549 560 2619 Text.
594 2547 642 2597 6.
673 2528 817 2596 222.
890 2530 973 2594 de
1047 2533 1316 2608 Anima,
1384 2547 1693 2619 organa
1769 2545 2154 2598 sensuum
2222 2526 2300 2595 et

497 2609 632 2660 ’ω’
755 2641 1108 2715 aliarum
1170 2645 1727 2736 potentiarum
1810 2643 2304 2716 instrumen-

754 2762 863 2840 ta,
939 2762 1108 2834 sive
1189 2765 1465 2855 partes
1530 2782 1674 2854 per
1742 2780 1940 2852 quas
2038 2762 2301 2832 totum

757 2884 1151 2977 operatur
1232 2878 1441 2950 tales
1504 2877 2049 2969 operationes.
2122 2877 2304 2948 Alio

755 2999 988 3074 modo
1025 2999 1659 3071 instrumentum
1718 2994 2017 3069 dicitur
2058 3014 2308 3066 causa

754 3116 1023 3190 activa
1063 3114 1159 3186 ad
1220 3111 1835 3205 dispositionem
1886 3112 2302 3205 praeviam.

756 3233 1037 3307 Tertio
1119 3232 1351 3304 modo
1427 3230 1724 3303 dicitur
1821 3229 2309 3304 instrumen-

759 3363 961 3440 tum,
1017 3356 1229 3429 sicut
1287 3354 1921 3429 instrumentum
1986 3356 2065 3428 in
2100 3360 2304 3435 arte,

761 3480 842 3548 et
891 3473 989 3546 ab
1020 3472 1191 3545 'isto
1252 3471 1516 3565 primo
1560 3477 1916 3545 tractum
1977 3476 2101 3545 cst
2159 3472 2312 3544 hoc

773 3589 1287 3663 vocabulum.

859 3709 974 3780 De
1041 3707 1203 3780 isto
1281 3711 1554 3780 autem
1604 3706 1929 3779 dubium
1988 3710 2140 3792 est,
2213 3729 2313 3781 an

445 3807 705 3921 oeffigtss·
771 3826 879 3899 sit
956 3825 1312 3900 activum
1377 3827 1780 3919 proprie?
1841 3831 1921 3900 et
1998 3827 2317 3901 videtur

475 3947 607 3982 ⁰⁰³¹·
655 3930 738 3981 ²⁴·
772 3942 1271 4036 probabilius
1314 3945 1519 4036 quod
1578 3966 1760 4017 non.
1811 3949 2058 4019 Serra
2099 3948 2313 4021 enim

422 3999 742 4047 Instrumen-

509 4063 639 4173 mfgs
768 4080 927 4134 non
968 4059 1209 4134 habet
1244 4060 1323 4133 in
1356 4082 1466 4145 se,
1527 4061 1683 4134 nisi
1745 4063 2311 4155 quantitatem,

453 4198 692 4299 nssgtiggse
766 4178 1143 4269 figuram,
1218 4182 1298 4252 et
1367 4183 1676 4252 motum
1775 4181 2144 4265 localem,
2227 4182 2318 4254 de

654 4285 667 4298 ’
769 4298 1054 4392 quibus
1122 4296 1486 4370 omnibus
1563 4301 1788 4391 patet
1884 4299 2091 4391 quod
2159 4318 2319 4370 non

768 4422 955 4493 sunt
998 4416 1285 4490 formae
1328 4415 1639 4490 activae.
1725 4418 1825 4490 Et
1886 4414 2313 4507 probatur,

769 4534 959 4627 quia
1001 4532 1246 4607 aliter
1280 4531 1912 4606 Mathematicus
1956 4531 2318 4605 conside-

767 4652 1017 4724 rando
1089 4654 1477 4742 quantum
1566 4648 2048 4739 figuratum,
2159 4666 2319 4718 non

764 4766 1289 4841 abstraheret
1331 4785 1378 4837 a
1420 4769 1670 4839 motu.
1729 4763 1809 4838 Si
1863 4767 2138 4837 autem
2183 4784 2314 4857 po·

762 4890 1032 4967 natur,
1104 4883 1308 4977 quod
1373 4881 1715 4955 durities
1783 4881 1890 4955 sit
1960 4881 2314 4973 qualitas

765 5002 1061 5084 activa,
1108 4999 1259 5072 hoc
1289 4985 1521 5070 'nihil
1570 5002 1719 5084 est,
1767 4997 1955 5089 quia
1991 4997 2056 5068 si
2103 4997 2320 5071 Deus

762 5121 855 5193 de
889 5117 1259 5213 potentia
1291 5115 1689 5196 absoluta,
1718 5114 2043 5206 aliquod
2080 5134 2322 5205 quan-

768 5243 939 5311 tum
993 5234 1237 5307 molle
1295 5235 1828 5306 conservaret
1900 5231 1979 5303 in
2046 5231 2322 5303 eadem

760 5353 1230 5445 ‘quantitate
1270 5356 1350 5425 et
1390 5349 1681 5441 figura,
1776 5348 2164 5420 movendo
2214 5345 2324 5439 ip-

776 5492 955 5546 sum
997 5471 1401 5552 localiter,
1448 5490 1672 5562 aeque
1733 5467 2121 5540 divideret
2186 5465 2325 5537 ali-

778 5591 985 5683 quod
1052 5608 1379 5681 corpus,
1447 5586 1659 5662 sicut
1724 5586 1956 5659 modo
2027 5583 2326 5657 instru-

514 3743 649 3794 Vide

2404 1130 2582 1199 tens
2627 1123 3231 1216 corrumpenti;
3277 1126 3652 1196 manente
3686 1127 3938 1197 autem

2407 1242 2862 1337 quantitate
2917 1238 3295 1333 corporis
3324 1242 3401 1311 et
3460 1239 3752 1330 figura,
3798 1261 3945 1312 non

2409 1364 2725 1435 mutato
2768 1357 2957 1441 ali0‚
3013 1378 3157 1430 nec
3234 1361 3657 1450 corrupto,
3715 1357 3783 1430 si
3850 1358 3949 1431 lo·

2409 1477 2702 1551 caliter
2758 1478 3164 1558 movetur,
3205 1478 3533 1567 oportet
3579 1474 3782 1566 quod
3833 1495 3948 1546 ex·

2411 1594 2661 1690 pellat
2712 1591 2925 1664 aliud
2961 1592 3686 1685 proportionatum
3722 1612 3950 1683 quan·

2411 1712 2633 1787 titati
2668 1717 2747 1784 et
2806 1710 3119 1801 figurae,
3166 1708 3373 1804 quod
3422 1729 3586 1780 non
3639 1712 3951 1801 oporte-

2412 1834 2563 1913 ret,
2613 1828 2679 1901 si
2741 1827 2917 1920 ejus
2979 1826 3396 1919 quantitas
3464 1846 3626 1897 non
3700 1844 3953 1896 mane-

2411 1948 2562 2028 ret,
2601 1945 2730 2015 sed
2773 1944 3119 2025 cederet,
3157 1942 3366 2015 sicut
3411 1946 3537 2015 est
3567 1941 3661 2014 de
3703 1941 3946 2012 molli.

2501 2059 3177 2135 Probaturetiam
3203 2059 3745 2152 propositum,
3779 2056 3949 2150 quia

2411 2182 2890 2272 ubicumque
2931 2182 3054 2252 est
3089 2176 3465 2251 formalis
3508 2177 3950 2270 incompas-

2412 2297 2762 2370 sibilitas
2798 2297 2876 2368 in
2908 2297 3319 2377 creatura,
3347 2314 3598 2367 unum
3629 2295 3952 2369 illorum

2412 2435 2571 2487 non
2613 2411 2949 2505 expellit
2981 2411 3195 2483 aliud
3248 2411 3539 2495 active,
3606 2412 3739 2485 sed
3798 2417 3957 2486 tan·

2414 2537 2588 2605 tum
2629 2528 3123 2611 formaliter;
3162 2548 3410 2621 agens
3446 2533 3720 2603 autem
3753 2529 3956 2602 indu·

2414 2669 2603 2722 cens
2656 2668 2901 2718 unum
2935 2645 3335 2730 effective,
3372 2647 3713 2740 expellit
3754 2647 3957 2721 aliud

2415 2763 2824 2845 effective;
2864 2783 3218 2855 corpora
3261 2767 3533 2836 autem
3592 2763 3958 2838 videntur

2417 2881 2712 2953 habere
2750 2879 3652 2973 incompassibilitatem
3707 2901 3956 2974 respe-

2420 3003 2555 3072 ctu
2621 3001 2734 3065 ubi
2782 2998 3162 3090 ejusdem,
3238 2998 3449 3072 sicut
3529 2998 3957 3090 qualitates

2422 3113 2862 3190 contrariae
2918 3118 3290 3207 respectu
3369 3113 3729 3207 ejusdem
3794 3115 3959 3187 sub-

2415 3232 2640 3326 jecti.
2706 3232 2928 3306 Sicut
2964 3252 3161 3323 ergo
3224 3232 3429 3304 idem
3490 3251 3745 3322 agens
3787 3229 3960 3305 effe-

2424 3349 2635 3423 ctive
2707 3347 3005 3421 inducit
3067 3347 3455 3428 calorem,
3530 3348 3648 3420 ita
3707 3348 3960 3440 frigus

2423 3465 2797 3558 expellit;
2834 3484 2993 3536 non
3030 3468 3299 3537 autem
3342 3454 3718 3538 effective
3742 3466 3963 3537 calor

2425 3582 2759 3676 expellit
2817 3581 3105 3672 friguS,
3196 3581 3330 3654 sed
3416 3585 3737 3655 tantum
3814 3580 3962 3653 for-

2428 3699 2782 3774 maliter.

2522 3820 2644 3891 Ita
2705 3817 2781 3889 in
2841 3814 3266 3909 proposito
3334 3816 3425 3888 de
3494 3815 3965 3908 expulsione
4052 3857 4137 3905 SR„

2428 3933 2806 4026 corporis
2859 3932 2957 4004 ab
3007 3935 3145 4014 ubi,
3187 3952 3331 4024 per
3363 3932 3580 4005 aliud
3639 3952 3962 4025 corpus,
4026 3918 4138 4028 ’ζῐῗξ

2427 4049 2739 4124 Divisio
2799 4053 3066 4122 autem
3151 4047 3349 4140 ligni
3427 4068 3576 4141 per
3652 4067 3965 4121 serram
4043 4056 4138 4103 (Ὀφ

2430 4167 2555 4238 vel
2595 4165 2976 4246 securim,
3014 4184 3173 4236 non
3215 4169 3340 4237 est
3379 4164 3537 4237 nisi
3610 4166 3966 4257 quaedam
4001 4105 4140 4217 stiffi

2429 4284 2798 4378 expulsio
2865 4282 3222 4375 partium
3264 4281 3362 4353 ab
3408 4284 3543 4364 ubi,
3605 4284 3703 4355 ad
3773 4282 3966 4375 quod

2432 4406 2806 4475 movetur
2864 4397 3176 4471 securis
3226 4396 3324 4468 ab
3392 4397 3569 4489 ipso
3630 4399 3964 4482 artifice,

2434 4517 2807 4591 cedendo.

2521 4631 2886 4704 Tenendo
2932 4632 3211 4723 igitur,
3251 4630 3455 4725 quod
3486 4629 3970 4701 instrumen-

2435 4753 2516 4822 ta
2558 4747 3028 4822 artificialia
3070 4768 3226 4819 non
3270 4749 3453 4819 sunt
3507 4746 3973 4819 formaliter

2435 4864 2726 4947 activa,
2765 4867 2897 4937 sed
2967 4870 3282 4938 tantum
3336 4865 3520 4935 sunt
3567 4864 3973 4956 receptiva

2436 4984 2851 5075 cujusdam
2895 4978 3237 5055 effectus
3297 4980 3605 5073 prioris
3664 4981 3971 5053 ordina·

2436 5103 2497 5177 ti
2568 5102 2664 5173 ad
2714 5099 3097 5172 effectum
3159 5097 3562 5178 ultimum,
3636 5097 3971 5190 apparet

2438 5218 2700 5311 magis
2762 5216 3299 5310 propositum,
3355 5215 3758 5307 quomodo
3848 5218 3972 5288 Sa·

2438 5340 2947 5410 oramentum
3002 5335 3268 5427 potest
3300 5331 3450 5404 dici
3489 5330 3970 5403 instrumen-

2435 5454 2637 5533 tum,
2702 5447 2891 5520 licet
2989 5465 3146 5517 non
3226 5442 3515 5515 habeat
3589 5442 3973 5515 virtutem

2444 5568 2796 5643 activam
2832 5563 3165 5659 proprie
3208 5564 3576 5655 respectu
3622 5558 3971 5642 termini,
