4255 6375
869 368 986 434 370

627 533 720 653 Ag·
849 528 1211 623 primum
1275 529 1479 613 dico,
1543 529 1749 622 quod
1791 528 1873 602 in
1929 529 2108 621 lege
2165 533 2404 602 erant

502 646 1221 736 argum.1.moralia,
1314 649 1484 720 sive
1564 646 1898 739 legalia,
1980 644 2405 740 judicialia

500 726 929 853 'sssssscgssssssff'et
996 765 1634 848 caeremonialia;
1705 769 1784 838 et
1856 769 2248 858 quantum
2309 764 2403 836 a'd

551 865 768 979 ῑιιῖἶῗο.
849 881 1254 974 quodlibet
1305 882 1684 965 istorum,
1738 885 2009 974 potest
2050 878 2403 971 intelligi

841 1001 1177 1075 verbum
1236 999 1545 1076 Christi
1612 1026 1626 1070 ε
1686 1003 1834 1069 Non
1901 1004 2058 1070 veni
2111 1003 2395 1080 solvere,

844 1122 995 1193 etc.
1087 1117 1278 1209 quia
1361 1116 1822 1208 Decalogus
1910 1115 2405 1210 simpliciter

845 1239 1144 1317 manet,
1217 1235 1350 1308 sed
1420 1234 1863 1328 perfectius
1929 1234 2396 1327 exponitur,

844 1370 1088 1442 quam
1129 1349 1386 1422 Judaei
1456 1348 1952 1441 intelligunt,
2019 1353 2103 1422 ut
2178 1351 2399 1442 patet

844 1466 1134 1541 Matth.
1177 1469 1245 1540 5.
1281 1468 1607 1547 Audistis,
1653 1470 1810 1556 quia
1850 1469 2101 1535 dictum
2149 1479 2244 1533 est
2279 1488 2399 1533 αη-

518 1613 704 1665 Matth.
731 1615 785 1666 5.
848 1586 1049 1671 liquis
1108 1611 1129 1651 .·
1197 1585 1346 1652 Non
1414 1584 1694 1652 occides.
1766 1585 1910 1673 Eyo
1964 1594 2186 1650 autem
2247 1584 2400 1649 dico

594 1678 796 1789 h‘ffiffi?
846 1703 1029 1769 vobis
1095 1728 1117 1768 .·
1201 1702 1604 1788 Quicumque
1685 1700 1942 1768 dixerit
2014 1701 2229 1784 fratri
2281 1720 2399 1766 suo

528 1803 803 1933 ”qggfgst
847 1821 1051 1899 Raca,
1115 1830 1234 1885 etc.
1301 1817 1401 1891 Et
1455 1843 1476 1884 .·
1533 1819 1685 1885 Non
1749 1818 2202 1898 maechaberiS,
2272 1828 2392 1885 etc.

533 1929 794 1982 veterem?
848 1936 990 2022 Eyo
1019 1946 1237 2001 autem
1280 1934 1431 2001 dico
1477 1934 1657 2000 vobis
1700 1960 1720 2000 .·
1768 1935 2172 2019 Quicumqtae
2208 1932 2397 1999 vide-

846 2052 941 2118 rit
963 2051 1308 2117 mulierem
1336 2050 1427 2115 ad
1457 2049 2051 2137 concupiscendum
2073 2071 2239 2129 eam,
2271 2060 2390 2115 etc.

525 2190 795 2242 Judieialia
936 2166 979 2236 J
989 2163 1366 2238 udicialia
1407 2167 1681 2236 autem
1718 2166 2066 2242 manent,
2103 2181 2264 2234 non
2317 2163 2394 2235 in

544 2255 794 2368 (Ῑῗξᾘᾱο
849 2299 958 2359 se,
1031 2279 1162 2351 sed
1232 2280 1313 2351 in
1370 2278 1948 2371 aequipollenti,
2002 2282 2394 2371 quantum

528 2386 786 2497 ᾖξ’ζῗξζ.
848 2396 940 2467 ad
1007 2394 1271 2467 finem.
1346 2395 1569 2467 Finis
1623 2395 1838 2468 enim
1886 2394 2393 2487 judicialium

583 2506 749 2560 ‘2⁴⁰-
846 2515 1025 2585 erat
1119 2512 1451 2606 pacifica
1536 2512 2041 2587 cohabitatio
2136 2512 2395 2585 horni-

844 2650 1033 2702 num
1083 2656 1098 2713 ;
1191 2650 1464 2703 mores
1561 2633 1835 2704 autem
1923 2628 2392 2721 Evangelici

841 2744 1023 2839 plus
1082 2745 1356 2819 valent
1414 2746 1508 2817 ad
1582 2743 2002 2838 pacificam
2062 2764 2394 2816 conver-

840 2862 1176 2942 sionem,
1240 2881 1481 2953 quam
1523 2861 1651 2933 lex
1703 2859 2063 2942 talionis,
2130 2861 2391 2952 magis

837 2978 1053 3051 enim
1115 2982 1499 3052 servatur
1541 2998 1723 3071 pax,
1780 2980 1848 3051 si
1895 3000 2056 3051 non
2111 2999 2394 3071 percu-

836 3096 994 3170 tias
1045 3096 1663 3189 percutientem,
1716 3117 1955 3189 quam
1997 3095 2065 3168 si
2110 3096 2389 3170 oculus

835 3234 986 3307 pro
1022 3214 1283 3297 oculo,
1319 3218 1400 3287 et
1438 3214 1630 3285 dens
1663 3233 1812 3307 pro
1844 3213 2079 3287 dente
2121 3213 2388 3286 redda-

835 3334 996 3404 tur.
1034 3331 1252 3402 Unde
1284 3329 1647 3403 breviter
1668 3331 1981 3402 nullum
2005 3329 2389 3423 judiciale

839 3446 1056 3519 illius
1101 3445 1302 3538 legis
1361 3444 1579 3537 (quia
1638 3445 1859 3518 illius
1901 3445 2132 3537 legis)
2186 3444 2388 3536 ligat

831 3582 1068 3644 nunc,
1109 3562 1295 3635 licet
1336 3565 1611 3635 tamen
1644 3562 1839 3634 bene
1877 3561 2385 3654 Principibus

832 3700 1041 3754 nunc
1075 3683 1440 3754 statuere
1473 3679 1774 3772 aliqua,
1821 3699 1993 3773 quae
2033 3683 2272 3753 erant
2304 3677 2384 3750 in

830 3795 1007 3887 lege
1057 3794 1367 3888 Moysi;
1415 3800 1496 3869 et
1539 3794 1679 3867 illa
1721 3794 1983 3885 ligant
2024 3794 2387 3869 auctori-

826 3916 996 3986 tate
1089 3911 1521 4004 PrincipiS,
1612 3931 1824 3983 nunc
1911 3912 2380 3990 statuentis,

819 4050 983 4102 non
1017 4028 1514 4103 auctoritate
1547 4026 1750 4119 legis
1781 4027 2115 4100 veteris.
2156 4028 2380 4102 Sicut

820 4147 1013 4221 licet
1048 4146 1184 4219 uni
1231 4145 1436 4237 Regi
1472 4144 1551 4217 in
1595 4164 1846 4237 regno
1885 4166 2029 4217 suo
2079 4149 2381 4220 statue-

822 4284 909 4335 re
975 4263 1262 4353 legem,
1324 4282 1499 4354 quae
1558 4265 1683 4334 est
1745 4260 1824 4332 in
1885 4259 2047 4332 alio
2094 4278 2376 4351 regno,

822 4379 952 4451 scd
1007 4378 1148 4451 illa
1189 4397 1348 4450 non
1403 4378 1607 4468 ligat
1651 4376 1782 4459 ibi,
1842 4376 2030 4469 quia
2072 4377 2203 4448 lex
2252 4378 2376 4448 est

818 4494 1165 4568 alterius
1211 4493 1469 4585 regni,
1517 4481 1663 4564 ‘sed
1741 4491 1929 4585 quia
1999 4491 2379 4566 instituta

828 4613 962 4687 hic
1005 4612 1103 4686 ab
1138 4611 1299 4684 isto
1346 4612 1597 4701 Rege.

484 4747 798 4821 emmoni·
914 4725 1538 4804 Caeremonialia
1615 4727 1892 4795 autem
1969 4742 2131 4795 non
2212 4744 2379 4797 ma-

501 4813 786 4946 ωειῗὲιζιὶη
827 4848 1021 4919 nent
1054 4844 1134 4917 in
1169 4865 1278 4927 se,
1330 4844 1463 4915 sed
1512 4841 1593 4913 in
1643 4841 1813 4913 suis
1867 4839 2377 4933 significatis,

482 4951 789 5062 ignifflfis,
827 4962 1017 5055 quia
1104 4960 1394 5032 umbra
1477 4956 1842 5039 transiit,
1912 4962 1993 5031 et
2069 4957 2379 5031 veritas

824 5076 1242 5153 successit.
1306 5077 1601 5151 Omnes
1652 5073 1870 5147 enim
1935 5072 2095 5146 illae
2168 5075 2381 5166 puri-

819 5193 1241 5269 ficationes
1328 5188 1902 5282 significabant
2000 5190 2377 5282 purifica-

817 5314 1126 5389 tionem
1209 5330 1256 5382 a
1329 5311 1685 5402 peccato,
1769 5309 1847 5379 et
1930 5306 2092 5381 illae
2163 5309 2376 5382 obla·

816 5433 1083 5505 tiones
1135 5427 1599 5521 figurabant
1649 5423 2146 5499 oblationem
2200 5446 2373 5519 per·

816 5548 1119 5634 sectam
1171 5543 1509 5627 Christi,
1560 5548 1639 5618 et
1698 5546 1932 5615 actus
1992 5542 2381 5634 quosdam

2042 365 2189 431 ΜΒ.
2222 367 2325 431 1V.
2351 363 2946 434 smmlfflml

2518 527 2814 614 latriae,
2861 529 3066 615 fidei,
3120 532 3293 627 spei
3349 538 3431 609 et
3491 534 3886 613 charitatis
3927 540 3981 613 in

2515 646 2807 727 Deum;
2907 651 2989 722 et
3083 648 3253 723 haec
3350 656 3541 727 sunt
3631 656 3979 748 completa,

2514 759 2788 835 hostia
2831 763 2970 836 illa
3012 765 3184 858 jam
3221 767 3520 853 oblata,
3571 773 3649 843 et
3695 791 3822 864 per
3852 793 3982 846 eam

2517 877 2873 966 peccatis
2936 881 3336 971 purgatis,
3388 888 3471 958 et
3523 885 3885 965 mentibus
3929 887 3980 958 in

2515 991 2826 1065 cultum
2868 994 3013 1067 Dei
3044 996 3406 1072 directis.

2601 1107 2801 1181 Dico
2833 1130 3059 1203 ergo,
3097 1116 3306 1205 quod
3346 1135 3509 1188 non
3554 1116 3763 1190 venit
3798 1119 3981 1191 solve·

2516 1242 2604 1296 re
2697 1224 2983 1318 legem,
3080 1230 3208 1301 vel
3304 1231 3976 1315 circumcisionem,

2514 1347 2905 1433 quantum
2939 1345 3035 1418 ad
3065 1345 3452 1430 fructum,
3488 1349 3583 1421 ad
3617 1371 3829 1443 quem
3855 1358 3976 1423 erat

2514 1455 2918 1543 instituta,
2992 1461 3154 1534 imo
3233 1463 3581 1557 perfecit
3648 1485 3837 1548 eam,
3896 1488 3978 1539 cc

2512 1572 2824 1665 piosius
2904 1578 3347 1651 remedium
3398 1585 3482 1654 et
3541 1581 3772 1673 longe
3857 1603 3980 1675 per-

2509 1686 2800 1765 fectius
2850 1693 3369 1778 instituendo,
3432 1701 3518 1769 ut
3578 1698 3857 1773 dictum
3899 1706 3979 1772 est

2510 1805 2592 1878 in
2665 1806 3144 1883 declarando
3228 1812 3739 1905 suppositum
3808 1815 3977 1889 istius

2511 1924 3012 2016 quaestionis.

2596 2043 2711 2115 Ad
2732 2044 3463 2129 confirmationem,
3500 2070 3681 2123 cum
3722 2050 3975 2127 dicitnr.

2508 2157 2886 2234 Christus
2964 2161 3045 2233 in
3121 2184 3207 2235 se
3264 2162 3419 2237 fuit
3493 2166 3975 2251 circumcisus,

2508 2274 3009 2368 Respondeo,
3062 2299 3222 2350 non
3296 2282 3665 2373 oportuit
3727 2284 3980 2376 legisla-

2507 2394 2775 2466 torem
2871 2393 3155 2468 statim
3230 2395 3454 2471 circa
3539 2398 3979 2474 nativitatem

2508 2528 2739 2581 suam
2774 2509 3035 2602 legem
3075 2510 3321 2595 ferre,
3365 2518 3449 2589 et
3489 2516 3664 2590 ideo
3712 2516 3787 2589 in
3824 2517 3978 2609 prin·

2506 2625 2721 2718 cipio
2764 2627 2891 2699 sui
2934 2630 3330 2722 temporis
3372 2630 3504 2705 lex
3547 2633 3772 2725 prior
3798 2631 3979 2705 adhuc

2504 2739 2873 2825 duravit;
2928 2744 3132 2817 unde
3170 2750 3253 2820 et
3294 2746 3459 2833 illa,
3505 2769 3680 2841 quae
3727 2748 3980 2822 fuerunt

2505 2854 2710 2949 legis
2751 2863 3095 2942 naturae,
3158 2860 3489 2939 fuerunt
3564 2862 3981 2938 observande·¹

2504 2973 2731 3046 circa
2801 2976 3196 3068 Moysem,
3259 2999 3515 3072 usque
3575 2981 3670 3053 ad
3729 2984 3980 3073 tempus

2502 3088 2854 3165 dationis
2894 3091 3097 3185 legis
3142 3096 3224 3167 in
3285 3099 3560 3170 monte
3617 3096 3850 3174 Sinai;
3905 3095 3981 3167 ita

2503 3202 2660 3279 hic.
2708 3210 2808 3280 Et
2841 3203 3117 3282 eodem
3154 3212 3389 3285 modo
3445 3215 3713 3305 potest
3756 3211 3885 3285 dici
3921 3210 3981 3280 de

2502 3323 2691 3414 agni
2754 3325 3170 3401 Paschalis
3227 3329 3728 3402 comestione
3775 3329 3844 3401 in
3874 3348 3981 3400 coe·

2500 3458 2628 3522 na,
2683 3439 2871 3530 quia
2922 3442 3004 3512 in
3057 3449 3323 3517 morte
3366 3445 3678 3521 Christi
3715 3440 3977 3519 causali-

2500 3557 2629 3626 ter
2695 3555 3103 3648 expiravit
3163 3559 3294 3631 lex
3349 3565 3613 3645 vetus,
3661 3562 3828 3636 licet
3863 3578 3975 3632 non

2499 3689 2650 3763 pro
2685 3676 2899 3755 tunc,
2939 3675 3070 3770 sed
3106 3696 3255 3768 pro
3289 3682 3663 3771 tempore
3703 3677 3975 3771 publica-

2497 3784 2749 3859 tionis
2804 3787 3043 3881 hujus
3090 3811 3358 3864 causae
3408 3796 3490 3866 et
3542 3793 3739 3886 legis
3787 3795 3973 3864 Evan-

2497 3900 2804 3991 gelicae,
2848 3908 2928 3977 et
2989 3905 3161 3979 ideo
3223 3929 3475 4001 usque
3530 3911 3626 3982 ad
3670 3913 3970 3984 mortem.

2498 4020 2767 4111 potuit
2809 4021 3187 4097 Christus
3222 4025 3446 4100 licite
3480 4025 3623 4100 illa
3670 4043 3971 4100 caeremo·

2498 4134 2754 4208 nialia
2788 4157 3152 4212 servare.

2585 4251 2701 4324 Ad
2742 4254 3202 4338 secundum,
3257 4261 3530 4349 potest
3577 4257 3847 4353 exponi
3877 4253 3966 4329 foe-
3994 4341 4021 4354 Ψ

2496 4364 2641 4440 dus
2720 4369 3341 4462 sempiternum,
3417 4373 3501 4445 in
3573 4395 3687 4457 se,
3753 4373 3859 4446 vel
3913 4353 4005 4442 ink

2495 4482 3056 4573 aequivalente,
3120 4484 3246 4560 vel
3323 4486 3543 4562 forte
3622 4488 3856 4580 magis
3904 4482 3964 4555 ad

2458 4602 3003 4680 ·intellectum
3042 4606 3368 4692 litterae,
3424 4612 3634 4701 quod
3683 4614 3841 4685 erat
3878 4605 3964 4679 foe-

2493 4720 2639 4793 dus
2708 4724 3297 4816 sempiternum
3364 4724 3586 4801 inter
3645 4730 3865 4802 Deum
3911 4722 3962 4792 et

2494 4837 2933 4923 Abraham,
3005 4846 3086 4914 et
3155 4842 3627 4935 specialiter
3686 4845 3839 4934 eJus
3885 4857 3961 4910 se·

2496 4974 2703 5038 men,
2749 4956 2938 5048 quia
2968 4977 3409 5052 numquam
3477 4960 3633 5036 fuit
3682 4957 3864 5032 aliud
3897 4951 3961 5026 si·

2492 5091 2742 5165 gnum
2811 5075 3282 5168 specialiter
3357 5078 3577 5152 inter
3641 5082 3860 5154 Deum
3907 5073 3959 5142 et

2496 5190 2689 5265 illud
2770 5213 3047 5287 genus,
3139 5200 3220 5269 et
3318 5200 3591 5270 tamen
3674 5196 3958 5269 futurum

2491 5316 2674 5385 erat
2705 5312 3031 5404 aliquod
3073 5311 3398 5404 signum
3436 5312 3765 5393 foederis,
3805 5308 3957 5380 inter

2492 5428 2749 5501 Deum
2799 5433 2880 5504 et
2932 5432 3198 5503 totum
3249 5448 3505 5521 genus
3564 5431 3951 5504 humanum

2494 5548 2574 5618 et
2663 5544 2952 5619 melius
3048 5551 3230 5621 erat
3326 5547 3615 5623 semini
3693 5537 3952 5620 Abrahae
