4255 6375
1467 427 1663 490 DIST.
1707 428 1806 488 Vl.
1850 425 2214 502 QUAES‘rto
2238 425 2339 487 1x.
3372 420 3489 483 595

285 595 567 673 deducta,
603 606 713 660 aut
753 594 819 659 in
868 614 1180 679 expressa
1204 591 1526 658 sententia
1555 593 1815 655 Patrum

286 723 602 793 contenta,
648 732 795 799 quae
851 710 1041 776 aliter
1080 707 1355 794 intelligi
1418 706 1595 773 nullo
1631 705 1820 771 modo

281 842 527 914 posset;
579 849 653 894 ac
687 827 961 915 proinde
992 837 1066 893 ut
1098 844 1295 912 supra
1329 824 1821 901 notavimus,ex

1933 601 2156 655 tamen
2205 586 2557 653 tenendum
2588 598 2680 652 est
2720 589 2888 652 sicut
2918 584 3244 653 articulus
3282 586 3470 668 fidei,
3548 592 3791 669 Efficacia

1934 709 2091 793 quia
2148 707 2427 792 ponitur
2493 707 2567 770 in
2620 704 2916 790 symbolo
2955 705 3417 791 Apostolorum
3460 660 3822 791 fram-ffum-

1938 827 2032 889 ita
2070 824 2282 888 multa
2338 825 2479 889 alia
2558 821 2639 887 de
2672 824 3128 888 Sacramentis
3169 822 3484 887 Ecclesiae
3523 782 3804 835 cerutudo.

282 944 418 1032 ipso
478 945 634 1012 dicit
691 955 1077 1031 argumenta
1149 940 1228 1009 ad
1288 939 1684 1028 oppositum,
1721 957 1824 1002 os·
1935 958 2070 1003 non
2097 950 2255 1005 sunt
2287 960 2598 1025 expressa
2624 941 2701 1014 ‚in
2743 940 3128 1025 Evanyelio,
3168 950 3226 1005 et
3268 949 3487 1003 tamen

281 1071 463 1127 tenso
489 1060 911 1127 fundamento
952 1058 1323 1125 necessario
1354 1068 1418 1123 et
1457 1068 1635 1123 certo
1666 1073 1822 1120 con·
1938 1055 2246 1121 Ecclesia
2282 1066 2452 1121 tenet
2482 1057 2608 1120 illa
2646 1077 2781 1121 esse
2829 1057 3084 1121 tradita
3133 1056 3485 1122 certitudi-

280 1178 610 1259 clusionis,
648 1198 794 1245 esse
825 1176 1035 1243 facilis
1067 1173 1436 1252 solutionis»,
1492 1184 1685 1260 prout
1724 1170 1826 1256 ip·
1937 1174 2190 1239 naliter
2217 1174 2298 1238 ab
2327 1173 2681 1259 Apostolis,
2733 1182 2793 1237 et
2838 1173 3287 1258 periculosum
3329 1183 3488 1237 esset

281 1316 349 1361 se
376 1295 752 1363 doctissime
789 1294 1011 1376 solvit,
1060 1292 1399 1379 supposita
1450 1289 1831 1356 definitione

282 1433 391 1478 seu
433 1411 870 1480 declaratione
901 1410 1235 1487 Ecclesiae,
1274 1429 1422 1496 quae
1455 1408 1624 1474 hanc
1661 1405 1830 1473 veri-

286 1540 478 1594 tatem
620 1528 1016 1595 characteris
1131 1525 1561 1591 determinate
1681 1542 1827 1609 pro·

292 1644 493 1731 ponit.

371 1764 511 1829 Non
569 1782 726 1847 ergo
784 1762 1045 1828 incaute
1118 1759 1374 1826 locutus
1434 1769 1556 1836 est,
1624 1776 1833 1842 neque

288 1876 628 1943 veritatem
662 1876 1079 1956 characteris,
1120 1888 1188 1941 ut
1228 1874 1395 1940 dixit
1424 1875 1603 1950 Sot0‚
1630 1870 1838 1936 tenui-

285 2008 382 2060 ter
422 1994 728 2073 asseruit,
795 2014 1006 2081 neque
1045 1992 1111 2058 in
1152 1991 1421 2058 dubium
1475 1987 1831 2067 revocavit,

285 2108 396 2174 sed
440 2108 822 2176 firmissimo
854 2108 1273 2176 fundamento
1304 2104 1583 2172 asseruit
1614 2116 1837 2169 contra

287 2237 624 2311 neganteS,
679 2226 827 2292 licet
924 2224 1187 2291 modum
1264 2220 1679 2290 discurrendi
1776 2230 1841 2285 et

289 2341 606 2425 probandi
639 2341 917 2408 aliorum
961 2361 1091 2406 non
1136 2340 1461 2427 probavit,
1532 2349 1841 2422 tanquam

292 2456 735 2523 necessarium
779 2468 844 2523 et
889 2468 1255 2543 cogentem,
1322 2454 1474 2542 quia
1508 2474 1718 2539 neque
1776 2452 1839 2516 in

296 2572 625 2661 aliquibus
676 2585 848 2639 recte
888 2572 1255 2653 fundatum,
1311 2589 1522 2657 neque
1579 2569 1646 2634 in
1689 2568 1841 2634 reli-

293 2688 444 2774 quis
486 2701 826 2775 cogentem
861 2700 1283 2775 negante8‚ac
1323 2685 1594 2775 proinde
1633 2704 1846 2751 recur-

295 2805 379 2871 rit
441 2804 520 2871 ad
578 2805 892 2873 Ecclesiae
949 2804 1430 2883 auctoritatem,
1510 2823 1637 2868 non
1734 2821 1849 2886 per

290 2920 560 2987 modum
616 2921 944 3009 opinionis
984 2921 1300 2999 toleratae,
1344 2931 1456 2986 aut
1512 2919 1843 2992 humanae,

288 3037 536 3125 aliquid
568 3038 944 3117 asserentiS‚
991 3037 1106 3103 sed
1166 3035 1555 3104 declarantis
1605 3034 1850 3101 verita·

287 3167 421 3222 tem
493 3153 671 3239 fidei,
743 3175 891 3243 quae
956 3153 1304 3221 declaratio
1361 3174 1444 3220 eoe
1509 3151 1666 3218 dist.
1735 3149 1843 3217 25.

290 3270 486 3336 tertii
549 3280 783 3354 quoest.
872 3269 1097 3347 unica,
1160 3266 1587 3352 responsione
1625 3264 1715 3330 ad
1781 3265 1844 3328 2.

290 3388 365 3452 in
436 3386 594 3467 fine,
676 3384 986 3472 supponit
1043 3382 1515 3451 revelationem
1571 3401 1686 3467 per
1741 3379 1849 3444 do·

291 3503 574 3569 ctrinam
625 3501 925 3567 traditam
979 3521 1053 3566 ac
1121 3499 1394 3586 proinde
1454 3519 1603 3586 quae
1643 3495 1852 3564 conti-

296 3631 494 3687 netur
560 3618 628 3684 in
670 3618 1008 3703 Scriptura
1039 3628 1103 3683 et
1135 3616 1436 3682 Patribus
1493 3613 1853 3681 secundum

295 3735 724 3803 traditionem
760 3758 774 3814 ;
812 3735 985 3821 quod
1082 3733 1352 3821 perinde
1427 3731 1507 3799 de
1584 3731 1859 3797 veritate

294 3855 704 3921 characteris
768 3851 1195 3920 asserendum
1235 3861 1337 3918 est
1394 3871 1473 3920 ex
1520 3847 1861 3937 principiis

295 3971 448 4057 ejus
479 3969 793 4056 praedicto
833 3968 1006 4047 loco,
1042 3977 1106 4034 et
1141 3970 1212 4033 in
1245 3966 1603 4053 quoestione
1636 3965 1863 4050 prima

288 4086 591 4173 proloyi,
637 4097 697 4151 et
748 4091 811 4152 1.
855 4084 1014 4150 dist.
1066 4087 1172 4150 11.
1216 4092 1442 4170 quoest.
1491 4085 1552 4147 1.
1592 4102 1860 4167 respon-

291 4205 487 4269 sione
549 4202 641 4268 ad
729 4205 794 4268 2.
904 4211 1368 4288 aryumentum
1459 4198 1857 4277 Groecorum,

298 4317 478 4407 quod
510 4330 613 4384 est
652 4318 802 4399 tale,
847 4338 1089 4404 nempe
1137 4317 1481 4403 Spiritum
1563 4325 1868 4382 sanctum

292 4435 666 4522 procedere
713 4458 757 4501 a
799 4434 1005 4515 Filio,
1061 4456 1193 4500 non
1234 4454 1369 4500 esse
1415 4435 1738 4519 scriptum
1793 4432 1867 4496 in

301 4552 681 4638 Evanyelio
725 4604 738 4630 ,
785 4572 963 4638 erqo,
1037 4561 1161 4616 etc.
1232 4551 1430 4646 Cujus
1534 4547 1864 4634 responsi-

278 4683 529 4749 onem,
625 4668 775 4756 quia
863 4667 1135 4756 perinde
1180 4668 1483 4735 confutat
1525 4664 1870 4732 haereticos

311 4786 521 4872 hujus
566 4784 909 4872 temporis,
972 4786 1085 4873 qui
1162 4796 1406 4872 negant
1465 4784 1634 4849 hanc
1692 4781 1869 4848 veri-

309 4915 513 4970 tatem
579 4903 1000 4982 characteris,
1054 4903 1275 4969 visum
1325 4913 1424 4968 est
1462 4900 1540 4966 ad
1576 4898 1871 4986 proposi-

311 5031 462 5087 tum
533 5018 856 5105 integram
916 5016 1380 5096 transcribere,
1425 5028 1488 5083 et
1559 5016 1711 5102 quia
1749 5020 1871 5082 Do-

313 5134 516 5204 ctoris
555 5156 822 5202 sensum
854 5134 919 5201 in
962 5132 1328 5220 quaestione
1356 5131 1871 5219 praesenti,opti-
1902 5121 1909 5132 ⁸

324 5273 433 5318 me
490 5250 797 5318 declarat.

414 5369 519 5435 Ad
548 5370 879 5436 rationem
915 5368 1103 5431 illam
1152 5367 1235 5431 de
1277 5367 1641 5454 Evanqelio
1696 5370 1864 5448 dico,

324 5486 566 5574 inquit,
651 5486 826 5572 quod
904 5486 1244 5550 Christum
1310 5484 1718 5552 descendisse
1782 5487 1873 5552 ad

321 5605 627 5690 inferna,
702 5625 837 5670 non
906 5602 1176 5669 docetur
1252 5604 1325 5669 in
1382 5603 1770 5690 Evanqelio,
1811 5614 1871 5669 et

1944 1311 2176 1356 errare
2214 1291 2394 1354 circa
2452 1290 2597 1367 itta,
2672 1309 2816 1374 quoe
2888 1310 3025 1354 non
3093 1298 3347 1355 tantum
3407 1288 3489 1352 ab

1944 1407 2277 1492 Apo-stolis
2354 1405 2756 1471 descendunt
2825 1427 2950 1490 per
3012 1407 3284 1490 scripta,
3377 1403 3493 1468 sed

1946 1524 2149 1588 etiam
2242 1543 2365 1608 per
2468 1520 3010 1586 consuetudinem
3089 1520 3494 1586 universalis

1946 1638 2263 1703 Ecclesioe
2305 1637 2588 1704 tenenda
2613 1649 2791 1703 sunt.
2845 1638 2979 1702 Nec
3041 1636 3346 1702 Christus
3421 1637 3494 1702 in

1945 1755 2321 1840 Evanqelio
2388 1754 2610 1819 docuit
2667 1755 2896 1819 omnia
2934 1755 3350 1840 pertinentia
3407 1753 3496 1818 ad

1950 1871 2520 1957 dispensationem
2606 1872 3240 1949 Sacreamntorum,·
3316 1871 3495 1935 dioeit

1949 1987 2134 2051 enim
2166 1986 2519 2072 discipulis
2583 1989 2720 2053 suis
2787 1990 2861 2053 in
2898 1990 3158 2054 Ioanne
3182 2014 3202 2053 .·
3265 1988 3502 2053 Adhuc

1954 2104 2165 2170 habeo
2206 2105 2415 2170 multa
2461 2104 2644 2170 vobis
2711 2104 2952 2184 dicere,
3025 2103 3140 2168 sed
3186 2125 3322 2170 non
3375 2125 3498 2190 po-

1958 2225 2140 2289 testis
2163 2234 2438 2309 portare
2475 2223 2690 2304 modo,
2748 2245 2894 2288 cum
2970 2234 3188 2288 autem
3248 2223 3501 2288 venerit

1954 2339 2071 2404 ille
2099 2340 2402 2424 'Spiritus
2432 2340 2757 2419 veritatis,
2796 2338 3048 2405 docebit
3089 2358 3200 2403 vos
3248 2359 3502 2405 omnem

1954 2456 2330 2520 veritatem.
2368 2452 2581 2518 Multa
2621 2455 2834 2540 iqitur
2884 2453 3109 2518 docuit
3138 2474 3244 2518 eos
3282 2456 3501 2541 Spiri-

1958 2582 2061 2636 tus
2120 2582 2411 2651 sanctus,
2494 2594 2638 2660 quoe
2692 2593 2829 2638 non
2895 2585 3051 2639 sunt
3105 2574 3358 2658 scripta
3433 2573 3508 2638 in

1957 2688 2350 2775 EvanqeliO,
2417 2699 2477 2753 et
2544 2690 2672 2755 illa
2737 2690 2948 2755 multa
3013 2689 3315 2775 quaedam
3385 2710 3509 2775 per

1957 2806 2405 2893 scripturam,
2470 2808 2778 2896 quoedam
2820 2828 2945 2892 per
2972 2808 3509 2873 consuetudinem

1962 2922 2419 2989 tradiderunt.
2490 2924 2826 2990 Similiter
2865 2923 3132 2989 diversa
3192 2923 3509 3009 Symbola

1961 3038 2247 3104 diversis
2288 3038 2689 3126 temporibus
2705 3042 2862 3106 sunt
2892 3039 3096 3119 edita,
3136 3051 3368 3106 contra
3399 3039 3508 3104 di-

1960 3176 2186 3224 versas
2257 3157 2534 3224 hoereses
2609 3156 2690 3223 de
2745 3177 2914 3224 novo
2980 3159 3290 3238 orientes,
3353 3157 3512 3244 quia

1961 3274 2230 3360 quando
2260 3274 2643 3360 insurqebat
2727 3296 2898 3343 nova
2955 3275 3244 3353 liceresis,
3293 3295 3513 3341 neces-

1962 3394 2221 3459 sarium
2250 3403 2394 3458 erat
2463 3394 2812 3459 declarare
2851 3392 3221 3472 veritatem,
3271 3402 3505 3457 contra

1969 3530 2167 3595 quam
2206 3519 2350 3574 erat
2402 3509 2526 3574 illa
2575 3509 2866 3587 lucrosis,
2905 3529 3048 3594 quoe
3098 3508 3345 3572 veritas
3393 3507 3515 3571 etsi

1969 3627 2164 3706 prius
2196 3635 2348 3689 erat
2386 3625 2470 3690 de
2503 3624 2659 3706 fide,
2709 3645 2844 3689 non
2876 3634 3093 3689 tamen
3153 3635 3295 3688 erat
3318 3624 3513 3707 prius

1974 3751 2229 3808 tantum
2269 3743 2636 3821 declarata,
2682 3744 2853 3808 sicut
2887 3753 3041 3807 tunc
3069 3751 3301 3807 contra
3335 3761 3515 3806 erro·

1971 3879 2112 3923 rem
2159 3859 2455 3936 illorum,
2495 3859 2610 3942 qui
2639 3878 2783 3923 eam
2813 3857 3166 3942 neqabant,
3205 3868 3327 3922 etc.
3367 3859 3517 3921 erc

1977 3977 2232 4055 Doctor,
2277 3993 2428 4061 quae
2449 3984 2624 4040 recte
2655 3971 2989 4060 proposito
3020 3971 3510 4038 accommodan-

1974 4102 2102 4172 tur,
2148 4102 2212 4156 et
2259 4101 2359 4156 est
2388 4089 2679 4156 doctrina
2731 4089 3126 4156 universalis
3164 4102 3227 4157 et
3292 4091 3520 4156 Catho-

1975 4207 2120 4273 lica.
2176 4209 2323 4294 Ipse
2368 4227 2527 4293 ergo
2559 4207 2877 4274 reducens
2916 4207 3256 4273 veritatem
3296 4207 3520 4275 chara-

1976 4323 2174 4389 cteris
2222 4322 2302 4392 ad
2337 4321 3147 4410 Ecclesiae‘ssdefinitionem
3181 4335 3243 4388 et
3298 4332 3523 4388 aucto-

1980 4439 2262 4520 ritatem,
2341 4439 2654 4526 supponit
2742 4461 2887 4506 esse
2991 4440 3369 4517 revelatam,
3444 4460 3520 4505 ac

1981 4554 2256 4642 proinde
2286 4555 2608 4622 contineri
2643 4556 2705 4620 in
2754 4557 3087 4643 Scriptura
3144 4568 3255 4623 aut
3329 4556 3524 4623 tradi-

1978 4671 2184 4752 tione,
2230 4690 2424 4757 quam
2492 4668 2780 4737 Ecclesia
2819 4691 3082 4758 semper
3111 4671 3525 4738 conservavit

1980 4808 2095 4874 per
2133 4807 2360 4853 omnes
2409 4799 2659 4866 aetateS,
2697 4798 2761 4853 et
2802 4787 3219 4874 potissimum
3252 4809 3367 4875 per
3406 4790 3526 4852 Do·

1981 4915 2193 4971 ctores
2234 4916 2299 4970 et
2346 4907 2590 4970 Patres.
2634 4905 2732 4970 Ex
2780 4903 3020 4991 quibus
3050 4905 3325 4972 habetur
3388 4924 3524 4971 sco·

1990 5041 2118 5108 pus
2160 5019 2475 5099 DoctoriS,
2529 5031 2592 5086 et
2624 5019 2932 5087 resolutio
2975 5020 3176 5107 hujus
3252 5022 3526 5110 quaesti-

1979 5137 2150 5216 onis,
2186 5158 2335 5224 quae
2366 5136 2431 5202 in
2461 5137 2717 5204 duobus
2745 5139 3082 5206 consistit:
3111 5137 3398 5205 Primum
3430 5152 3528 5205 est

1989 5263 2236 5318 certum
2271 5265 2331 5318 et
2367 5256 2814 5320 necessarium
2858 5255 3373 5339 fundamentum
3412 5256 3528 5320 hu·

1985 5373 2105 5455 jus
2191 5372 2497 5436 veritatis
2562 5374 2794 5438 haberi
2857 5395 2942 5439 eae
2978 5373 3532 5439 determinatione

1987 5488 2319 5567 Ecclesia»,
2387 5509 2536 5574 quae
2611 5500 2711 5556 est
2751 5491 3114 5558 manifesta.
3160 5493 3526 5560 Secundum

1982 5617 2082 5672 est
2118 5608 2469 5674 veritatem
2517 5608 2732 5695 ipsam
2768 5611 2979 5694 fuisse
3025 5612 3404 5693 revelatam,
3447 5594 3529 5678 ac

3551 5152 3758 5202 Summa
3797 5166 3872 5200 re-

3580 5212 3843 5264 solutionis
3852 5248 3865 5264 .
