4255 6375
1413 413 1605 476 nisr.
1658 414 1753 477 vl.
1803 412 2163 490 QUAEsT1o
2209 415 2286 478 x.
3387 407 3506 470 647

1968 572 2283 650 ficienter,
2356 575 2615 638 sublato
2706 579 2927 636 tamen
3008 569 3508 651 impedimento.

2020 692 2377 768 Responsio
2410 688 2492 753 ad
2524 695 2940 769 argumenta,
2968 693 3098 750 tam
3130 684 3512 765 principalia

1968 823 2167 886 quam
2223 807 2347 870 alia
2389 825 2507 886 pro
2540 805 2875 885 opinione,
2928 810 3112 884 patet
3155 821 3240 866 ex
3293 804 3505 878 dictis,

1966 929 2034 985 et
2058 941 2142 985 ex
2163 926 2306 1001 ipsa
2336 925 2551 986 littera
2575 945 2590 998 ;
2627 927 2809 1002 patet
2839 924 3034 986 etiam
3055 920 3398 999 responsio
3430 920 3515 981 ad

1963 1039 2096 1113 ina,
2149 1057 2293 1118 quae
2347 1038 2690 1103 adducunt
2745 1037 3042 1101 moderni
3100 1041 3326 1099 contra
3374 1037 3512 1115 pri-

1964 1170 2166 1217 mamr
2208 1161 2491 1234 partem,
2559 1174 2690 1235 qua
2748 1158 3113 1217 sustinetur
3169 1153 3507 1215 character

1965 1288 2112 1334 esse
2142 1273 2398 1335 relatio,

2041 1385 2279 1449 Contra
2332 1391 2730 1451 sententiam
2799 1391 3091 1452 Durandi
3181 1391 3512 1454 disserunt
3568 1397 3836 1455 Sententia

1958 1503 2285 1578 moderni,
2322 1521 2467 1566 eam
2531 1507 2810 1570 maxime
2871 1517 3114 1588 urgent
3156 1512 3299 1572 loca
3349 1510 3510 1571 Con·
3563 1461 3831 1640 ,ἓξὲἓῗιῖἷ

280 573 469 637 licet
504 575 638 639 haec
685 578 826 655 ipsa
868 576 933 638 in
979 577 1228 638 bonum
1273 575 1729 639 determinatio
1775 576 1859 636 sit

278 709 320 753 a
364 694 588 772 gratia
620 695 856 757 actuali
896 696 1075 773 prius
1115 695 1464 769 excitante,
1513 710 1643 774 qua
1690 709 1851 771 praa-

272 812 569 876 venitur
620 812 946 874 voluntas,

379 931 524 991 Hoc
582 945 740 1008 ergo
800 928 1162 1006 supposito,
1208 925 1396 989 facile
1454 931 1558 988 est
1612 924 1847 986 intelli-

273 1057 468 1121 gere
532 1041 863 1121 quomodo
939 1041 1279 1103 character
1353 1039 1437 1100 sit
1495 1039 1852 1117 disponens

271 1155 379 1219 ad
444 1158 656 1219 bonos
700 1162 884 1219 actus
941 1162 1255 1236 tanquam
1310 1160 1636 1217 remotum
1679 1155 1850 1234 prin-

270 1276 567 1352 cipium,
615 1290 749 1335 non
795 1290 918 1352 per
959 1273 1276 1334 influxum
1331 1274 1397 1333 in
1439 1273 1619 1348 ipsos
1666 1278 1849 1334 actus

266 1391 861 1469 supernaturales,
907 1391 1027 1453 sed
1086 1392 1479 1470 inquantum
1563 1393 1849 1470 disponit

273 1503 385 1564 ad
415 1504 702 1576 habituS‚
755 1508 866 1583 qui
919 1505 1214 1582 proxime
1259 1508 1590 1586 attingunt
1637 1514 1842 1580 actuS,

145 4420 211 4470 tio

274 1628 368 1682 ut
415 1627 572 1683 sunt
612 1623 821 1701 gratia
853 1629 917 1683 et
954 1622 1215 1683 habitus
1264 1621 1482 1683 infusi.

378 1740 705 1800 Instantiae
734 1743 955 1800 autern
985 1737 1284 1800 adductae
1312 1746 1463 1800 sunt
1495 1738 1576 1799 de
1619 1738 1847 1799 babitu

273 1859 450 1921 fidei
511 1865 579 1922 et
626 1857 954 1921 charitatis
1009 1856 1092 1918 ad
1165 1862 1290 1922 hoc
1346 1862 1564 1937 ipsum
1623 1856 1839 1917 decla·

275 1976 618 2052 randum;
677 1978 912 2041 asserit
967 1994 1125 2057 ergo
1188 1975 1389 2038 fidem
1446 1979 1514 2038 et
1568 1974 1838 2035 charita-

280 2100 434 2157 tem
484 2095 887 2157 habitualem
942 2095 1256 2156 inclinare
1306 2092 1390 2154 ad
1432 2100 1618 2154 actus
1660 2107 1839 2162 suoS,

274 2213 451 2273 licet
493 2216 725 2272 neutra
755 2211 839 2271 sit
867 2210 1260 2288 principium
1310 2214 1682 2289 proximum
1713 2208 1843 2272 suf-

275 2328 520 2390 ficiens
580 2327 897 2391 credendi
957 2335 1068 2390 aut
1113 2328 1430 2410 diligendi
1472 2349 1487 2391 :
1530 2330 1845 2391 Inclinant

276 2453 526 2520 tamen,
588 2448 824 2525 inquit,
864 2453 934 2507 ut
976 2448 1500 2507 concurrentibus
1543 2447 1694 2510 alz‘z's
1740 2465 1842 2508 ne·

280 2562 591 2624 cessar-iis
655 2567 835 2623 actus
908 2562 1108 2622 bonus
1164 2561 1492 2636 eliciatur,
1551 2565 1678 2624 etc.
1744 2562 1842 2625 Ad

280 2680 433 2742 haec
492 2681 665 2742 enim
725 2679 1100 2741 necessaria
1163 2685 1316 2741 sunt
1379 2683 1719 2743 instructio
1779 2688 1846 2742 et

282 2796 634 2870 revelatio,
728 2812 1087 2858 concursus
1180 2799 1296 2858 Dei
1379 2814 1500 2875 per
1566 2799 1844 2876 gratiam

281 2913 721 2994 adjuvantem
774 2920 838 2975 et
880 2916 1299 2988 excitantem,
1354 2931 1497 2995 quae
1542 2915 1606 2976 in
1650 2915 1846 2994 justis

280 3029 492 3091 etiam
547 3029 922 3090 necessaria
984 3033 1106 3101 est,
1167 3038 1234 3091 et
1269 3032 1540 3091 attentio
1602 3035 1838 3108 poten-

280 3146 413 3207 tiae.
462 3147 613 3207 Sine
644 3145 743 3207 bis
784 3149 1009 3223 potest
1038 3160 1184 3207 esse
1229 3148 1512 3225 uterque
1553 3147 1841 3221 habitus,

281 3263 359 3318 ut
419 3256 482 3319 in
526 3272 737 3334 puero
795 3256 1229 3332 perveniente
1300 3257 1385 3318 ad
1452 3272 1641 3319 usum
1684 3260 1835 3320 rati-

281 3375 455 3447 onis,
486 3375 627 3434 sine
659 3376 813 3434 actu
840 3371 992 3435 fidei
1038 3378 1148 3433 aut
1197 3374 1549 3449 charitatiS,
1604 3392 1834 3453 quam-

282 3492 387 3554 vis
448 3492 512 3550 in
575 3508 652 3551 eo
720 3490 801 3550 sit
861 3490 1190 3550 inclinatio
1258 3493 1625 3569 habitualis,
1688 3510 1837 3571 quae

280 3625 424 3671 non
455 3607 692 3669 sufficit
742 3607 826 3668 ad
876 3612 1136 3681 actum,¹
1174 3612 1297 3671 nisi
1347 3612 1673 3688 praemissa
1727 3632 1837 3689 po-

283 3735 576 3801 nantur3
629 3726 723 3787 sic
798 3726 963 3803 lapis
1034 3728 1228 3788 etiam
1279 3733 1352 3789 ut
1407 3746 1667 3790 sursum
1713 3738 1835 3805 est,

280 3847 641 3909 inclinatur
710 3847 774 3908 in
860 3860 1055 3908 suum
1141 3853 1464 3922 centrum,
1541 3850 1838 3926 quamvis

280 3969 509 4025 actum
581 3966 1149 4042 proportionatum
1229 3964 1636 4028 inclinationi
1706 3983 1840 4028 non

280 4083 553 4157 habeat,
648 4081 863 4142 donec
962 4082 1222 4144 tollatur
1292 4082 1837 4161 impedimentum

287 4205 507 4264 motus
563 4198 649 4261 ad
693 4204 1015 4260 centrum.

371 4314 864 4378 Advertendum
919 4316 1214 4376 breviter
1266 4313 1370 4374 hic
1424 4317 1835 4381 Dominicum

294 4436 449 4496 Soto
499 4437 726 4493 notare
758 4430 1206 4494 inconstantiae
1245 4437 1543 4491 nostrum
1590 4435 1834 4498 Docto-

284 4567 452 4624 rem,
503 4550 688 4627 quasi
724 4547 789 4608 in
824 4546 1240 4609 distinctione
1284 4549 1491 4625 prima
1538 4565 1833 4631 negave-

287 4667 370 4729 rit
452 4667 901 4728 characterem
973 4681 1120 4727 esse
1182 4665 1682 4744 dispositionem
1751 4671 1832 4731 ad

284 4785 587 4864 granam,
636 4782 814 4861 quod
858 4782 962 4843 bic
1012 4781 1280 4844 tandem
1314 4784 1664 4859 concedit;
1712 4787 1832 4848 sed

282 4899 492 4962 facilis
536 4903 638 4961 est
678 4896 1145 4971 reconciliatio,
1202 4901 1355 4976 quia
1407 4900 1495 4960 ibi
1535 4905 1826 4978 negavit,

283 5020 352 5077 et
383 5017 579 5090 bene,
617 5031 762 5077 esse
796 5013 1288 5091 dispositionem
1314 5016 1828 5078 necessitantem

278 5134 543 5211 physice
603 5132 688 5193 ad
731 5132 1036 5210 gratiam,
1097 5136 1292 5208 prout
1349 5130 1454 5193 alii
1518 5147 1639 5208 per
1703 5133 1827 5195 hoc

280 5248 533 5312 salvant
583 5248 1029 5309 causalitatem
1074 5247 1413 5326 physicam
1459 5251 1527 5307 et
1582 5253 1826 5308 certam

281 5366 885 5437 sacramentorum3
922 5362 1026 5424 hic
1056 5368 1280 5425 autem
1325 5364 1631 5425 concedit
1675 5380 1823 5426 esse

289 5482 786 5558 dispositionem
820 5494 901 5549 ex
942 5479 1279 5541 voluntate
1326 5484 1391 5540 et
1420 5480 1825 5542 institutione

279 5588 489 5662 divina
532 5602 811 5672 tantum,
844 5595 1026 5677 quod
1058 5604 1122 5659 et
1161 5598 1511 5674 probatum
1570 5603 1669 5658 est
1698 5598 1826 5659 suf-

1960 1621 2281 1692 ciliorum,
2335 1637 2483 1699 quae
2534 1619 2761 1683 dicunt
2811 1624 3231 1686 Sacramenta
3282 1625 3506 1702 impri-

1956 1752 2140 1798 mere
2197 1738 2644 1800 characterem
2698 1741 2764 1799 in
2817 1740 3056 1814 anima,
3102 1748 3175 1803 ut
3245 1743 3510 1821 signum

1954 1855 2294 1932 spirituale
2341 1863 2407 1919 et
2449 1856 2767 1935 indebile,
2815 1872 2892 1919 ac
2925 1858 3204 1936 proinde
3236 1860 3508 1938 quidam

1958 1988 2105 2034 eam
2163 1974 2631 2049 condemnant,
2702 1980 2776 2035 ut
2837 1990 3223 2043 erroneam:
3280 1976 3514 2037 asserit

1956 2092 2253 2170 Vasquez
2317 2105 2451 2152 non
2500 2107 2649 2152 esse
2722 2090 3253 2164 condemnatam,
3334 2106 3512 2152 eam-

1956 2223 2086 2285 que
2162 2213 2433 2269 conatur
2495 2208 2769 2270 salvare.
2831 2209 3150 2270 Caeterum
3231 2221 3365 2269 non
3418 2211 3515 2268 est

1956 2324 2229 2388 dubium
2299 2326 2584 2390 Concilia
2652 2329 2834 2407 loqui
2890 2326 3261 2389 secundum
3331 2342 3505 2388 com·
3565 2340 3571 2346 ·

1952 2460 2225 2506 munem
2279 2445 2734 2523 acceptionem
2792 2451 2860 2507 et
2917 2461 3189 2506 sensum
3273 2445 3506 2507 Docto-

1951 2579 2099 2623 rum
2146 2570 2212 2625 et
2258 2564 2561 2639 Patrum;
2638 2570 2700 2624 et
2758 2561 3046 2625 definitio
3092 2561 3349 2641 proprie
3404 2561 3504 2622 in-

1956 2680 2380 2760 terpretanda
2455 2686 2556 2743 est
2618 2682 2810 2761 juxta
2867 2683 3155 2760 rigorem
3221 2685 3288 2741 et
3332 2696 3499 2744 com-

1951 2814 2225 2860 munem
2254 2801 2711 2875 acceptionem
2756 2797 3078 2873 dictionis,
3113 2813 3266 2859 nam
3307 2800 3498 2871 sicut,

1955 2923 2268 2995 tanquam
2312 2920 2682 2993 proximum
2735 2915 2915 2988 fidei,
2977 2917 3293 2977 asseritur
3346 2917 3499 2992 post

1948 3031 2401 3094 Tridentinum
2447 3049 2595 3093 sess,
2682 3032 2742 3093 6.
2807 3030 3119 3108 justitiam
3205 3035 3498 3092 nostram

1953 3152 2337 3225 consistere,
2372 3167 2507 3212 non
2553 3151 2620 3211 in
2650 3155 2799 3211 actu
2840 3149 3190 3229 praeteritO,
3238 3153 3351 3209 aut
3382 3146 3493 3208 ali-

1950 3284 2081 3347 quo
2158 3273 2411 3331 tantum
2484 3265 2714 3329 morali
2781 3268 3165 3343 inhaerente,
3231 3266 3353 3328 sed
3423 3266 3491 3327 in

1952 3386 2265 3464 qualitate
2316 3386 2536 3464 aliqua
2579 3386 2850 3465 phyisca
2893 3389 3355 3461 permanente,
3414 3400 3496 3444 ex

1952 3518 2030 3563 eo
2077 3503 2258 3581 quod
2318 3503 2572 3564 dicatur
2615 3502 2805 3564 nobis
2866 3503 3146 3577 infundi,
3237 3502 3494 3577 austri,

1952 3639 2258 3697 cresccre,
2287 3637 2601 3682 renovare
2628 3637 2766 3695 nos,
2801 3624 2926 3680 etc.
2976 3634 3124 3697 quae
3174 3617 3494 3680 denotant

1950 3743 2015 3802 in
2059 3742 2276 3819 rigore
2309 3736 2632 3799 sermonis
2673 3734 2919 3813 aliquid
2960 3735 3307 3814 physicum
3347 3750 3493 3812 per-

1948 3872 2250 3930 manenS,
2315 3854 2400 3916 ita
2446 3854 2643 3914 etiam
2709 3850 2989 3929 perinde
3037 3848 3307 3911 verbum
3365 3851 3494 3910 im-

1943 3974 2236 4048 primere
2280 3969 2552 4032 denotat
2605 3966 2954 4029 terminum
3002 3968 3274 4040 realem,
3329 3965 3499 4028 sicut

1951 4096 2007 4152 el
2036 4092 2295 4166 sz'ynum
2336 4086 2704 4160 spirituale,
2742 4084 2922 4165 quod
2963 4103 3088 4163 per
3129 4085 3490 4164 oppositio-

1950 4212 2103 4257 nem
2138 4195 2374 4256 dicitur
2402 4193 2486 4255 ad
2544 4195 2805 4272 signum
2849 4192 3160 4253 sensibile
3194 4197 3262 4253 et
3292 4197 3500 4253 mate-

1949 4304 2133 4378 riale,
2182 4320 2324 4381 quae
2380 4306 2534 4363 sunt
2588 4300 3161 4362 denominationes
3225 4299 3491 4361 desum-

1949 4417 2075 4490 ptae
2118 4427 2153 4471 a
2200 4410 2439 4487 reipsa,
2503 4423 2652 4487 quae
2711 4404 3072 4486 significat;
3147 4409 3493 4468 materiale

1947 4525 2194 4592 autem,
2240 4524 2303 4580 et
2345 4518 2688 4595 spirituale
2728 4522 2882 4578 sunt
2942 4515 3319 4577 differentiae
3372 4532 3492 4577 en-

1945 4630 2023 4691 tis
2066 4628 2285 4712 realis,
2331 4633 2395 4689 et
2436 4644 2570 4688 non
2598 4626 2889 4687 rationis,
2925 4624 3216 4687 Haeretici
3269 4626 3485 4698 etiam,

1944 4739 2053 4815 qui
2096 4739 2490 4816 impugnant
2531 4716 2915 4807 Ecclesiam,
2970 4736 3059 4795 ita
3111 4734 3493 4815 intelligunt

1945 4843 2085 4921 ejus
2144 4843 2566 4916 sententiam,
2599 4858 2823 4919 neque
2881 4842 2947 4902 in
2992 4843 3118 4903 hoc
3164 4841 3481 4905 condem-

1941 4956 2207 5021 nantur,
2249 4949 2370 5010 sed
2407 4949 2474 5011 id
2521 4965 2599 5011 eo
2647 4949 2824 5028 quod
2872 4950 3213 5011 veritatem
3262 4947 3486 5009 defini-

1945 5062 2075 5119 tam
2149 5061 2451 5135 negent;
2551 5056 2733 5117 unde
2822 5056 3150 5136 colligitur
3247 5054 3478 5117 defini-

1943 5167 2186 5226 tionem
2244 5163 2328 5224 ad
2385 5162 2560 5224 aliud
2615 5180 2831 5242 genus
2880 5161 3103 5224 formae
3143 5161 3396 5223 referri.

2019 5270 2377 5333 Difficulter
2417 5273 2612 5332 etiam
2661 5273 2950 5333 salvatur
3005 5287 3203 5347 posse
3249 5271 3476 5330 Sacra-

1937 5387 2236 5442 mentum
2319 5381 2696 5457 imprimere
2768 5380 3153 5441 relationem
3210 5379 3479 5440 rationis

1937 5489 2004 5549 in
2070 5489 2311 5562 anima,
2382 5492 2456 5547 ut
2515 5503 2637 5564 per
2697 5503 2771 5548 se
2821 5489 3028 5564 patet,
3091 5485 3244 5566 quia
3319 5485 3478 5548 nillil

1939 5597 2115 5659 aliud
2160 5602 2262 5659 est
2325 5613 2521 5675 quam
2580 5598 3096 5672 Sacramentum,
3145 5595 3325 5677 quod
3399 5614 3477 5659 ex
