4255 6375
744 420 863 483 524

740 604 957 653 smum
999 586 1327 667 collatum,
1379 609 1509 655 non
1552 601 1652 655 est
1692 587 2027 655 sufficiens
2059 586 2286 673 regula

737 703 1074 789 operandi,
1116 717 1231 771 aut
1261 705 1705 793 suspendendi
1738 726 1931 792 opus,
1968 703 2142 792 quod
2184 715 2285 769 est

661 870 666 876 .
738 820 804 887 in
848 834 1196 908 praecepto,
1236 823 1419 889 verbi
1476 823 1714 910 gratia,
1752 823 1808 888 si
1850 822 2284 909 scrupulosus

740 958 869 1005 non
901 938 1128 1006 recitet
1158 938 1471 1018 officium,
1507 940 1585 1005 ad
1628 940 1794 1028 quod
1830 960 1909 1006 ex
1953 952 2285 1026 praecepto

737 1065 1022 1132 tenetur,
1070 1074 1150 1120 ex
1191 1075 1264 1119 ea
1304 1053 1747 1140 suspicatione
1780 1074 1906 1140 qua
1938 1053 2123 1119 timet
2153 1053 2284 1122 dis-

738 1172 1018 1252 tractim,
1065 1187 1127 1241 et
1157 1176 1299 1242 sine
1329 1179 1709 1257 attentione,
1764 1190 1875 1245 aut
1916 1174 2287 1243 reverentia

737 1289 951 1356 debita
990 1314 1061 1358 se
1099 1292 1425 1360 dicturum
1467 1294 1779 1375 officium,
1821 1307 1889 1360 ut
1939 1293 2132 1360 debet
2206 1312 2287 1358 ex

739 1420 1062 1494 praecepto
1131 1410 1494 1497 religionis,
1570 1423 1853 1497 peecat3
1927 1412 2021 1477 sic
2088 1413 2284 1479 etiam

740 1523 1068 1611 obligatus
1100 1524 1176 1589 ad
1212 1527 1538 1613 Jejunium
1576 1548 1702 1593 non
1782 1540 2135 1595 excusatur
2203 1550 2282 1593 ex

743 1639 869 1705 levi
944 1642 1340 1727 suspicione,
1411 1664 1604 1730 quam
1695 1643 1891 1710 habet
1956 1645 2284 1732 jeJunium

746 1755 1112 1821 nociturum
1157 1757 1416 1823 sanitati
1456 1759 1801 1845 corporali.
1840 1761 1908 1824 ln
1955 1759 2289 1847 proposito

568 1965 578 1970 ἣ
747 1884 959 1938 autern
1003 1873 1098 1939 sic
1146 1874 1493 1961 contingit,
1565 1875 1714 1962 quia
1765 1875 2054 1962 suspicio
2123 1876 2289 1942 levis

438 1949 696 2084 P¹ffii<¹>¹¹¹¹'
749 1987 829 2053 de
872 2001 1076 2055 morte
1116 2011 1317 2075 puero
1368 1990 1726 2070 inserenda,
1773 1992 1942 2059 sicut
2005 2014 2130 2059 non
2189 2006 2289 2060 est

407 2073 729 2190 ggffiffnab
754 2103 979 2188 regula
1027 2105 1336 2191 operandi
1383 2106 1818 2193 proxima,sic
1851 2128 1978 2173 non
2018 2119 2289 2174 excusat

464 2209 656 2316 Jeffi'g·
752 2220 1154 2288 omittentem
1202 2236 1597 2310 praeceptum
1655 2223 1953 2291 divinum
1995 2237 2059 2291 et
2098 2237 2288 2291 natu-

752 2336 905 2416 rale,
952 2358 1078 2425 qua
1109 2351 1366 2405 tenetur
1396 2339 1741 2427 providere
1782 2340 1974 2406 saluti
2019 2340 2289 2409 infantis

749 2454 1122 2521 moribundi
1197 2456 1299 2546 5¹¹..
1331 2455 1435 2521 illa
1507 2456 1932 2536 necessitate.;
2005 2457 2291 2545 suscipio

745 2571 920 2636 enim
973 2571 1079 2637 illa
1128 2571 1512 2659 concipitur,
1559 2573 1662 2639 vel
1717 2595 1797 2639 ex
1845 2573 2063 2640 causis
2114 2595 2288 2639 mor-

747 2688 829 2753 tis
862 2708 989 2752 non
1030 2688 1570 2770 subsistentibuS,
1619 2690 1721 2757 vel
1764 2690 1951 2756 valde
1991 2690 2284 2770 remotiS‚

743 2804 847 2871 vel
906 2825 1054 2890 quae
1124 2804 1474 2891 proeveniri
1555 2805 1741 2871 facile
1812 2818 2109 2893 possunt,
2184 2805 2288 2872 vel

746 2917 1119 2987 inefficaces
1241 2921 1463 3008 sunt?
1498 2920 1575 2986 ad
1663 2921 1843 2988 illum
1953 2923 2280 3002 effectum,

747 3036 1024 3124 ideoque
1066 3059 1190 3103 non
1234 3051 1549 3105 excusant
1609 3059 1645 3104 a
1705 3051 2029 3126 praecepto
2084 3039 2289 3128 bapti·

746 3153 956 3233 zaudi,
1010 3152 1162 3241 quia
1236 3174 1448 3242 neque
1503 3155 1830 3243 applicant
1891 3167 2289 3244 praeceptum

746 3272 826 3337 dc
883 3273 1232 3351 contrario,
1280 3273 1465 3339 verbi
1533 3274 1767 3361 gratia,
1822 3296 1953 3341 non
2008 3275 2285 3355 occides,

744 3410 821 3454 eo
873 3388 1064 3454 modo
1133 3401 1195 3455 et
1260 3389 1675 3472 sufficientia,
1722 3413 1847 3480 qua
1908 3405 2006 3459 est
2063 3393 2289 3479 regula

746 3504 1063 3571 inducens
1135 3505 1602 3593 obligationem
1633 3490 1636 3493 ’
1665 3508 1729 3574 in
1792 3509 1911 3574 hac
1993 3510 2284 3590 materia,

748 3622 898 3709 quia
936 3622 1015 3689 ad
1057 3624 1181 3690 hoc
1229 3624 1584 3712 requiritur
1621 3626 1943 3713 judicium
1984 3626 2289 3694 determi-

745 3751 993 3805 natum.

835 3860 1159 3933 Quantum
1228 3858 1305 3924 ad
1387 3861 1922 3927 irrationabilem
1973 3884 2289 3948 prcesum·

420 3978 691 4053 Irraubna-
744 3972 1057 4056 plionem,
1098 3993 1246 4058 quae
1307 3973 1456 4039 facit
1504 3973 1827 4062 judicium
1895 3974 2289 4042 determina-

441 4066 718 4178 uidbsslirdcit.
746 4097 882 4152 tum
926 4098 988 4153 et
1027 4088 1495 4155 conscientiam
1537 4110 1903 4170 erroneam,
1941 4092 2294 4179 respondet

427 4195 692 4303 οέἑξξξξῖἰῑξ
743 4222 890 4268 eum
934 4225 1080 4271 esse
1122 4205 1528 4293 perplexum,
1576 4227 1705 4272 non
1736 4229 1809 4274 ex
1851 4207 1994 4295 lege
2037 4208 2283 4287 divina,

435 4319 694 4429 ”3333OE
745 4321 898 4410 quia
956 4321 1171 4410 reipsa
1226 4342 1354 4388 non
1414 4337 1836 4403 concurrunt,
1884 4346 2094 4413 neque
2155 4326 2282 4404 hic,

438 4445 685 4510 obligare-
747 4458 957 4526 neque
1003 4438 1067 4504 in
1112 4438 1236 4505 alia
1269 4440 1558 4521 materia,
1599 4440 1722 4507 duo
1756 4455 2079 4530 praecept-2
2120 4442 2287 4531 legis

742 4554 989 4623 divinae
1049 4557 1397 4636 contraria,
1460 4571 1775 4646 quantum
1845 4559 1921 4624 ad
1983 4559 2285 4647 obligati·

740 4693 931 4740 onem
970 4695 1278 4761 unquam,
1318 4673 1419 4739 vel
1454 4675 1518 4740 in
1560 4675 1711 4741 ullis
1740 4675 2278 4756 circumstantiiS,

739 4792 890 4880 quia
931 4791 1025 4857 sic
1063 4804 1234 4858 esset
1289 4790 1712 4877 impossibilis
1770 4813 1995 4858 eorum
2064 4793 2285 4861 obser-

736 4911 955 4977 vantia
1014 4922 1238 4977 contra
1292 4910 1587 4977 Trident.
1650 4933 1802 4978 sess.
1848 4914 1913 4979 6.
1959 4934 2103 4999 cap.
2173 4917 2278 4981 11.

736 5044 884 5090 can.
953 5028 1057 5091 18.
1130 5022 1283 5111 quia
1350 5023 1568 5091 minus
1651 5024 1821 5091 cedit
1907 5026 2159 5114 majori,
2226 5028 2279 5093 si

738 5139 869 5206 sint
901 5140 1306 5207 diversarum
1342 5141 1685 5221 virtutum,
1723 5141 1825 5207 vel
1858 5140 1911 5207 si
1955 5141 2275 5229 ejusdem,

741 5263 1100 5333 secundum
1166 5260 1500 5327 diversum
1576 5258 1896 5340 ordinem,
1943 5282 2072 5348 quo
2142 5263 2279 5349 ipsa

1897 425 2041 488 LIB.
2088 426 2186 487 1V.
2222 425 2823 488 SENTEN'rlARUn

2396 585 2608 652 virtus
2639 587 2968 674 sequenda
3020 599 3158 665 est;
3202 584 3308 653 vel
3348 583 3615 668 denique
3647 602 3721 646 ex
3752 580 3897 646 sub·

2394 703 2805 772 ordinatione
2853 704 2932 771 ad
2984 704 3295 782 invicem,
3359 701 3523 767 sicut
3574 699 3897 785 positivum

2394 823 2858 890 subordinatur
2934 822 3210 889 naturali
3240 845 3257 900 ς
3342 831 3440 886 est
3501 829 3699 884 tamen
3758 838 3898 903 per·

2393 941 2623 1027 plexus
2655 963 2735 1008 ex
2768 941 3039 1008 scientia
3071 941 3171 1006 vel
3207 937 3596 1006 conscientia
3623 955 3893 1011 erronea,

2393 1078 2469 1124 ac
2500 1056 2771 1144 proinde
2804 1070 3047 1144 peccat,
3086 1056 3140 1123 si
3172 1055 3452 1129 omittat,
3487 1052 3631 1140 quia
3652 1072 3769 1118 non
3798 1051 3899 1116 ha·
3939 1035 3968 1084 3

2397 1173 2504 1239 bet
2544 1172 2976 1260 ignorantiam
3041 1170 3509 1249 invincibilem,
3562 1181 3667 1234 aut
3709 1169 3901 1254 impo-

2395 1289 2664 1354 tentiam
2706 1287 3096 1354 observandi
3149 1297 3545 1373 praeceptum
3601 1283 3903 1370 baptizan-

2398 1406 2487 1472 di.
2526 1409 2750 1472 Peccat
2793 1405 2987 1471 etiam
3027 1404 3083 1470 si
3125 1403 3429 1490 baptizat,
3461 1400 3607 1488 quia
3665 1413 3907 1465 tenet-ur

2400 1542 2529 1588 non
2597 1521 2851 1608 operari
2928 1505 3151 1587 contra
3209 1517 3692 1596 conscientiam,
3727 1517 3907 1582 etiam

2397 1658 2762 1715 erroneam,
2805 1637 2956 1724 quia
2987 1636 3082 1703 sic
3119 1635 3472 1719 operando,
3515 1646 3579 1700 et
3614 1633 3910 1720 judicans

2398 1751 2826 1819 determinate
2892 1772 2962 1818 se
3021 1752 3235 1817 facere
3282 1761 3503 1815 contra
3536 1760 3911 1835 praeceptum

2400 1873 2535 1953 Dei,
2572 1886 2672 1940 est
2730 1886 3144 1959 contemptor
3189 1871 3521 1959 praecepti,
3578 1869 3914 1936 secundum

2396 2012 2649 2058 omnes.
2688 1990 2856 2068 Quid
2912 2012 3073 2077 ergo
3125 1986 3517 2077 agendum?
3569 1989 3919 2074 Respondet

2399 2110 2634 2173 Doctor
2689 2126 2835 2172 esse
2921 2104 3399 2192 deponendam,
3462 2124 3605 2191 quae
3643 2101 3919 2169 doctrina

2398 2233 2497 2288 est
2524 2222 2918 2301 eommunis,
2956 2222 3106 2307 quia
3146 2241 3275 2286 non
3326 2219 3508 2307 ligat,
3553 2219 3674 2284 nisi
3704 2239 3921 2306 quam·
3978 2288 3988 2301 ,

3988 2352 4005 2367 a*
4041 2350 4080 2371 Τμ
4089 2354 4108 2367 ο·

2401 2337 2509 2403 diu
2563 2349 2664 2402 est
2711 2357 2793 2402 ex
2833 2335 3286 2423 suppositione
3356 2335 3726 2416 credentiae,
3805 2353 3923 2418 qua

2400 2452 2825 2520 determinate
2896 2463 3079 2540 putat
3144 2474 3215 2519 se
3308 2450 3920 2538 obligaripraeoepto

2400 2570 2646 2646 divino,
2722 2588 2784 2637 et
2844 2569 3129 2637 ostendit
3205 2567 3465 2635 modum
3545 2589 3669 2655 quo
3703 2567 3926 2653 deponi

2402 2699 2612 2774 potest
2651 2709 2729 2753 ex
2761 2685 3287 2753 consideratione
3321 2686 3440 2764 rei,
3483 2686 3629 2773 quia
3686 2686 3925 2750 fatuum

2399 2814 2500 2869 est
2559 2815 2787 2890 putare
2843 2823 2925 2869 ex
2987 2801 3240 2868 modica
3309 2824 3498 2891 aqua,
3554 2821 3676 2888 qua
3723 2799 3928 2865 infans

2400 2922 2691 3008 tangitur
2724 2920 3102 3007 baptizando
3143 2919 3385 3006 ipsum,
3416 2919 3632 2985 inferri
3666 2929 3926 2984 mortem

2392 3038 2504 3104 ‘vel
2563 3037 2757 3104 etiam
2808 3038 3179 3119 accelerari,
3235 3039 3387 3125 quia
3455 3058 3573 3104 nec
3635 3057 3714 3102 ex
3757 3036 3929 3123 prin·

2399 3153 2588 3241 cipiis
2640 3164 2909 3234 naturoe‚
2984 3165 3096 3220 aut
3142 3154 3269 3221 ulla
3302 3153 3511 3242 praxi,
3583 3164 3687 3219 aut
3753 3164 3928 3218 statu

2403 3270 2671 3338 infantis
2740 3270 2802 3337 id
2868 3271 3224 3359 colligitur,
3286 3293 3437 3338 cum
3501 3283 3564 3338 et
3661 3269 3928 3335 infantes

2397 3388 2736 3455 tenerrimi
2767 3387 2961 3455 etiam
2992 3409 3195 3455 causa
3235 3387 3470 3455 salutis
3509 3408 3671 3476 aqua
3718 3387 3926 3474 tepida

2398 3506 2782 3573 abluantur.

2489 3622 2612 3689 Sed
2680 3620 2835 3709 quid
2894 3622 2950 3688 si
3011 3622 3161 3693 talis
3230 3641 3362 3687 non
3401 3620 3734 3708 deponens
3784 3642 3927 3687 con·

2401 3738 2744 3805 scientiam
2820 3738 3125 3826 baptizet,
3199 3738 3413 3804 eritne
3474 3736 3924 3823 irregularis?

2398 3854 2773 3943 Respondet
2805 3876 2931 3921 non
2985 3876 3131 3922 esse
3190 3854 3642 3941 irregularem,
3707 3853 3816 3921 sed
3863 3873 3928 3918 se

2399 3971 2644 4049 debere,
2673 3993 2902 4059 gerere
2935 3982 3006 4039 ut
3057 3971 3510 4059 irregularem,
3572 3970 3779 4037 donec
3821 3969 3926 4035 de·

2404 4100 2593 4177 ponat
2628 4110 2942 4155 errorem.
2983 4091 3133 4157 Haec
3185 4089 3503 4176 principia
3584 4089 3927 4176 plurimum

2400 4206 2743 4272 advertant
2794 4205 3163 4293 scrupulosi
3221 4206 3288 4271 in
3321 4205 3661 4293 quibusvis
3684 4206 3934 4272 materi-

2401 4320 2481 4400 is,
2517 4321 2668 4408 quia
2704 4322 2825 4409 ipsi
2858 4322 2984 4388 sibi
3012 4321 3214 4388 nodos
3249 4334 3313 4388 et
3343 4321 3609 4411 laqueos
3647 4323 3931 4409 alligant,

2398 4450 2771 4526 quaerentes
2830 4458 3054 4525 pacem
3087 4438 3534 4518 conscientiae,
3571 4439 3926 4515 destruunt,

2398 4554 2463 4623 in
2523 4557 2664 4644 ipsa
2725 4557 3084 4625 meridiana
3134 4559 3281 4624 luce
3320 4558 3506 4645 quasi
3568 4558 3645 4624 ad
3680 4558 3930 4623 umbras

2392 4674 2729 4763 caligant;
2806 4675 2978 4742 unde
3027 4674 3082 4741 si
3117 4695 3343 4761 pacem
3402 4687 3723 4762 quaerant,
3780 4674 3929 4739 obe-

2395 4789 2576 4856 diant
2605 4790 2749 4857 aliis
2772 4790 3223 4877 spiritualibus
3272 4803 3336 4857 et
3357 4789 3591 4871 doctis,
3631 4790 3765 4857 suis
3802 4789 3926 4855 ehi-

2396 4907 2642 4988 maeriS,
2681 4928 2843 4996 quas
2894 4910 3133 4975 humor
3183 4908 3690 4975 melancholicus
3753 4909 3923 4996 inge-

2394 5037 2605 5106 nerat,
2642 5045 2771 5092 non
2805 5025 3090 5105 subsint,
3127 5037 3191 5092 et
3222 5026 3349 5093 sibi
3381 5025 3747 5093 diffidentes
3778 5046 3923 5114 qua·

2392 5142 2448 5209 si
2490 5142 2565 5209 ad
2611 5162 2842 5209 manus
2872 5142 3146 5209 aliorum
3180 5143 3580 5211 directorum
3607 5143 3916 5224 incedant,

2394 5263 2601 5330 donec
2644 5262 2871 5329 videre
2913 5263 3252 5351 incipiant.

4021 1062 4028 1065 -
4041 1054 4100 1079 ‚1¹12-

3997 1180 4088 1201 .'!¹.}1=
4099 1186 4106 1196 ο

4025 1248 4032 1251 ⁴
4053 1244 4068 1267 ὁ
4093 1245 4098 1251 .

4002 2141 4119 2225 ‚12⁵⁶-

3998 2215 4139 2277 ff.

3993 2290 4034 2305 422
4043 2287 4090 2309 aa..
4097 2290 4114 2301 >-
