4255 6375
409 1549 481 1613 Cy
486 1548 652 1599 rillus.

376 1565 643 1662 Arelaten
623 1625 674 1659 e

386 1672 689 1726 Cononium.

508 2835 589 2884 ⁴3.

466 2899 633 2949 Verun

460 2974 637 3011 sensus

415 3024 674 3075 Canonum
685 3063 698 3076 .

713 437 834 500 678
1945 440 2088 504 1213.
2123 442 2223 503 lv.
2275 441 2878 507 SENTENTIARUM

713 614 814 668 est
844 623 957 688 per
999 604 1370 671 unctionem
1414 606 1788 672 chrismatis
1840 605 2113 693 intelligi
2147 608 2256 672 Sa-

712 722 1116 776 cramentum
1193 711 1744 795 confirmationis,
1826 725 1893 780 ut
1936 727 2108 800 patet
2176 736 2256 780 ex

713 826 973 889 Canone
1063 826 1395 910 praecitato
1481 824 2181 912 constantinopolitani
2242 851 2254 894 :

716 937 1106 1022 Recipimus,
1186 936 1425 1025 inquit,
1516 939 1925 1025 obst‘qnando
1984 941 2263 1028 (supple

713 1050 1062 1119 haereticos
1119 1073 1285 1140 quos
1344 1055 1699 1140 memorat)
1730 1056 1869 1122 sive
1924 1056 2264 1143 unqendos

711 1170 1009 1256 primum
1105 1179 1335 1235 sancto
1419 1171 1777 1235 chrismate
1823 1181 1883 1235 et
1943 1170 2256 1256 frontem,

716 1295 777 1349 et
841 1285 1084 1365 oeulos,
1149 1296 1209 1350 et
1266 1306 1484 1362 nares,
1532 1297 1591 1351 et
1639 1306 1731 1362 os,
1806 1297 1865 1351 et
1932 1307 2149 1364 aures,
2204 1299 2266 1352 et

719 1421 824 1464 eos
878 1403 1217 1488 siynantes
1255 1401 1538 1468 dicimus
1577 1404 1995 1488 siynaculum
2050 1402 2265 1468 dona-

723 1517 925 1581 tionis
983 1518 1278 1602 Spiritus
1331 1519 1567 1597 sancti,
1634 1529 1756 1582 etc.
1804 1517 1915 1604 qui
1945 1531 2047 1583 est
2100 1517 2266 1583 ritus

724 1630 1149 1698 confirmandi
1210 1654 1289 1698 ex
1338 1633 1578 1719 Cyrillo
1654 1654 1850 1720 supra
1924 1633 2143 1711 citat0,
2207 1646 2271 1700 et

724 1747 1101 1814 Arelatense
1141 1750 1188 1814 1.
1235 1751 1313 1814 Si
1366 1750 1810 1837 perviderint,
1888 1750 2123 1838 inquit,
2197 1753 2269 1817 in

722 1864 929 1929 Patre
996 1874 1057 1929 et
1137 1865 1312 1931 Filio
1379 1878 1439 1931 et
1525 1869 1789 1954 Spiritu
1853 1880 2080 1935 sancto
2164 1890 2270 1933 eos

719 1980 930 2061 fuisse
968 1980 1337 2066 baptizatos
1369 1981 1635 2069 (supple
1672 1983 1975 2071 Arianos)
2033 2005 2269 2050 manus

722 2105 978 2160 tantam
1039 2097 1135 2160 eis
1176 2098 1585 2183 imponatur,
1623 2108 1691 2162 ut
1741 2100 2078 2186 accipiant
2114 2102 2268 2187 Spi-

718 2212 923 2276 ritum
960 2223 1279 2277 sanctum.
1318 2215 1397 2278 Et
1426 2216 1749 2283 Arelaten.
1780 2220 1857 2283 11.
1887 2218 2161 2306 loquens
2193 2217 2273 2285 de

720 2329 991 2408 eisdem,
1056 2341 1120 2396 et
1170 2330 1550 2398 Bonasianis
1617 2333 1763 2411 rite,
1808 2345 1872 2399 et
1929 2333 2006 2399 ad
2086 2333 2271 2400 invo-

722 2446 1040 2512 cationem
1074 2445 1411 2513 Trinitatis
1446 2447 1783 2525 baptizatis
1818 2471 1833 2516 ε
1878 2448 2043 2513 Cum
2094 2450 2274 2514 cliri-

722 2573 930 2627 smate
959 2562 1193 2649 inquit,
1229 2574 1289 2628 et
1321 2584 1556 2630 manus
1598 2565 2016 2651 impositione
2045 2565 2119 2630 in
2153 2565 2272 2630 Ec-

729 2679 929 2743 clesia
970 2679 1184 2765 recipi
1236 2680 1511 2763 suflicit,
1559 2693 1689 2746 etc.

824 2794 1276 2881 Respondet-ur
1325 2817 1482 2882 ergo
1530 2800 1907 2883 praemissos
1982 2804 2274 2869 Canones

736 2911 1195 3000 intelligendos
1226 2935 1370 2981 esse
1400 2915 1480 2981 de
1534 2916 1904 3002 signatione
1970 2931 2032 2985 et
2104 2921 2273 2986 chri·

734 3045 944 3102 smate
974 3041 1450 3117 sacramentali,
1488 3038 1657 3125 quod
1720 3041 2014 3107 conferre
2053 3054 2274 3128 potue-

733 3165 886 3220 runt
920 3155 1319 3234 SacerdoteS,
1351 3168 1413 3223 et
1461 3157 1874 3224 conferebant
1938 3157 2276 3246 dispensa-

733 3269 889 3351 tive,
929 3258 1053 3337 non
1089 3272 1298 3340 solum
1333 3273 1396 3339 in
1432 3274 1716 3341 Ecclesia
1782 3276 2117 3359 Orientali,
2212 3277 2275 3342 in

730 3407 857 3477 qua
889 3388 997 3455 ille
1030 3409 1167 3455 mos
1201 3390 1555 3458 etiamnum
1590 3392 1802 3472 durat,
1837 3394 1950 3461 sed
1982 3396 2177 3461 etiam
2212 3394 2275 3460 in

729 3502 1058 3591 aliquibus
1109 3506 1403 3593 partibus
1462 3507 1767 3576 Ecclesiae
1817 3511 2270 3591 OccidentaliS,

729 3633 799 3685 ut
830 3620 894 3685 in
926 3621 1351 3708 sequentibus
1382 3624 1704 3705 dicemus;
1743 3628 1865 3693 hoc
1894 3640 2110 3695 autem
2147 3647 2275 3695 non

729 3736 918 3817 tollit,
963 3738 1121 3825 quin
1155 3739 1516 3826 Episcopus
1557 3740 1642 3807 sit
1677 3741 1973 3809 minister
2017 3743 2274 3810 ordina·

730 3854 867 3920 rius
928 3855 1310 3921 necessitate
1378 3858 1802 3924 Sacramenti.
1876 3862 2011 3926 Huc
2081 3860 2275 3926 etiam

731 3980 976 4055 spectat
1006 3972 1222 4035 Canon
1283 3971 1389 4037 ille
1427 3972 1663 4039 citatus
1714 3973 2085 4060 Presbyter,
2138 3976 2272 4063 qui,

733 4096 803 4152 ut
843 4096 1015 4152 recte
1054 4086 1389 4154 adnotavit
1430 4091 1665 4155 Suarez
1730 4101 1954 4157 contra
2021 4094 2273 4172 Sotum,

732 4217 830 4272 est
862 4204 1117 4271 Martini
1180 4206 1659 4286 Bracharensis‚
1724 4228 1851 4272 non
1911 4209 2168 4276 Martini
2226 4210 2274 4276 1.

734 4322 796 4387 in
829 4322 1113 4389 Concilio
1162 4326 1473 4389 RomanO.
1526 4326 1845 4390 Caeterum
1933 4326 2101 4392 male
2144 4326 2283 4412 ipse

731 4443 964 4505 Suarez
1002 4438 1344 4505 confundit
1375 4440 1557 4506 illum
1588 4461 1736 4506 cum
1779 4444 2080 4508 Canone:
2139 4465 2279 4509 om-

728 4557 802 4621 ni
886 4567 1193 4644 tempore,
1275 4556 1427 4644 quia
1510 4556 1574 4623 in
1646 4558 1932 4625 editione
2022 4562 2279 4628 Martini

729 4674 1186 4739 Bracharensis
1251 4673 1493 4740 diversi
1565 4686 1742 4753 sunt,
1811 4695 1963 4742 nam
2028 4677 2283 4763 primus

728 4800 826 4854 est
863 4809 1073 4854 canon
1125 4791 1231 4855 52.
1278 4788 1435 4857 alter
1477 4810 1634 4856 vero
1665 4812 1883 4859 canon
1951 4796 2060 4860 51.
2142 4794 2278 4875 sed,

731 4914 799 4970 ut
837 4903 1050 4982 cred0,
1106 4904 1249 4971 ideo
1298 4905 1634 4972 confundit
1704 4918 2077 4997 utrumque,
2157 4930 2285 5000 quo

729 5020 1153 5109 intelligatur,
1202 5032 1268 5087 ut
1311 5021 1450 5109 ipse
1507 5022 1645 5091 vult
1687 5046 1834 5092 cum
1871 5030 2045 5095 Sot0.
2096 5031 2288 5097 Intel=

731 5138 845 5225 ligi
897 5149 1174 5217 tantum,
1224 5140 1595 5206 unctionem
1638 5145 2163 5213 caeremonialem
2221 5148 2285 5214 in

734 5254 975 5321 vertice
1034 5255 1395 5342 praescribi,
1440 5257 1503 5323 in
1566 5273 1838 5346 utroque
1914 5260 2076 5342 loco,
2148 5265 2288 5332 sive

735 5393 930 5451 unuS,
992 5373 1135 5440 sive
1174 5373 1259 5438 sit
1304 5394 1510 5440 canon
1583 5376 1927 5452 diversus:
1984 5380 2095 5446 sed
2179 5403 2287 5447 ne·

735 5507 859 5573 que
918 5485 984 5552 in
1034 5506 1187 5569 une,
1252 5509 1462 5574 neque
1512 5490 1576 5556 in
1637 5491 1837 5557 altero
1913 5494 2288 5581 assequitur

737 5601 1133 5669 intellectum
1219 5625 1566 5689 canonum,
1657 5607 1807 5694 quia
1883 5630 2133 5691 revera,
2218 5622 2286 5678 ut

2373 605 2533 688 dixi,
2590 605 2829 675 diversi
2869 621 3023 677 sunt
3054 609 3143 674 illi
3186 612 3482 676 Canones
3530 610 3591 675 in
3646 610 3869 677 editione

2375 716 2860 796 BracharensiS‚
2924 739 3040 783 seu
3081 718 3371 784 collectis
3402 720 3568 807 ejuS,
3615 731 3674 785 et
3704 719 3868 786 diver·

2374 841 2445 887 sa
2499 823 2954 908 praescribunt.
3009 827 3374 911 Utrumque
3417 838 3633 890 autem
3668 823 3866 891 desum·

2377 936 2506 1022 psit
2575 958 2655 1002 ex
2744 938 3053 1005 Toletano
3112 940 3158 1007 1.
3233 960 3384 1005 can.
3461 942 3573 1005 20.
3641 941 3698 1005 in
3752 962 3865 1027 quo,

2379 1064 2571 1134 prout
2653 1073 2848 1138 supra
2971 1054 3344 1120 notavimus
3432 1053 3632 1120 dubio
3724 1076 3869 1142 super

2376 1168 2840 1235 commissione
2879 1171 3214 1256 potestatis
3265 1169 3683 1237 benedicendi
3713 1173 3870 1237 chris—
3937 1216 4029 1267 tm

2380 1301 2507 1361 ma,
2554 1282 2837 1367 primum
2889 1284 3126 1354 dicitur
3155 1306 3320 1373 pene
3397 1287 3640 1374 ubique
3695 1288 3869 1353 ohser-
3914 1279 4047 1390 ξιξ-ῃ

2379 1407 2599 1462 vatum
2641 1418 2808 1480 esse,
2877 1411 2947 1465 ut
2995 1400 3240 1487 absque
3274 1400 3599 1488 Episcopo
3633 1402 3910 1514 Chrisma²¹
3948 1415 4062 1514 ἔξω

2382 1534 2571 1578 nemo
2625 1514 2964 1595 conficiat;
3012 1516 3246 1583 deinde
3315 1538 3478 1583 usus
3538 1519 3872 1584 contrarium
3893 1528 4066 1594 &2sz

2380 1631 2749 1719 aliquorum
2828 1633 3117 1699 locorum
3162 1644 3227 1700 et
3269 1635 3773 1712 Provinciarum,
3829 1636 3876 1701 in
3972 1605 4002 1636 ἱ

2383 1747 2623 1835 quibus
2668 1750 3039 1835 Presbyteri
3101 1750 3390 1817 chrisma
3460 1752 3875 1828 conficiebant;

2382 1867 2572 1930 tertio
2605 1863 2907 1931 inhibitio
2933 1866 3108 1933 illius
3139 1888 3330 1936 usus:
3373 1869 3666 1951 Placuit,
3696 1869 3880 1956 inquit,

2383 2002 2468 2046 esc
2495 1983 2619 2047 laac
2652 1982 2761 2049 die
2791 1985 3048 2049 nullum
3081 1985 3316 2058 alium.
3355 1987 3496 2051 nist
3541 1986 3884 2072 Episcopum

2383 2100 2676 2165 chrisma
2707 2102 3051 2184 conficere,
3088 2114 3149 2167 et
3174 2125 3298 2190 per
3350 2104 3686 2169 dioecesim
3728 2103 3887 2167 desti·
3905 2095 4054 2144 m

2383 2236 2569 2290 nare,
2607 2218 2702 2282 ita
2735 2219 2914 2283 atde
2940 2220 3226 2306 sinyulis
3263 2220 3588 2286 Ecclesiis
3616 2220 3701 2287 ad
3764 2219 3887 2304 Epi·
3923 2224 4037 2270 θεὼ

2382 2355 2649 2419 scopum
2679 2347 2829 2400 ante
2862 2337 3038 2401 diem
3092 2337 3360 2403 Paschae
3411 2339 3701 2404 Diaconi
3733 2339 3893 2403 desti·

2390 2462 2653 2530 nentur,
2703 2465 2818 2519 aut
2877 2456 3309 2537 Subdiaconi,
3393 2463 3516 2546 qui
3583 2465 3892 2547 consectum

2390 2568 2680 2634 chrisma
2777 2569 2858 2635 ab
2955 2575 3283 2663 Episcopo
3376 2579 3770 2645 destinatum
3833 2579 3898 2646 ad

2387 2683 2565 2750 diem
2615 2688 2886 2754 Pascha?
2924 2694 3184 2777 possint
3220 2694 3313 2759 ad
3354 2705 3613 2783 tempus
3648 2697 3899 2780 deserre;

2388 2801 2624 2869 deinde
2665 2805 2884 2871 subdit
2954 2821 3211 2894 quart0,
3257 2811 3430 2899 quod
3505 2814 3694 2881 liceat
3788 2815 3901 2901 Epi·

2392 2938 2589 3003 scopo
2636 2922 2811 2987 omni
2881 2936 3173 3011 tempore
3219 2929 3517 2994 chrisma
3593 2929 3899 2999 conficere:

2393 3034 2620 3119 quinto
2647 3039 2791 3103 sine
2883 3042 3287 3108 conscientia
3359 3044 3694 3132 Episcopi
3768 3047 3903 3111 nihil

2389 3153 2654 3236 penitus
2750 3155 3132 3243 Presbyteri
3227 3182 3429 3248 aqere
3506 3175 3900 3251 proesnmant‚·

2390 3279 2575 3334 sexto
2614 3283 2926 3339 statutum
2969 3294 3125 3341 vero
3192 3288 3292 3342 est
3375 3279 3731 3348 Diaconum
3797 3300 3895 3345 non

2390 3383 2772 3467 chrismare,
2873 3389 2987 3456 sed
3111 3393 3582 3479 Presbyterum
3675 3400 3894 3465 absente

2391 3499 2754 3588 Episcopo;
2819 3521 3142 3591 praesente
3195 3530 3376 3588 vero,
3455 3534 3593 3579 non
3670 3514 3783 3582 nisi
3837 3513 3896 3579 ab

2389 3620 2710 3705 Episcopo
2766 3621 2962 3690 suerit
3009 3638 3435 3712 praeceptum.

2479 3739 2572 3802 Ex
2606 3737 2812 3804 tribus
2842 3761 3000 3828 ergo
3033 3742 3262 3827 primis
3292 3744 3614 3815 clausulis
3663 3750 3896 3816 Cauonis
3983 3752 4024 3798 ⁴*

2388 3864 2641 3920 constat
2682 3875 3049 3922 sermonem
3127 3880 3274 3927 esse
3358 3862 3438 3929 de
3547 3866 3898 3932 confectione

2390 3982 2452 4035 et
2491 3970 2781 4055 ejusdem
2833 3972 3307 4045 benedictione.
3369 3981 3616 4054 Quarta
3655 3983 3899 4050 clausula

2393 4095 2604 4170 potest
2641 4088 2863 4154 referri
2907 4090 2984 4157 ad
3028 4092 3222 4174 idem,
3268 4108 3332 4163 et
3371 4098 3575 4164 etiarn
3610 4099 3687 4166 ad
3725 4101 3896 4188 ipsum

2396 4200 2858 4284 ministerium,
2933 4207 3075 4274 sive
3133 4211 3509 4280 unctionem
3577 4216 3641 4281 in
3707 4219 3896 4292 fronte,

2394 4317 2562 4386 sicut
2611 4332 2673 4385 et
2736 4326 3097 4410 sequentia,
3155 4330 3329 4416 quia,
3400 4346 3472 4398 ut
3505 4354 3586 4399 ex
3631 4334 3896 4416 Hierony·

2395 4454 2500 4499 mo
2574 4436 3004 4521 ostendimus,
3068 4443 3299 4513 licebat
3351 4450 3556 4517 etiam
3625 4449 3898 4525 niaoonis,

2395 4550 2563 4616 sicut
2630 4573 2708 4618 ex
2786 4554 3043 4625 licentia
3117 4562 3505 4632 solemniter
3600 4569 3898 4655 baptizare.

2398 4665 2482 4730 ita
2542 4687 2792 4755 ungere
2829 4672 3186 4743 chrismate
3253 4680 3318 4745 in
3388 4685 3682 4764 vertice;
3765 4706 3900 4751 nun·

2396 4805 2588 4871 quam
2683 4802 2897 4857 autem
3012 4794 3194 4863 licuit
3261 4798 3422 4884 ipsis
3530 4802 3898 4869 confirmare.

2398 4903 2657 4986 Oportet
2698 4925 2855 4991 ergo
2897 4909 3004 4975 hic
3066 4912 3338 5001 intelligi
3426 4918 3781 4988 chrismare
3850 4919 3898 4982 in

2398 5040 2473 5086 eo
2535 5042 2757 5102 sensu,
2806 5046 2932 5113 quo
3000 5049 3330 5117 nunquam
3410 5033 3612 5104 liceat
3671 5037 3898 5104 Diacono

2396 5139 2780 5221 chrismare,
2873 5155 2983 5209 aut
3050 5144 3230 5213 licuit
3283 5149 3435 5236 jure
3510 5152 3730 5219 divino
3809 5174 3897 5218 ve-

2400 5267 2594 5323 tante.
2647 5257 2740 5323 Ad
2783 5259 3068 5347 reliquos
3110 5262 3271 5329 bene
3331 5271 3683 5354 respondet
3711 5277 3899 5358 praeta-

2397 5386 2502 5439 tus
2551 5379 2792 5441 Auctor
2853 5388 2918 5442 et
2957 5380 3139 5444 Sot0.
3937 5434 4062 5491 w

2485 5493 2580 5556 Ex
2665 5491 2764 5557 his
2838 5492 3225 5581 intelligitur
3308 5519 3391 5566 ex
3487 5518 3691 5592 parte,
3776 5504 3892 5592 quid
3971 5508 4050 5595 ’ἢ

2398 5605 2740 5673 dicendum
2791 5609 2873 5675 sit
2931 5611 3006 5678 ad
3077 5611 3231 5680 illud
3275 5618 3452 5703 quod
3498 5625 3888 5694 Doctorasse·
3934 5576 4013 5629 μ’
