4255 6375
1409 403 1607 466 DlS'l'.
1642 404 1767 465 Vll.
1818 403 2179 480 QUAEsTlo
2228 406 2273 468 Ι.

93 552 229 628 ²¹4:
290 574 478 647 gunt
515 571 624 627 aut
653 563 913 642 Suarez,
942 575 1054 630 aut
1086 567 1303 645 Sotus,
1341 565 1552 651 quasi,
1590 586 1669 631 ex
1710 585 1856 631 sen-

93 633 232 676 381,

98 696 177 728 m
290 676 508 742 tentia
545 677 836 744 Doctoris
870 679 978 757 sit,
1036 701 1185 745 cum
1219 693 1436 747 tamen
1496 702 1576 746 ex
1618 701 1858 767 suppo-

93 760 141 790 Ι..

93 2147 199 2197 :tio

93 2227 147 2260 ΓΕ
154 2227 189 2258 Ζ

93 2663 260 2710 Ude-

286 793 544 860 sitione
645 795 964 862 dictarum
1046 798 1450 877 Glossarum,

284 910 681 997 intelligunt
748 912 1246 1000 Hieronymum,
1312 914 1702 982 sententiam
1786 915 1853 980 il·

282 1027 431 1094 lam
489 1028 769 1116 applicat
839 1030 916 1097 ad
959 1031 1392 1118 quaestionem
1426 1032 1854 1118 etresponsi-

280 1163 494 1210 onem
530 1144 965 1231 objectionis;
1030 1158 1094 1211 et
1133 1145 1280 1212 data
1338 1147 1612 1213 veritate
1679 1156 1855 1212 ante-

277 1258 613 1341 cedentiS,
685 1260 1020 1328 conclusio
1080 1262 1325 1348 optime
1386 1263 1709 1351 sequitur,
1791 1274 1854 1330 et
1958 1260 2465 1348 jurisdictionis.
2542 1262 2606 1328 Si
2671 1273 2771 1327 est
2796 1260 3301 1348 Jurisdictionis,
3370 1272 3514 1327 actu

280 1374 466 1440 tollit
541 1374 1018 1455 difficultatem,
1091 1399 1241 1464 quae
1303 1379 1515 1465 magis
1584 1378 1650 1444 in
1734 1381 1857 1445 hac
1966 1377 2107 1462 ejus
2139 1376 2451 1462 suspendi
2514 1387 2724 1463 potest
2796 1378 3082 1442 maxime
3133 1377 3196 1441 in
3249 1388 3512 1442 senten-

1967 1494 2052 1559 tia
2121 1496 2193 1559 D.
2248 1496 2542 1571 Thomae,
2607 1504 2676 1559 ut
2722 1492 3055 1559 annotavit
3121 1491 3515 1559 Scholiastes

291 1490 665 1580 quaestione
723 1504 1006 1580 torquet,
1071 1493 1396 1580 quomodo
1436 1494 1689 1561 scilicet
1738 1518 1852 1582 po—

3387 401 3506 465 683

1972 565 2292 652 quaeritur
2367 587 2447 631 an
2507 567 2590 633 sit
2650 564 3158 653 jurisdictioniS,
3193 585 3340 632 cum
3385 583 3513 629 nun

1968 681 2053 747 sit
2091 681 2375 762 Ordinis,
2421 703 2568 748 cum
2608 683 2733 748 alia
2767 683 2844 748 ad
2895 680 3336 748 ministerium
3388 700 3518 745 non

1549 818 1698 886 quae
1765 798 1854 864 ita
1966 798 2275 878 deservit,
2316 819 2525 884 neque
2556 797 2900 884 imaginari
2936 807 3173 884 potest,
3210 795 3362 884 quia
3386 816 3520 860 om-

1967 912 2069 978 nis
2102 924 2387 1000 potestas
2418 914 2630 979 activa
2677 914 2741 978 in
2777 913 3169 992 hierarchia,
3225 924 3291 979 et
3340 912 3518 978 hier·

1963 1028 2182 1095 archis
2232 1028 2708 1095 Ecclesiasticis
2776 1028 2855 1094 ad
2931 1029 3199 1095 alteram
3282 1029 3515 1094 harum

1964 1143 2185 1211 reduci
2218 1155 2430 1232 potest
2457 1156 2521 1210 et
2576 1144 2791 1227 debet,
2836 1165 3070 1231 nempe
3099 1143 3350 1211 ordinis
3408 1154 3518 1210 aut

3645 1275 3801 1324 Posse
3821 1328 3830 1337 ·

3596 1330 3835 1405 suspenfh

3568 1407 3741 1452 actum
3765 1408 3846 1466 Ju-

3544 1461 3874 1517 risdictioms.

296 1607 506 1673 tuerit
548 1607 869 1689 Pontifex,
906 1631 980 1676 ea
1020 1631 1169 1697 quae
1212 1623 1367 1679 sunt
1410 1612 1671 1699 propria
1706 1613 1856 1699 jure
1966 1602 2220 1667 scholio
2269 1603 2332 1665 2.
2362 1621 2510 1666 cum
2590 1610 2874 1686 potestas
2926 1599 3333 1680 inferiorum,
3371 1621 3519 1687 quae

298 1721 534 1788 divino
576 1723 918 1812 Episcop0,
968 1727 1266 1793 conferre
1310 1728 1642 1795 Sacerdoti
1705 1728 1860 1794 sim-

302 1839 487 1926 plici,
541 1862 688 1906 cum
726 1842 1023 1910 minister
1061 1857 1308 1930 spectet
1348 1845 1425 1911 ad
1488 1846 1859 1913 essentialia

305 1956 740 2023 Sacramenti.

404 2070 528 2136 Sed
559 2071 874 2159 objiciunt
906 2074 1155 2160 praefati
1211 2080 1521 2143 Auctores
1571 2090 1864 2165 tempore

308 2186 609 2272 Gregorii
667 2187 997 2275 simplices
1064 2191 1441 2258 Sacerdotes
1498 2192 1702 2261 fuisse
1770 2195 1861 2260 di·

193 2318 215 2333 ·
311 2303 589 2371 stinctos
631 2304 711 2370 ab
744 2305 1101 2393 EpiscopiS,
1143 2320 1210 2374 ut
1251 2320 1423 2396 patet
1463 2331 1543 2375 ex
1584 2310 1861 2376 decretis

311 2421 713 2487 anteriorum
743 2445 757 2500 ;
792 2433 855 2488 et
902 2443 983 2489 ex
1035 2425 1156 2491 hac
1213 2423 1354 2511 ipsa
1410 2427 1856 2508 concessione,

316 2558 467 2625 quae
541 2537 857 2605 limitatur
912 2540 992 2605 ad
1085 2542 1445 2608 absentiam
1526 2542 1855 2629 Episcopi.

317 2657 443 2723 Sed
486 2658 627 2724 haec
667 2656 903 2744 replica
936 2659 1155 2726 nescio
1186 2660 1339 2746 quid
1382 2659 1571 2726 faciat
1603 2660 1681 2726 ad
1704 2667 1863 2747 'pro-

319 2774 643 2859 positum,
691 2773 794 2840 vis
834 2775 1005 2840 enim
1058 2775 1507 2862 responsionis
1568 2777 1859 2843 Doctoris

311 2902 435 2971 est,
509 2911 590 2956 ex
656 2891 1033 2977 hypothesi,
1087 2892 1257 2979 quod
1318 2892 1382 2957 in
1436 2890 1665 2958 ordine
1749 2907 1860 2959 aut

312 3006 720 3073 institutione
757 3007 1003 3087 divina,
1095 3007 1269 3074 nulla
1310 3007 1431 3074 fuit
1497 3007 1861 3076 differentia

306 3123 388 3189 ab
450 3124 635 3191 initio
676 3124 844 3191 inter
875 3125 1287 3192 Sacerdotem
1320 3137 1382 3193 et
1434 3127 1853 3214 Episcopum,

306 3240 394 3307 ita
427 3240 622 3311 etiam
664 3262 782 3307 nec
824 3262 998 3307 nunc
1037 3262 1207 3322 esse,
1248 3264 1321 3309 ac
1392 3244 1664 3331 proinde
1711 3246 1859 3330 jure

303 3356 530 3427 divino
571 3368 634 3422 et
666 3356 1075 3423 institutione
1125 3359 1527 3424 Sacramenti
1588 3360 1859 3447 perinde

305 3484 598 3559 spectare
647 3475 791 3562 ejus
836 3472 1250 3540 collationem
1325 3474 1402 3540 ad
1457 3476 1857 3568 Episcopum

307 3603 368 3657 et
400 3589 813 3657 Sacerdotem
852 3589 1245 3677 simplicem,
1291 3590 1462 3657 inter
1498 3612 1662 3679 quos
1711 3592 1858 3659 data

308 3707 681 3793 hypothesi,
757 3707 810 3773 si
890 3706 1299 3792 admittatur,
1354 3718 1452 3773 est
1482 3707 1853 3774 differentia

306 3822 519 3889 solum
571 3823 721 3910 jure
752 3822 1237 3901 EcclesiasticO,
1300 3822 1363 3887 in
1413 3844 1541 3911 quo
1586 3823 1856 3911 dispen-

307 3959 452 4005 sare
494 3937 705 4025 potuit
744 3938 1122 4025 GregoriuS.
1175 3937 1275 4004 Illi
1319 3960 1478 4025 ergo
1538 3944 1854 4006 Auctores

309 4067 376 4121 ut
420 4053 663 4142 aliquid
730 4065 1028 4141 agerent,
1066 4054 1382 4120 deberent
1442 4055 1613 4121 hanc
1667 4054 1860 4122 diffe-

309 4170 577 4237 rentiam
624 4180 909 4236 statuere
936 4170 1086 4256 jure
1117 4169 1372 4248 divino,
1411 4180 1475 4235 et
1507 4169 1853 4257 impugna-

308 4308 375 4352 re
426 4286 750 4370 Glossam,
804 4285 974 4372 quod
1010 4284 1365 4352 difficulter
1413 4299 1635 4373 posset
1668 4290 1851 4366 Soto,

308 4403 416 4490 qui
483 4402 649 4468 infra
694 4402 849 4468 dise.
906 4405 1015 4467 24.
1080 4413 1306 4487 quoest.
1361 4406 1426 4469 Ξ.
1484 4414 1614 4468 art.
1677 4407 1738 4472 3.
1798 4414 1857 4468 et

311 4517 419 4584 lib.
458 4522 558 4583 10.
591 4518 673 4584 de
692 4517 961 4583 Iustitia
984 4528 1046 4583 et
1069 4521 1250 4605 jure,
1281 4530 1506 4604 quaesl.
1541 4523 1598 4583 l.
1626 4532 1759 4587 are.
1788 4524 1852 4587 2.

311 4633 491 4700 docet
521 4633 984 4720 Episcopatum
1019 4654 1147 4700 non
1189 4655 1337 4700 esse
1367 4632 1701 4700 diversum
1748 4638 1859 4701 Sa-

314 4758 716 4814 cramentum
757 4769 791 4814 a
824 4749 1317 4834 Presbyteratu‚
1360 4762 1473 4815 aut
1530 4749 1865 4836 imprime-

320 4887 382 4932 re
445 4866 781 4934 diversum
841 4867 1310 4934 characterem.
1393 4871 1551 4934 Item
1610 4889 1691 4935 ex
1736 4868 1859 4935 alia

322 4995 519 5071 parte,
585 4994 654 5047 ut
738 4983 942 5049 teneri
1001 4983 1213 5065 debet,
1284 4983 1857 5051 confirmationem

324 5099 574 5168 fundari
612 5099 676 5164 in
716 5109 1034 5186 potestate
1063 5100 1325 5167 Ordinis
1359 5123 1372 5180 3
1427 5100 1723 5188 sequitur
1762 5123 1861 5167 er-

326 5230 404 5296 go
464 5208 719 5274 fundari
762 5207 825 5272 in
881 5218 1196 5295 potestate
1241 5208 1633 5274 characteris
1678 5211 1858 5276 Pres-

326 5324 657 5412 byteraliS,
712 5323 822 5410 qui
869 5335 932 5390 et
971 5324 1140 5390 idem
1188 5338 1286 5391 est
1315 5345 1388 5391 ac
1431 5323 1855 5412 EpiscopaliS,

328 5459 434 5524 per
474 5438 713 5524 ipsum,
759 5438 812 5503 si
867 5438 1118 5505 dicatur
1174 5439 1568 5527 Episcopum
1625 5440 1861 5505 habere

1970 1729 2071 1784 est
2135 1716 2639 1803 jurisdictionis,
2710 1715 3071 1802 dependeat
3152 1736 3188 1781 a
3269 1716 3525 1783 Vicario

1972 1831 2254 1909 Christi3
2313 1843 2376 1897 et
2432 1832 2555 1897 hoc
2620 1843 3011 1919 argumento
3064 1835 3295 1897 Doctor
3351 1831 3522 1898 infra

1974 1950 2131 2015 dist.
2177 1952 2287 2014 24.
2323 1959 2550 2033 quoest.
2589 1951 2810 2028 unica,
2880 1948 3109 2035 probat
3173 1948 3528 2034 Episcopa-

1976 2081 2112 2131 tum
2158 2085 2302 2131 esse
2351 2065 2688 2131 diversum
2737 2067 3232 2132 Sacramentum
3304 2086 3339 2131 a
3375 2068 3529 2132 Pre-

1976 2183 2338 2266 sbyteratu.
2373 2178 2533 2246 Male
2573 2180 2765 2246 etiam
2821 2179 3082 2246 videtur
3122 2183 3357 2247 Suarez
3397 2180 3531 2247 dis-

1973 2317 2240 2363 cursum
2351 2296 2643 2363 Doctoris
2771 2297 3237 2384 assumpsisse,
3337 2296 3527 2385 quasi

1975 2414 2219 2480 diceret
2247 2434 2502 2493 omneS,
2542 2414 2650 2499 qui
2684 2412 3152 2480 ordinabantur
3185 2413 3248 2479 in
3296 2413 3527 2500 primi-

1972 2532 2104 2596 tiva
2140 2531 2425 2600 Ecclesia
2459 2531 2866 2610 Sacerdotes,
2939 2531 3273 2599 ordinatos
3330 2532 3525 2598 etiam

1975 2646 2176 2713 fuisse
2251 2647 2634 2734 EpiscopoS,
2708 2647 2892 2734 quasi
2966 2645 3213 2713 diversi
3275 2658 3521 2729 essent,

1972 2762 2124 2850 quia
2157 2763 2252 2828 sic
2300 2763 2463 2829 ratio
2522 2763 2814 2829 Doctoris
2848 2762 3011 2828 nihil
3072 2762 3514 2845 concluderet,

1971 2900 2120 2966 quae
2153 2877 2486 2946 reducitur
2516 2878 2593 2944 ad
2627 2879 2948 2961 Glossam,
2993 2900 3140 2966 quae
3179 2878 3348 2945 tollit
3395 2879 3519 2946 dif-

1971 2995 2313 3062 ferentiam
2349 2995 2518 3062 inter
2576 2994 2941 3083 simplicem
2998 2996 3409 3064 Sacerdotem
3463 3007 3527 3063 et

1973 3112 2722 3201 Episcopum,quantum
2765 3113 2843 3179 ad
2884 3113 3166 3180 divinam
3209 3112 3523 3180 instituti-

1972 3250 2208 3311 onem;
2272 3241 2492 3316 postea
2557 3234 2712 3296 vero
2814 3229 3261 3317 praelationem
3324 3232 3521 3297 unius

1971 3369 2106 3433 prae
2162 3346 2329 3426 aliis,
2413 3346 2743 3413 inductam
2813 3369 2983 3428 esse,
3077 3348 3155 3415 ad
3233 3348 3518 3416 tollenda

1971 3463 2348 3544 schismata,
2397 3464 2548 3551 jure
2587 3464 3066 3531 EcclesiasticO.

2057 3582 2406 3660 Caeterum,
2470 3582 2612 3647 haec
2660 3601 2787 3646 non
2837 3592 2938 3648 est
2969 3602 3121 3647 vera
3181 3584 3508 3650 sententia
3675 3636 3756 3687 54.

1971 3694 2371 3780 Hieronymi,
2426 3696 2601 3783 quia,
2676 3707 2744 3761 ut
2815 3697 2955 3783 ipse
2996 3696 3061 3761 in
3102 3696 3275 3764 dicto
3305 3699 3515 3785 capite
3552 3698 3848 3810 Exptigzgur

1971 3816 2276 3900 Leyimus
2309 3840 2329 3880 :
2399 3813 2580 3896 Quid
2645 3815 2837 3897 facil,
2934 3814 3172 3902 inquit,
3241 3830 3517 3904 eaecepla
3589 3822 3847 3896 sententia·

1968 3931 2396 3997 ordinatione
2444 3933 2828 4017 Episcopus,
2903 3933 3082 4017 quod
3158 3933 3517 4020 Presbyter
3552 3888 3870 3951 Hieronymi.

1966 4067 2100 4111 non
2139 4045 2405 4129 faciat?
2454 4047 2772 4134 Supponit
2834 4068 2991 4133 ergo
3068 4046 3315 4135 aliquid
3365 4068 3517 4115 con-

1969 4160 2195 4236 venire
2243 4161 2586 4247 EpiscopO,
2667 4183 2901 4249 nempe
2968 4163 3297 4244 ordinare,
3343 4162 3516 4251 quod

1968 4297 2096 4342 non
2126 4278 2432 4364 competit
2457 4278 2737 4366 simplici
2771 4278 3129 4356 Sacerdoti,
3158 4291 3223 4346 et
3270 4279 3393 4345 hoc
3433 4299 3513 4345 ex

1967 4392 2179 4479 prima
2210 4392 2617 4460 institutione
2646 4406 2709 4460 et
2730 4393 3101 4461 differentia
3170 4396 3518 4481 utriusque
3577 4419 3827 4486 Agnoscit

1970 4510 2050 4576 ab
2091 4510 2300 4576 initio.
2354 4510 2531 4576 Idem
2576 4510 2763 4577 docet
2823 4510 2889 4575 in
2949 4510 3229 4598 dialogis
3290 4524 3515 4579 contra
3595 4485 3831 4598 dtggffiu-

1974 4625 2413 4692 Luciferianos
2479 4649 2635 4714 cap.
2706 4626 2771 4695 4.
2837 4628 3008 4693 idem
3078 4627 3409 4715 significat
3438 4628 3519 4695 de
3594 4610 3823 4724 oriiffgs.

1971 4740 2476 4811 Confirmatione
2513 4766 2526 4809 ε
2570 4745 2759 4820 Quod
2808 4747 2871 4809 si
2898 4748 3019 4812 lioc
3070 4746 3211 4811 loco
3243 4747 3512 4833 quoeris,

1969 4858 2205 4946 inquit,
2288 4880 2496 4946 quare
2563 4861 2633 4926 in
2746 4860 3046 4926 Ecclesia
3119 4861 3510 4945 baptizatos,

1971 4977 2108 5042 ‘nisi
2167 4997 2291 5061 per
2350 4995 2588 5042 manus
2647 4977 2967 5062 Episcopi
3023 4996 3160 5043 non
3199 4977 3509 5063 recipiat,

1973 5114 2163 5179 quem
2193 5113 2326 5157 non
2391 5092 2748 5158 asserimus
2816 5095 2891 5158 in
2950 5114 3105 5158 vero
3155 5094 3519 5178 baptisma-

1974 5220 2033 5274 te
2083 5207 2351 5274 tribui?
2406 5209 2592 5274 Disce
2636 5210 2806 5275 hanc
2879 5208 3399 5276 observationem
3439 5232 3525 5277 ea·

1973 5346 2052 5390 ea
2106 5324 2505 5389 auctoritate
2569 5324 2983 5403 descendere,
3021 5322 3196 5412 quod
3223 5337 3371 5412 post
3410 5349 3519 5394 as-

1971 5461 2239 5505 censum
2328 5440 2602 5505 Domini
2675 5440 2974 5526 Spiritus
3055 5452 3323 5508 sanctus
3425 5443 3516 5509 ad

327 5554 701 5639 dignitatem
763 5554 1115 5634 diversam,
1188 5555 1269 5621 de
1341 5554 1463 5620 hac
1537 5553 1862 5641 dignitate
1975 5558 2323 5643 Apostolos
2397 5556 2762 5636 descendi&
2839 5567 2901 5622 el
2928 5558 3158 5625 multis
3233 5559 3307 5624 in
3360 5559 3518 5626 locis
3627 5552 3630 5557 ⁴
