4255 6375
494 3582 746 3646 Vasquez.

784 352 899 426 614

800 513 1168 580 membrum
1209 516 1514 583 Ecclesiae
1555 514 1858 595 visibilia,
1923 528 1988 581 et
2026 535 2341 581 annume-

798 642 977 697 ratur
1014 630 1228 718 gregi,
1291 642 1354 697 et
1402 652 1517 718 per
1576 651 1771 717 quam
1814 630 2001 697 datur
2062 629 2338 715 intelligi

797 746 1080 834 signatio
1137 745 1490 813 invisibilis
1544 748 1822 824 interna,
1866 757 1928 810 et
1985 758 2334 824 causatu1·;

798 862 940 929 sive
1011 861 1202 929 etiam
1284 860 1717 948 appellatione
1803 861 2012 947 ipsius
2075 862 2344 927 effectus

801 978 1040 1045 interni
1093 977 1464 1057 utebantur,
1545 976 1816 1064 perinde
1868 978 1946 1043 ad
2016 978 2342 1044 intentum

799 1093 1214 1162 confutandae
1256 1094 1531 1160 haeresis
1572 1104 1731 1174 erat,
1786 1093 1938 1180 quia
1982 1112 2193 1179 neque
2232 1096 2343 1159 Sa-

802 1223 1206 1279 cramentum
1248 1211 1328 1276 ab
1385 1210 1618 1276 effectu
1662 1210 2071 1297 separabant,
2135 1230 2345 1298 neque

803 1351 838 1394 e
911 1339 1159 1406 contra,
1223 1325 1528 1392 effectum
1586 1347 1622 1393 a
1689 1329 2131 1407 SacramentO,
2195 1326 2344 1414 quia

800 1457 940 1511 tum
986 1443 1162 1510 nulla
1195 1442 1314 1509 fuit
1357 1443 1711 1509 necessitas
1751 1442 2057 1529 loquendi
2100 1443 2166 1507 in
2200 1464 2347 1509 sen·

807 1584 882 1629 su
919 1560 1192 1648 praeciso
1249 1572 1312 1626 et
1363 1559 1699 1626 exclusivo
1748 1561 1942 1626 unius
1982 1560 2062 1626 ab
2100 1561 2344 1639 altero;

808 1678 946 1744 sive
1005 1697 1164 1764 ergo
1204 1697 1356 1756 un0,
1403 1676 1546 1742 sive
1587 1675 1791 1742 altero
1831 1675 2021 1741 modo
2078 1676 2351 1764 loquan-

805 1806 931 1872 tur,
972 1793 1319 1860 intendunt
1375 1793 1741 1871 veritatem,
1785 1793 1867 1859 de
1915 1813 2040 1880 qua
2089 1794 2351 1880 agimus

807 1911 873 1976 in
918 1909 1274 1996 proposito,
1379 1906 1559 1975 Unde
1615 1909 2023 1995 Augustinus
2088 1907 2172 1974 de
2215 1910 2352 1973 Ba-

802 2028 1067 2111 ptismO,
1134 2025 1248 2091 lib.
1294 2027 1366 2091 6.
1438 2047 1493 2090 c.
1550 2031 1612 2091 1.
1659 2036 1884 2091 contra
1930 2023 2348 2090 Cresconium

815 2141 927 2207 lib.
1005 2145 1071 2207 1.
1153 2162 1277 2228 cap
1341 2145 1449 2207 30.
1532 2154 1723 2209 tract.
1784 2147 1848 2211 6.
1923 2140 1988 2205 in
2038 2144 2352 2207 loannem

810 2259 999 2343 epist.
1064 2262 1172 2326 50.
1254 2271 1314 2325 et
1375 2263 1484 2325 23.
1554 2272 1779 2327 contra
1849 2261 2352 2328 parmenianum

812 2373 953 2440 loco
993 2374 1216 2452 citat0,
1261 2374 1373 2441 ubi
1419 2375 1754 2442 contendit
1808 2396 1935 2442 non
1976 2376 2190 2442 solum
2233 2380 2355 2442 Ba-

814 2489 1123 2575 ptismum
1183 2490 1470 2557 validum
1530 2512 1679 2558 esse
1750 2492 1920 2579 apud
1982 2493 2352 2573 haereticOS,

814 2605 925 2693 qui
1011 2607 1206 2673 ritum
1278 2608 1745 2695 Evangelicum
1797 2629 1925 2675 non
1982 2609 2350 2687 destruunt,

818 2741 1028 2808 neque
1067 2742 1257 2808 posse
1319 2721 1563 2802 iterari,
1624 2723 1737 2788 sed
1785 2723 2019 2791 asserit
2078 2724 2355 2812 baptiza·

816 2851 955 2905 tum
1006 2838 1296 2926 recipere
1334 2836 1773 2906 characterem
1836 2840 2260 2908 dominicum.

906 2957 995 3021 Ex
1053 2955 1157 3021 his
1199 2966 1371 3042 patet
1407 2956 1487 3022 ad
1527 2977 1602 3022 ea
1658 2978 1807 3043 quac
1883 2960 2114 3024 Doctor
2187 2961 2355 3047 obji-

812 3074 923 3153 cit,
975 3076 1007 3158 §
1066 3075 1200 3140 Hoc
1273 3076 1472 3140 etia-m
1541 3075 1998 3156 confirmatur,
2079 3087 2204 3142 etc.
2275 3098 2351 3143 ex

811 3189 1192 3257 auctoritate
1231 3191 1576 3276 Augustini
1639 3203 1702 3257 et
1732 3193 2021 3270 Patrum,
2068 3197 2356 3261 rationes

811 3307 1006 3373 etiam
1051 3306 1290 3372 ibidem
1323 3307 1619 3373 adductoe
1668 3309 1746 3373 ab
1809 3310 1950 3394 ipso
2020 3310 2189 3377 infra
2228 3312 2346 3377 sol·

812 3434 1079 3503 vuntur,
1134 3421 1381 3510 reliqua
1438 3422 1631 3510 hujus
1688 3424 2073 3511 quaestionis
2158 3448 2354 3513 supra

809 3551 1077 3606 tractata
1119 3549 1297 3607 sunt.
1363 3541 1444 3605 Et
1478 3538 1745 3638 quidem
1777 3541 2033 3607 Gabriel
2062 3545 2355 3630 vasquez

809 3658 1058 3745 disput.
1115 3663 1264 3725 134.
1328 3680 1475 3745 cap.
1522 3663 1582 3725 1.
1628 3661 2054 3745 responsione
2129 3662 2220 3727 ad
2284 3665 2347 3727 2.

806 3774 1092 3860 ingenue
1149 3775 1390 3841 fatetur
1445 3774 1887 3853 auctoritates,
1931 3775 2174 3863 quibus
2233 3799 2351 3844 an-

805 3891 1122 3979 tiquiores
1155 3893 1343 3957 Scoto
1377 3892 1724 3958 utebantur
1772 3890 1850 3957 ad
1903 3893 2350 3981 probationem

806 4007 1223 4086 characteris,
1288 4027 1433 4073 esse
1514 4008 1757 4074 nullius
1846 4011 2185 4092 momenti,
2283 4024 2355 4078 ut

806 4125 946 4207 ipse
1019 4125 1269 4203 Scottis,
1351 4137 1411 4191 et
1487 4125 1616 4191 alii
1668 4128 2071 4211 posteriores
2130 4139 2356 4215 aperte

807 4240 1177 4320 ostendunt,
1225 4240 1473 4326 inquit;
1510 4242 1632 4310 sed
1667 4241 1902 4308 melius
1930 4241 2102 4310 dicto
2136 4242 2351 4324 modo,

809 4378 937 4445 quo
998 4357 1138 4444 ipse
1196 4360 1426 4424 Scotus
1465 4357 1693 4441 utitur,
1744 4379 1892 4425 cum
1961 4359 2356 4427 limitatione

806 4473 1312 4559 interpretandae
1355 4484 1507 4539 sunt
1546 4477 1785 4560 praeter
1824 4472 1998 4540 illam
2034 4475 2351 4562 Dionysii,

808 4609 1044 4675 nempe
1083 4607 1213 4654 non
1274 4608 1421 4654 esse
1462 4587 1547 4653 ita
1594 4607 1944 4674 expressas
1966 4597 2057 4655 ‘ut
2086 4590 2355 4656 convin-

805 4715 1065 4782 cerent;
1122 4703 1294 4769 sicut
1356 4723 1569 4790 neque
1627 4703 1756 4770 illae
1831 4704 2025 4771 etiam
2078 4706 2356 4773 auctori·

812 4831 1001 4902 tates,
1063 4839 1225 4907 quas
1264 4818 1527 4886 adducit
1577 4820 1714 4906 ipse
1753 4822 2069 4905 VasqueZ,
2131 4819 2195 4885 in
2238 4820 2361 4888 hoc

814 4946 969 5002 sunt
1009 4956 1365 5022 expressae,
1427 4947 1745 5022 quantum
1797 4936 1874 5001 ad
1924 4936 2355 5023 propositum,

809 5066 879 5120 ut
908 5063 1105 5137 patet,
1133 5050 1498 5138 supplendo
1529 5053 1979 5119 auctoritatem
2030 5053 2242 5119 Basilii
2279 5072 2358 5118 ex

811 5170 1031 5236 verbis
1092 5168 1543 5256 sequentibus,
1580 5167 1820 5256 quibus
1874 5181 2063 5235 vocat
2104 5170 2358 5255 Baptis-

813 5307 991 5351 mum
1046 5288 1493 5352 characterem
1550 5284 2241 5369 indeprehensibilem,
2297 5299 2361 5352 et

810 5400 1185 5487 Gregorius,
1199 5419 1391 5487 quem
1415 5399 1591 5478 citat,
1605 5412 1791 5465 vocat
1811 5401 2133 5486 siyillum,
2148 5415 2210 5467 et
2231 5405 2326 5467 Au
2340 5435 2361 5445 ·

814 5517 1121 5603 gustinus
1153 5518 1702 5595 characterem,ut
1732 5535 1929 5602 supra
1964 5516 2355 5585 notavimus.

1974 352 2117 417 [ΑΒ.
2168 353 2267 416 lv,
2316 352 2914 419 SEN'OEN'rtARUM

2547 517 2782 581 Suarez
2827 517 3020 582 etiam
3054 517 3305 604 disput.
3356 522 3465 583 11.
3526 528 3681 582 sect.
3723 522 3778 583 1.
3805 533 3937 605 post-
3985 548 4096 603 sm,

2456 650 2652 717 quam
2710 632 2935 698 citavit
2985 635 3240 699 Patres:
3303 634 3641 710 Quoniam
3680 655 3834 711 vero,
3868 635 3944 699 in-

2457 745 2619 832 quit,
2664 748 2802 811 hoec
2830 749 3056 812 omnia
3096 749 3480 814 testimonia
3522 770 3658 814 non
3697 749 3947 813 videntur

2457 882 2709 947 coyere,
2772 862 2921 928 idco
2978 865 3209 929 Scotus
3265 863 3429 928 dist.
3503 866 3574 928 6.
3635 874 3837 950 quoest.
3900 867 3947 931 9.

2456 974 2619 1040 dicit
2677 978 2885 1060 facile
2935 979 3183 1064 est-poni
3233 999 3432 1065 posse
3465 981 3686 1065 ipsum
3759 980 3950 1043 Sacra-

2459 1102 2750 1156 mentum
2834 1093 3186 1178 Baptismi,
3275 1093 3467 1158 verbi
3540 1094 3790 1179 qratia,
3852 1116 3951 1159 esse

2459 1206 2944 1288 characterem‚·
2993 1220 3053 1273 et
3112 1207 3260 1274 ideo
3336 1209 3685 1274 concludit
3720 1210 3846 1274 sola
3874 1234 3956 1275 aa·

2458 1323 2762 1387 ctoritate
2801 1324 3113 1388 Ecclesioe
3159 1344 3281 1389 nos
3350 1326 3502 1411 coyi
3589 1325 3684 1389 ad
3756 1347 3957 1411 ponen-

2462 1439 2621 1504 dum
2660 1440 3132 1505 characterem.
3201 1440 3337 1505 Sed
3410 1442 3723 1527 quamvis
3787 1462 3956 1507 uerum

2458 1554 2546 1618 sit
2600 1554 2913 1619 Ecclesiae
2973 1557 3442 1622 auctoritatem
3488 1557 3738 1622 habere
3775 1562 3965 1642 proeci-

2459 1690 2627 1754 puas
2668 1681 2896 1755 partes
2944 1672 3015 1737 in
3074 1672 3196 1736 hoc
3268 1674 3563 1758 neqotiO,
3651 1683 3852 1738 tamen
3909 1697 3962 1740 en

2461 1788 2804 1871 supposita
2880 1787 3323 1873 intelliyimus
3380 1799 3674 1854 mentem
3749 1790 3970 1855 Sancto-

2463 1923 2614 1967 rum
2669 1904 2878 1988 fuisse
2945 1904 3018 1969 in
3085 1904 3314 1970 eadem
3380 1906 3869 1991 siqnisicatione
3912 1907 3971 1971 de

2465 2020 2847 2084 charactere
2889 2019 3088 2105 loqui,
3136 2031 3196 2084 et
3251 2022 3398 2085 sine
3435 2020 3649 2086 dnbio
3697 2023 3883 2087 multa
3910 2044 3974 2087 er

2466 2135 2664 2200 dictis
2713 2136 3109 2200 Sanctorum
3149 2137 3384 2202 melius
3430 2139 3765 2224 proedicto
3823 2139 3973 2203 modo

2467 2251 2960 2338 intelliyuntnr‚
3007 2265 3133 2318 etc.
3168 2253 3419 2328 Quibus
3485 2254 3720 2321 verbis
3773 2254 3974 2342 optime

2469 2370 2686 2457 attigit
2717 2390 2985 2457 scopum
3019 2372 3339 2452 Doctoris,
3374 2383 3440 2438 et
3472 2387 3762 2440 mentem
3792 2395 3825 2441 a
3888 2394 3969 2439 no-

2471 2484 2572 2552 bis
2605 2486 2988 2573 expositam.

2557 2603 3004 2690 Responsione
3059 2604 3136 2671 ad
3186 2618 3658 2692 argumentum
3702 2605 3971 2694 principa·
4045 2642 4081 2687 ᾗ

2469 2717 2528 2784 le
2584 2718 2794 2784 obiter
2858 2719 3039 2798 dicit,
3096 2722 3269 2808 quod
3338 2734 3554 2809 potest
3625 2723 3778 2802 dici,
3842 2724 3970 2809 quod

2469 2834 2891 2902 Circumcisio
2923 2837 3327 2923 impresserit
3356 2838 3829 2920 characterem,
3860 2839 3972 2926 quia

2470 2949 2592 3016 fuit
2623 2951 2825 3036 janua
2874 2951 3040 3041 legis
3095 2954 3419 3035 Mosaicae,
3484 2954 3637 3021 haec
3693 2953 3854 3041 apud
3884 2973 3971 3018 no·

2468 3083 2639 3140 stros
2709 3073 3018 3161 frequens
3084 3088 3207 3155 est,
3299 3097 3419 3142 nec
3471 3089 3578 3143 est
3619 3074 3971 3163 improbabi-

2468 3189 2575 3257 lis,
2619 3192 2966 3272 Caeterum,
3004 3203 3159 3278 puto
3191 3192 3566 3279 oppositum
3604 3194 3820 3260 verius
3845 3190 3967 3267 dici;

2470 3316 2607 3378 tum
2651 3307 2801 3398 quia
2843 3310 3063 3375 Patres
3104 3310 3309 3375 Graeci
3369 3330 3498 3375 non
3543 3310 3840 3377 tribuunt
3870 3307 4052 3394 Cir-pn„
4097 3337 4111 3344 ⁸

2467 3424 2846 3490 cumcisioni
2889 3424 3079 3491 aliam
3120 3424 3653 3513 obsignationem
3685 3447 3866 3514 quam
3890 3445 3971 3491 ex·
4015 3411 4086 3475 «ς

2466 3551 2718 3606 ternam
2768 3561 2961 3628 quam
3002 3541 3423 3627 recipiebant,
3475 3541 3698 3630 inquit
3743 3544 3971 3629 Chryso-
4037 3539 4096 3640 ζ

2467 3668 2745 3738 stomuS,
2793 3677 2972 3724 morc
3011 3656 3334 3744 pecudum
3373 3658 3615 3739 Judaei,
3662 3673 3726 3725 et
3754 3659 3970 3745 perboc
4017 3651 4116 3756 {³ss

2467 3785 2806 3859 opponunt
2863 3794 3002 3840 eam
3067 3773 3420 3860 BaptismO,
3466 3776 3581 3863 qui
3653 3777 3761 3842 dat
3815 3776 3966 3842 inter·
4000 3850 4007 3859 Ι
4042 3796 4090 3833 ³2

2468 3910 2641 3956 nam.
2715 3888 2958 3955 Deinde
3023 3910 3150 3955 non
3219 3889 3342 3957 fuit
3398 3911 3771 3978 congruum
3836 3892 3969 3956 hunc

2466 4004 2904 4070 characterem
2966 4003 3103 4070 dari
3144 4004 3661 4073 assimilativum
3729 4006 3965 4082 Christo,

2468 4117 2674 4186 donec
2733 4122 2870 4206 ipse
2942 4120 3240 4187 Christus
3310 4123 3729 4191 subsisteret.
3797 4120 3969 4189 Tertio

2469 4233 2774 4322 denique,
2830 4237 2982 4324 quia
3030 4237 3477 4318 circumcisio,
3529 4252 3602 4306 ut
3643 4240 3786 4326 ipse
3815 4236 3968 4306 susti·

2474 4364 2581 4419 net
2637 4352 2793 4419 dist.
2845 4357 2904 4418 1.
2969 4355 3166 4440 hujus
3215 4366 3440 4441 quoest.
3506 4359 3574 4423 6.
3649 4377 3778 4423 non
3821 4355 3966 4421 dabat

2471 4469 2893 4555 probabiliter
2950 4469 3228 4558 gratiam
3299 4471 3562 4552 adulto;
3631 4474 3801 4541 nulla
3851 4490 3969 4557 ergo

2473 4584 2594 4651 fuit
2655 4584 3011 4653 necessitas
3067 4587 3462 4656 characteris
3536 4590 3603 4654 in
3674 4591 3826 4676 ipsa,
3885 4586 3965 4674 qui

2470 4702 2844 4788 disponeret
2899 4702 2974 4769 ad
3031 4704 3337 4790 gratiam,
3384 4705 3539 4793 quia
3593 4728 3721 4773 non
3770 4719 3963 4794 poterat

2472 4818 2719 4905 suscipi
2762 4818 2949 4898 ficte;
2987 4820 3159 4906 quod
3201 4841 3358 4886 vero
3398 4820 3598 4888 fuerit
3627 4819 3962 4894 indelebilis

2473 4934 2839 5004 sufficiebat
2888 4937 3172 5024 signatio
3220 4953 3491 5006 externa
3558 4962 3707 5008 cum
3765 4939 3860 5006 Dei
3890 4957 3961 5002 or·

2472 5053 2828 5120 dinatione.
2874 5057 3113 5130 Quarto
3160 5056 3521 5124 remedium
3566 5057 3732 5145 legis
3768 5069 3961 5122 naturae

2472 5170 2666 5236 etiam
2700 5191 2828 5236 non
2871 5171 3131 5239 videtur
3171 5173 3591 5259 impressisse
3630 5175 3810 5241 talem
3848 5172 3958 5237 cha·

2472 5299 2812 5354 racterem.

2561 5404 2650 5468 De
2687 5402 2809 5469 hac
2867 5423 2936 5472 re
2973 5403 3137 5470 nihil
3176 5415 3457 5487 constat,
3507 5406 3777 5474 tenendo
3824 5401 3948 5491 prio·

2472 5541 2636 5602 rem,
2678 5522 3053 5608 responderi
3105 5534 3319 5609 potest
3356 5524 3438 5589 ad
3479 5524 3638 5593 illud
3677 5547 3754 5594 ex
3793 5519 3944 5590 Pau-i-
