4255 6375
1367 413 1565 477 Dls'r.
1585 413 1674 473 V.
1732 410 2092 489 QUAES'Plo
2138 407 2241 470 111.

179 600 286 649 ter
327 583 636 649 voluntas
666 580 859 648 dandi
904 579 1245 668 pecuniam
1294 573 1673 664 praescindit
1704 594 1740 639 a

183 703 641 767 SacramentO.

275 816 673 902 Exemplum
708 825 919 900 potest
959 834 1102 880 esse
1135 812 1202 878 in
1233 832 1333 891 e0,
1370 810 1484 899 qui
1515 808 1748 875 offerat

189 952 498 1011 munera,
544 952 673 997 non
705 930 1090 1017 simpliciter
1139 949 1217 995 ex
1252 927 1497 993 motivo
1545 923 1748 1012 grati·

186 1048 450 1115 tudinis
481 1057 593 1114 aut
632 1046 1063 1126 liberalitatis,
1099 1045 1213 1111 sed
1253 1065 1380 1131 qua
1419 1043 1513 1109 sic
1544 1051 1747 1108 tentet

188 1164 373 1228 viam
418 1161 497 1227 ad
529 1160 944 1244 beneficium,
979 1160 1061 1241 is,
1096 1159 1246 1226 licet
1286 1179 1414 1224 non
1466 1156 1749 1223 interve·

194 1280 334 1345 niat
367 1290 626 1365 pactum
661 1277 919 1365 aliquod
961 1276 1364 1363 explicitum,
1408 1285 1508 1341 est
1547 1272 1749 1339 simo-

197 1396 441 1461 niacus
473 1393 784 1479 implicite
817 1405 881 1457 et
912 1391 1192 1478 palliate,
1246 1391 1396 1476 quia
1429 1388 1538 1454 illa
1577 1386 1751 1452 datio

195 1502 506 1588 pecuniae
537 1520 664 1566 non
700 1499 997 1566 subsistit
1026 1499 1100 1564 ad
1136 1497 1397 1585 aliquod
1433 1495 1749 1561 motivum

195 1620 262 1683 in
315 1619 563 1703 reipsa,
606 1616 684 1682 ad
732 1615 903 1703 quod
939 1625 1229 1680 maneret
1259 1635 1338 1679 ex
1389 1612 1754 1679 intentione

191 1731 447 1810 dantis,
515 1729 636 1795 nisi
695 1727 773 1794 ad
841 1726 1272 1800 beneficium,
1340 1746 1497 1810 ergo
1557 1727 1749 1788 etiam

194 1843 514 1910 similiter
544 1843 717 1908 datio
759 1841 1053 1928 pecuniae
1094 1840 1160 1905 in
1229 1840 1559 1926 proposito
1600 1859 1750 1903 casu

203 1959 447 2046 nequit
486 1956 844 2022 subsistere
889 1953 967 2020 ad
1017 1953 1217 2028 aliud,
1264 1972 1458 2038 quam
1510 1949 1586 2014 ad
1640 1952 1753 2014 Sa-

195 2087 614 2141 cramentum
675 2087 981 2158 tanquam
1051 2090 1312 2135 causam
1355 2081 1418 2134 et
1468 2067 1755 2133 medium

196 2194 347 2278 ejus
401 2189 710 2275 ponendi,
747 2210 820 2255 ac
851 2187 1124 2275 proinde
1154 2188 1276 2252 erit
1302 2184 1658 2251 simoniaca
1691 2197 1760 2248 ut

200 2306 488 2396 praecise
527 2305 698 2371 sistit
729 2305 793 2370 in
833 2303 1281 2389 redemptione
1321 2301 1709 2366 vexationis,

294 2422 763 2499 Confirmatur‚
811 2421 960 2486 licet
991 2420 1096 2485 illa
1147 2417 1420 2505 pecunia
1464 2417 1599 2482 dari
1645 2439 1761 2502 po-

140 2621 169 2646 t·
206 2540 295 2606 sit
325 2537 709 2616 liberaliter,
747 2550 962 2602 tamen
1007 2557 1131 2600 non
1182 2534 1277 2600 sic
1316 2533 1506 2599 datur
1554 2531 1630 2597 ad
1666 2554 1765 2597 re-

209 2655 588 2723 dimendam
650 2652 1088 2731 vexationem,
1142 2661 1206 2716 et
1272 2663 1343 2716 ut
1390 2649 1616 2716 subest
1657 2670 1766 2735 pa-

209 2786 317 2839 cto
349 2771 670 2859 implicito
720 2770 823 2836 vel
868 2768 1193 2855 explicito,
1232 2767 1354 2832 nisi
1396 2788 1544 2833 cum
1580 2766 1768 2831 titulo

211 2910 524 2968 ouerOSO,
545 2908 672 2975 quo
703 2887 869 2953 alius
899 2897 1256 2952 commutet
1300 2905 1448 2952 cum
1486 2885 1624 2969 ipsa
1655 2885 1769 2949 Sa-

211 3012 664 3075 cramentum3
700 3015 859 3080 ergo
896 2992 1153 3059 videtur
1182 2993 1409 3058 saltem
1453 2990 1769 3077 periculo-

213 3137 309 3181 sa.
347 3115 585 3181 Melius
626 3112 897 3199 proinde
958 3115 1191 3177 Doctor
1230 3109 1512 3175 abstinet
1538 3108 1617 3173 ab
1660 3106 1769 3172 illo

216 3232 443 3313 modO,
477 3230 627 3319 quia
659 3230 807 3296 licet
837 3228 1098 3294 vexatio
1133 3223 1601 3312 redemptionis
1631 3223 1768 3289 lici·

214 3364 276 3415 ta
309 3349 427 3427 sit,
492 3349 557 3413 in
607 3347 684 3413 iis
717 3359 933 3414 tamen
976 3343 1116 3410 fieri
1149 3342 1365 3422 debet,
1404 3342 1466 3407 in
1532 3340 1771 3430 quibus

218 3464 470 3554 aliquid
538 3463 744 3552 pretio
829 3460 1213 3527 aestimabile
1276 3457 1634 3539 invenitur,
1693 3457 1772 3521 ad

217 3582 395 3669 quod
430 3580 635 3666 possit
666 3579 1048 3656 subsistere,
1094 3574 1266 3663 quod
1341 3574 1405 3638 in
1465 3571 1771 3660 praesenti

224 3703 394 3768 forte
433 3698 783 3765 difficulter
842 3697 1054 3773 datur,
1109 3707 1219 3761 aut
1269 3691 1520 3759 secerni
1563 3700 1777 3776 potest

224 3839 258 3884 a
290 3840 363 3884 re
395 3814 744 3903 spirituali,
783 3836 931 3901 quae
963 3834 1092 3878 non
1153 3810 1515 3877 aestimatur
1568 3809 1775 3895 pretio

225 3933 613 4021 temporali,
657 3931 736 3997 de
780 3951 908 4018 quo
940 3929 1103 3995 nihil
1139 3928 1393 3994 affirmo
1428 3927 1489 3993 in
1539 3927 1778 4014 praeju·

226 4051 475 4118 dicium
514 4061 609 4115 tot
663 4058 1027 4126 auctorum,
1093 4066 1257 4133 quos
1326 4045 1516 4110 etiam
1561 4041 1778 4129 sequi-

229 4183 334 4236 tur
406 4168 846 4242 Scholiastes;
889 4185 1008 4230 nec
1074 4167 1305 4228 Doctor
1378 4160 1774 4226 contrarium

231 4288 471 4353 horum
513 4305 641 4349 non
683 4294 880 4362 tenet,
928 4280 1078 4367 quia
1119 4279 1275 4345 dicit
1307 4278 1479 4342 nulla
1531 4277 1780 4342 ratione

235 4401 612 4489 petendum,
676 4409 788 4465 aut
853 4394 1299 4482 recipiendum
1355 4414 1501 4459 esse
1559 4394 1780 4457 Sacra-

237 4530 532 4585 mentum
565 4538 599 4583 a
634 4515 957 4593 ministr0,
1013 4512 1121 4599 qui
1181 4511 1342 4576 nolit
1375 4508 1529 4575 illud
1592 4508 1781 4574 mini-

237 4650 476 4713 strare,
521 4634 644 4700 nisi
705 4631 1112 4720 paciscendo,
1168 4626 1347 4703 Quod
1416 4627 1470 4692 si
1521 4625 1781 4692 donatio

239 4753 324 4819 sit
363 4773 543 4834 mere
579 4748 889 4829 liberaliS,
935 4747 1189 4813 secluso
1229 4744 1404 4809 omni
1449 4754 1631 4829 pacto
1665 4742 1784 4806 im-

240 4870 463 4956 plicito
511 4882 572 4935 et
602 4865 931 4952 explicitO,
978 4864 1150 4929 licita
1183 4861 1329 4939 erit,
1367 4871 1430 4926 et
1459 4871 1613 4925 tuuc
1653 4879 1780 4923 non

242 4987 364 5052 erit
413 4982 672 5070 proprie
738 4979 1062 5067 loquendo
1121 4976 1480 5061 redemptio
1538 4973 1785 5039 vexati-

242 5100 388 5167 onis
419 5119 499 5165 ex
541 5109 720 5185 parte
769 5096 1004 5174 dantiS‚
1043 5095 1186 5159 licet
1248 5091 1505 5158 collatio
1546 5090 1785 5155 intuitu

246 5216 642 5283 Sacramenti
696 5214 762 5278 in
803 5211 1101 5277 ministro
1154 5210 1358 5296 possit
1394 5228 1536 5274 esse
1585 5206 1786 5271 simo-

249 5353 454 5400 maca.

3299 391 3420 459 519

2250 718 2717 803 QUAESTIO
2810 717 2959 788 III.

1854 943 1969 1009 An
2015 938 2262 1024 aliquis
2292 936 2518 1001 debeat
2558 934 2946 999 ministrare
3011 931 3411 996 Sacramen-

1948 1067 2083 1121 tum
2174 1052 2528 1138 Baptismi,
2622 1048 2890 1135 quando
2980 1045 3417 1132 prccsumitur

1947 1170 2464 1257 baptizationem
2542 1184 2807 1250 verycre
2878 1164 2948 1227 in
3039 1162 3419 1247 periculum

1951 1287 2104 1350 vieoe
2134 1282 2509 1368 corporalis
2566 1282 2709 1365 ejus
2772 1279 2887 1363 qni
2926 1277 3203 1361 suscipit
3227 1275 3258 1340 37

1867 1523 2117 1584 Richard.
2152 1526 2207 1578 d.
2258 1524 2310 1577 4.
2368 1527 2481 1574 are.
2520 1521 2575 1574 4.
2625 1535 2677 1586 q.
2728 1520 2781 1571 2.
2833 1514 3100 1571 Paluda.
3150 1517 3205 1569 6.
3271 1529 3324 1582 q.
3378 1515 3428 1568 1.

1936 1603 2048 1651 art.
2083 1599 2136 1650 3.
2189 1592 2470 1650 Marsil.4.
2533 1607 2580 1659 q.
2615 1592 2663 1645 ¹1.
2717 1594 2832 1643 art.
2883 1589 2936 1640 4.
2997 1588 3129 1640 dub.
3182 1587 3236 1641 8.
3300 1585 3419 1638 Soto

1937 1671 1993 1725 d.
2025 1669 2075 1724 3.
2106 1683 2156 1734 q.
2202 1681 2301 1718 un.
2338 1670 2447 1718 art.
2481 1665 2533 1718 8.
2559 1667 2661 1731 fin.
2721 1659 2875 1730 SylV.
2911 1675 2964 1713 v.
3003 1659 3310 1725 Baptismus
3368 1658 3421 1709 4.

1935 1745 1972 1804 ἓ
2009 1741 2090 1794 10.
2126 1735 2361 1807 Angelus
2387 1741 2437 1790 el
2468 1732 2659 1792 Armil.
2696 1735 2773 1786 ibe·
2820 1731 2987 1784 aiunt
3020 1733 3326 1797 projectum
3359 1729 3420 1779 in

1933 1816 2167 1880 puteum
2201 1824 2312 1860 non
2344 1824 2450 1860 csse
2498 1808 2864 1872 baptizatum.
2910 1801 3234 1855 Communis
3278 1803 3419 1851 tenet

1938 1883 2265 1949 oppositum.
2308 1877 2470 1933 Gabr.
2496 1880 2549 1931 d.
2572 1880 2627 1932 4.
2653 1892 2705 1943 q.
2732 1881 2786 1929 2.
2820 1878 2935 1928 art.
2968 1877 3022 1927 3.
3063 1870 3252 1941 Major.
3284 1887 3338 1936 q.
3369 1873 3423 1922 2.

1939 1956 2105 2007 Suar.
2144 1958 2269 2004 tom.
2289 1951 2345 2005 3.
2379 1952 2434 2005 d.
2463 1949 2551 2003 120.
2583 1953 2687 2001 sect
2718 1946 2772 2002 3.
2826 1943 3034 2000 Valent.
3071 1948 3179 1997 tom
3210 1943 3264 1995 4.
3289 1941 3343 1994 d.
3368 1940 3421 1994 4.

1964 2282 2213 2352 Juxta
2254 2277 2356 2365 (a)
2397 2275 2547 2344 hoc
2611 2269 3007 2364 quaeritur
3069 2266 3240 2337 sine
3298 2284 3422 2334 ar-

1878 2393 2335 2488 gumentis:
2399 2392 2516 2461 An
2582 2384 2879 2476 aliquis
2941 2382 3219 2454 debeat
3286 2378 3426 2451 mi-

1876 2514 2240 2586 nistrare
2302 2506 2922 2581 Sacramentum
2998 2497 3424 2590 Baptismi,

1882 2629 2195 2722 quando
2233 2620 2762 2719 praesumitur
2791 2613 3430 2708 baptizationem

1879 2763 2225 2836 vergere
2304 2742 2383 2812 in
2455 2735 2905 2832 periculum
2981 2732 3163 2803 vitae
3260 2749 3435 2802 cor-

1884 2859 2195 2955 poralis
2234 2859 2410 2951 ejus
2455 2856 2589 2949 qui
2634 2852 3027 2946 suscipit?
3077 2852 3435 2941 Respon-

1887 2983 2053 3062 deo,
2155 2981 2294 3048 aut
2375 2974 2566 3049 talis
2674 2969 3208 3065 praesumptio
3309 2970 3434 3040 est

1883 3099 2110 3172 certa
2178 3115 2265 3166 ex
2339 3091 2592 3185 signis
2661 3086 2940 3170 certiS,
3014 3087 3297 3178 utpote
3368 3083 3437 3155 si

1887 3219 2064 3309 quis
2106 3237 2268 3288 non
2309 3212 2610 3285 habens
2647 3226 2940 3299 aquam
2984 3223 3222 3297 quam
3258 3222 3438 3296 pos-

1887 3339 1995 3412 sit
2072 3337 2506 3428 attingere,
2562 3332 2717 3403 nisi
2787 3330 2879 3401 de
2942 3328 3183 3420 ponte
3246 3342 3433 3415 pro-

1889 3457 2138 3551 pellat
2195 3473 2539 3547 puerum
2601 3450 2680 3521 in
2740 3446 3101 3525 fiuvium,
3165 3442 3291 3513 vel
3352 3439 3432 3511 in

1889 3577 2245 3666 puteum,
2363 3570 2515 3641 hoc
2577 3571 2892 3640 certum
2977 3564 3127 3645 est,
3229 3557 3437 3651 quod

1889 3696 2279 3783 quantum
2323 3691 2446 3759 est
2496 3706 2595 3757 ex
2665 3683 2986 3755 ratione
3047 3678 3240 3749 talis
3309 3695 3440 3748 ac-

1891 3813 2045 3887 tus,
2095 3812 2289 3879 nata·
2347 3806 2469 3876 est
2516 3821 2738 3874 mors
2785 3796 3185 3888 subsequi,
3252 3793 3440 3885 quia

1893 3922 2374 4001 submersio.
2496 3920 2697 3992 Dico
2785 3915 2990 4006 quod
3128 3909 3439 4002 quando

1894 4044 2009 4117 sic
2079 4037 2584 4133 presumitur
2627 4053 2877 4113 mors,
2921 4028 3145 4100 nullo
3208 4023 3441 4095 modo

1891 4163 2118 4235 debet
2173 4156 2469 4248 aliquis
2532 4172 2713 4224 eum
2772 4146 3230 4241 propellere
3300 4145 3441 4215 aut

1894 4278 2325 4372 projicere,
2388 4272 2573 4365 quia
2639 4264 3002 4361 peccabit
3067 4258 3439 4335 mortali-

1894 4402 2021 4471 ter
2084 4390 2535 4470 occidend0‚
2581 4390 2661 4458 et
2714 4380 3045 4476 quilibet
3117 4378 3442 4450 tenetur

1896 4512 2157 4603 magis
2193 4508 2460 4582 vitare
2502 4505 2922 4597 peccatum
2961 4495 3311 4568 mortale
3361 4492 3443 4564 in

1897 4631 2192 4723 seipso,
2294 4642 2534 4717 quam
2632 4636 2998 4711 quaerere
3094 4612 3441 4685 salutem

1897 4744 2280 4844 proximi,
2353 4739 2541 4833 quia
2630 4735 3001 4808 ordinata
3082 4729 3445 4803 charitas

1902 4863 2163 4954 magis
2249 4860 2370 4931 est
2460 4854 2554 4927 ad
2644 4851 3026 4942 seipsum.
3120 4844 3445 4919 Dicitur

1899 4981 2172 5061 etiam,
2257 4973 2461 5068 quod
2541 4969 2734 5044 talis
2813 4967 2929 5039 sic
3027 4964 3444 5059 projectus

1898 5117 2057 5169 non
2099 5096 2315 5166 esset
2383 5087 2869 5180 baptizatus,
2953 5083 3141 5175 quia
3191 5079 3446 5172 bapti-

1903 5233 2126 5285 smus
2159 5213 2283 5283 est
2317 5204 2622 5279 ablutio
2661 5202 3031 5274 ordinata
3065 5199 3157 5271 ad
3191 5197 3446 5269 vitam

1906 5330 2125 5402 illius
2170 5323 2423 5398 abluti
2453 5348 2468 5402 3
2504 5344 2661 5395 non
2708 5321 2822 5392 sic
2862 5302 3288 5391 ordinatur
3328 5319 3449 5388 ta.-

1905 5448 2007 5521 lis
2073 5444 2488 5517 dimersio.
2571 5442 2807 5512 Esset
2876 5455 3072 5526 ergo
3146 5433 3226 5505 in
3306 5431 3448 5505 tali

1910 5583 2101 5637 casu
2174 5559 2468 5652 aliquis
2543 5575 2856 5649 pannus
2932 5548 3454 5623 dimittendus

3539 4899 3786 4952 Richardi

3497 4963 3620 5017 dist.
3655 4964 3705 5014 4.

3468 5031 3568 5076 art.
3586 5026 3635 5077 4.
3665 5041 3711 5075 c.
3736 5024 3785 5074 2.

3561 5093 3613 5139 et
3638 5090 3692 5140 3.
