4255 6375
780 327 897 389 460

431 483 703 597 colgedium
786 488 962 578 legio
1003 491 1151 573 fuit,
1200 513 1330 560 non
1387 494 1626 562 debent
1685 495 2066 583 plurimum,
2102 496 2184 561 ab
2216 494 2339 561 hac

525 554 754 606 junctum

458 612 732 739 flgrggcttgn
783 609 1102 676 sententia
1145 611 1520 694 abhorrere,
1589 633 1762 691 cum,
1834 614 2127 680 omnium
2188 634 2339 728 coxn·

495 740 654 787 statu.
780 745 1004 805 sensu,
1042 726 1394 814 dispositio
1436 731 1807 796 necessaria
1855 730 1934 795 ad
1986 731 2107 797 hoc
2142 730 2340 796 fuerit

780 842 1090 911 sanctitas
1164 857 1227 911 et
1282 846 1636 912 eminentia
1694 847 1928 934 gratiae
1994 868 2075 913 ex
2157 858 2336 933 parte

778 960 1106 1047 Virginis;
1138 971 1202 1026 et
1236 963 1372 1049 ipsa
1408 965 1844 1050 praerogativa
1882 964 2335 1051 conceptionis

775 1075 1078 1162 exigebat
1116 1097 1256 1143 eam
1327 1080 1765 1158 sanctitatem,
1833 1101 1980 1166 quae
2050 1080 2333 1146 maxima

773 1207 992 1279 posset
1021 1215 1167 1260 esse
1209 1196 1273 1260 in
1299 1209 1469 1262 statu
1513 1197 1656 1274 vioe,
1713 1211 1777 1263 et
1811 1219 1966 1284 pura
1998 1211 2323 1278 creatura,

772 1323 835 1375 et
874 1311 1088 1378 omnis
1129 1312 1555 1380 sanctificatio
1616 1315 1907 1401 Virginis
1947 1336 1982 1381 a
2025 1319 2153 1382 Deo
2226 1317 2326 1382 fa-

776 1441 899 1506 cta,
945 1443 1008 1494 et
1051 1431 1395 1518 privilegia
1456 1433 1534 1498 ad
1598 1433 1773 1498 hunc
1816 1432 2012 1499 finem
2065 1435 2331 1501 ordina-

781 1544 1057 1624 bantur;
1124 1547 1550 1614 sanctificatio
1628 1571 1786 1635 ergo
1858 1550 2178 1637 VirginiS,
2269 1564 2328 1617 et

783 1660 1097 1726 sanctitas
1177 1683 1289 1746 per
1392 1664 1667 1749 gratiam
1764 1664 1992 1731 collata
2072 1664 2333 1731 fuerunt

787 1775 1070 1841 medium
1113 1777 1469 1863 disponens
1510 1800 1589 1845 ex
1633 1791 1810 1867 parte
1863 1781 2180 1867 VirginiS,
2218 1782 2330 1848 sed

779 1889 1144 1977 dispositiO,
1188 1906 1251 1959 et
1321 1895 1605 1962 medium
1661 1908 1816 1963 tunc
1892 1898 2176 1963 maxime
2227 1911 2329 1964 est

778 2006 1163 2091 perfectum,
1244 2008 1503 2096 quando
1581 2009 1692 2076 fini
1769 2013 2196 2100 conjungitur
2265 2014 2330 2079 in

774 2121 1032 2201 effectu,
1104 2123 1254 2210 quia
1322 2137 1476 2191 tunc
1532 2127 1736 2191 estin
1776 2140 1919 2193 actu
1972 2140 2034 2193 et
2077 2129 2324 2216 quiete,

777 2257 905 2302 non
949 2239 1011 2302 in
1048 2253 1271 2317 motu3
1319 2261 1476 2326 ergo
1545 2241 1693 2308 talis
1755 2242 1878 2309 fuit
1916 2244 2126 2329 gratia
2186 2247 2331 2310 Vir-

774 2354 949 2439 ginis
981 2355 1045 2419 in
1078 2358 1508 2443 Conceptione
1542 2357 1708 2437 Filii,
1750 2369 1818 2424 ut
1847 2359 2045 2427 fuerit
2077 2361 2143 2426 in
2203 2374 2329 2427 ter-

794 2472 971 2538 mino
996 2493 1134 2539 suae
1175 2474 1618 2559 perfectionis

867 2591 946 2653 Et
1005 2589 1129 2656 hoc
1178 2602 1300 2669 est,
1355 2590 1526 2677 quod
1569 2590 1915 2658 intendunt
1983 2593 2159 2659 citati
2211 2599 2328 2660 Do·

781 2717 1016 2783 ctoreS,
1123 2726 1238 2791 per
1342 2705 1523 2772 illum
1629 2705 1929 2773 effectum
2022 2710 2331 2777 secundae

783 2819 1342 2902 sanctificationis,
1390 2842 1519 2907 quo
1580 2822 1807 2889 dicunt
1872 2844 2014 2890 eam
2082 2827 2329 2892 consti-

784 2949 987 3004 tutam
1030 2958 1175 3004 esse
1233 2937 1299 3003 in
1359 2958 1431 3004 ea
1482 2939 1716 3025 gratiae
1767 2940 2197 3026 plenitudine,
2261 2955 2332 3010 ut

785 3054 1291 3121 necessitaretur
1329 3054 1407 3121 ad
1461 3077 1589 3122 non
1634 3059 2031 3143 peccandum
2067 3059 2324 3141 leviter,

786 3169 897 3257 qui
960 3182 1060 3237 est
1116 3192 1416 3240 summus
1483 3172 1729 3260 gradus
1779 3175 2194 3262 perfectionis
2264 3178 2330 3244 in

785 3285 1062 3366 viatore,
1199 3288 1595 3374 participans
1719 3290 2328 3378 impeccabilitatem

789 3400 1041 3486 patriae,
1128 3412 1444 3488 quantum
1553 3405 2022 3472 communicari
2121 3421 2334 3494 potest

524 3548 692 3601 Causa
790 3537 951 3605 puro
1035 3518 1308 3597 viatori;
1390 3519 1468 3585 ad
1537 3521 1678 3586 haec
1748 3543 1967 3589 causoe
2033 3523 2331 3592 efficaces

458 3613 730 3744 asffiffia·
789 3633 1126 3720 applicatae
1185 3635 1471 3714 fuerunt,
1529 3657 1765 3722 nempe
1821 3638 2105 3724 Spiritus
2180 3661 2331 3706 san-

786 3762 956 3830 ctus,
1026 3771 1107 3816 ex
1175 3772 1303 3838 quo
1360 3754 1655 3839 concepit
1731 3755 1989 3835 Filium,
2052 3769 2116 3822 et
2193 3757 2333 3843 ipse

787 3866 991 3934 Filius
1038 3882 1415 3955 ‹onceptu8‚
1453 3890 1567 3955 per
1607 3892 1772 3958 quas
1802 3872 2088 3957 suppleri
2123 3874 2334 3959 potuit

783 3983 997 4049 omnis
1026 3982 1315 4050 efficacia
1353 4005 1568 4052 causae
1600 3986 1953 4066 inferioris,
1986 4002 2055 4054 ut
2086 3990 2326 4056 meriti.

784 4098 851 4165 Si
917 4120 1076 4186 ergo
1133 4103 1551 4168 Sacramenta
1590 4102 1908 4190 applicata
1967 4105 2334 4191 producunt

783 4213 1082 4280 effectum
1148 4215 1403 4301 gratita,
1450 4218 1560 4304 qui
1622 4218 1782 4284 alias
1821 4219 2044 4285 haberi
2109 4234 2333 4306 posset

787 4352 902 4417 per
966 4332 1295 4402 meritum.
1358 4345 1420 4399 et
1478 4356 1553 4401 eo
1613 4335 1967 4421 perfectius
2029 4349 2327 4418 causant,

787 4468 915 4536 quo
947 4448 1398 4535 perfectiorem
1432 4450 1497 4516 in
1539 4451 1778 4537 seipsis
1814 4453 2122 4519 virtutem
2175 4476 2331 4521 con-

790 4564 999 4631 tinent
1067 4566 1415 4652 passionis,
1492 4579 1555 4633 et
1616 4569 1996 4635 meritorum
2059 4572 2327 4654 Christi,

792 4702 985 4768 quam
1039 4684 1343 4750 meritum
1395 4686 1771 4762 contineat;
1838 4699 2012 4755 recte
2049 4709 2207 4775 ergo
2267 4690 2333 4755 in

480 4813 762 4928 Peg-secttipr
795 4799 1123 4885 proposito
1198 4800 1345 4867 licet
1403 4822 1439 4867 a
1498 4802 1746 4868 fortiori
1849 4807 2325 4891 argumentari,

459 4892 745 4936 comunem

503 4931 693 4992 Christi
798 4915 947 5001 quia
1023 4915 1368 5003 perfectior
1446 4916 1568 4983 fuit
1645 4919 2018 5005 conjunctio
2093 4921 2333 4988 Christi

441 5005 765 5130 ξξωῃέῗζξζῗ
797 5032 913 5121 (ut
943 5033 1108 5099 bene
1148 5037 1219 5098 D.
1266 5033 1595 5120 Thomas)
1643 5054 1791 5100 cum
1826 5038 2014 5101 Beata
2063 5037 2335 5124 Virgine

443 5142 745 5243 S‘ffiffmffif,
797 5149 861 5213 in
972 5149 1407 5235 Conceptione
1498 5170 1639 5229 sua,
1739 5172 1932 5238 quam
2030 5153 2333 5239 ejusdem

554 5259 677 5368 ‘gg
798 5265 1122 5333 mediante
1177 5269 1594 5335 Sacramento
1665 5269 2042 5355 recipientis
2119 5271 2334 5358 ipsum

493 5380 706 5431 viatore.
798 5385 1313 5465 Sacramentum,
1399 5385 1549 5471 quia
1621 5387 1763 5452 haec
1847 5398 1946 5452 est
2012 5388 2337 5455 mediante

798 5498 991 5586 signo
1046 5512 1327 5581 tantum,
1400 5500 1508 5568 illa
1576 5522 1734 5568 vero
1779 5523 1894 5589 per
1943 5503 2339 5591 participati-

1963 332 2108 397 ΗΒ.
2134 333 2242 394 IV.
2272 331 2865 398 SENTENTIARUM

2449 516 2642 562 onem
2695 509 2987 574 naturae;
3041 518 3199 585 ergo
3230 518 3267 563 a
3308 496 3540 563 fortiori
3584 497 3743 583 magis
3779 520 3852 585 ap·

2449 611 2757 698 plicatum
2830 613 2896 679 in
2955 635 3103 681 esse
3168 634 3387 681 causae
3443 613 3515 678 ad
3568 614 3858 681 causandum

2448 731 2881 807 sanctitatem,
2985 752 3179 818 quam
3271 730 3359 797 sit
3434 729 3693 795 meritum
3748 732 3863 816 qued

2446 847 2747 913 consistit
2835 847 2898 912 in
2995 861 3165 914 actu.
3265 845 3654 912 Corroborari
3726 861 3871 931 potest

2447 961 2702 1029 duobus
2759 963 3102 1049 exemplis,
3139 963 3294 1051 quia
3326 962 3609 1028 Christus
3651 960 3703 1024 in
3746 973 3874 1027 utero

2448 1079 2673 1145 matris
2739 1077 3167 1146 sanctificarit
3233 1079 3577 1165 Baptistam
3623 1098 3714 1162 per
3753 1078 3879 1143 salu·

2449 1195 2754 1260 tationem
2813 1194 3061 1273 MatriS,
3128 1207 3191 1260 et
3250 1194 3535 1279 repletus
3581 1205 3664 1258 est
3699 1193 3886 1278 Spiritu

2446 1324 2711 1390 sancto;
2757 1332 2916 1398 ergo
2972 1332 3007 1378 a
3072 1311 3325 1377 fortiori
3376 1310 3579 1396 magis
3634 1310 3729 1375 fuit
3767 1331 3895 1373 cou-

2436 1427 2710 1514 junctus
2758 1428 2881 1515 ipsi
2922 1427 3202 1514 Virgini,
3267 1426 3347 1493 ad
3388 1427 3661 1494 effectum
3704 1427 3897 1491 sancti-

2446 1540 2792 1621 ficationis‘,
2871 1554 2940 1608 ut
2994 1555 3374 1629 supponunt
3437 1561 3644 1607 omnes
3700 1544 3893 1607 Patres.

2445 1657 2816 1723 Secundum
2858 1656 3230 1743 exemplum
3278 1670 3378 1722 est
3419 1656 3497 1722 de
3542 1653 3898 1732 Eucharistia,

2444 1794 2592 1859 quae
2706 1774 2959 1840 caeteris
3053 1774 3488 1840 Sacramentis
3585 1771 3901 1859 perfectione
4016 1855 4021 1868 .

2443 1890 2677 1976 gratioe
2743 1890 3113 1977 praefertur,
3163 1890 3314 1977 quia
3376 1890 3590 1976 *ipsum
3635 1890 3906 1955 Christum
4022 1887 4030 1954 l

2443 2016 2770 2070 auctorem
2831 2004 3064 2091 gratiae
3118 2004 3181 2068 in
3227 2025 3294 2070 se
3346 2004 3602 2070 realiter
3648 2004 3902 2070 continet.

2531 2123 2875 2200 Praeterea,
2943 2122 3085 2186 haec
3160 2120 3485 2185 sententia
3551 2141 3664 2185 non
3719 2120 3947 2208 minuit.
4009 2148 4012 2151 ·

2440 2237 2823 2325 dignitatem
2894 2237 3207 2324 VirginiS,
3284 2237 3396 2303 sed
3479 2238 3670 2323 magis
3723 2235 3954 2322 auget,‘

2442 2356 2593 2438 quia
2635 2353 2805 2420 sicut
2847 2374 2973 2419 non
3023 2366 3123 2420 est
3166 2367 3389 2419 contra
3432 2353 3774 2441 dignitatem

2441 2484 2609 2537 turae
2675 2485 3056 2557 assumptae,
3132 2483 3201 2536 ut
3287 2469 3529 2536 intuitu
3596 2470 3823 2536 unionis

2440 2587 2914 2675 assumptionis
2981 2589 3148 2675 ejus,
3222 2586 3418 2653 fuerit
3487 2587 3608 2672 ipsi
3665 2606 3910 2652 concessa

2441 2707 2652 2794 gratia
2714 2707 2779 2772 in
2842 2727 3098 2773 summa
3174 2706 3595 2793 perfectione,
3665 2716 3910 2791 tanquam

2442 2824 2784 2911 dispositio
2822 2843 3232 2910 consequens
3273 2823 3608 2903 unionem,
3654 2821 3724 2886 ita
3760 2821 3914 2886 etiam

2442 2961 2522 3006 ex
2562 2940 3010 3026 assumptione
3065 2938 3359 3026 Virginis
3417 2937 3485 3003 in
3547 2941 3786 3004 Matrem
3835 2935 3913 3001 Dei
4023 2924 4028 3019 1

2445 3076 2573 3121 non
2624 3055 2859 3120 minuit
2917 3054 3061 3140 ejus
3102 3054 3493 3141 dignitatem
3554 3053 3647 3119 sic
3686 3053 3919 3139 recipe-re

2440 3171 2744 3260 gratiam,
2782 3190 2929 3257 quae
2971 3169 3097 3258 ipsi
3134 3168 3459 3237 destinata
3510 3181 3631 3248 est,
3670 3181 3915 3256 tanquam

2444 3284 2937 3372 dispositionem
2985 3284 3475 3350 antecedentem
3536 3295 3600 3350 et
3652 3279 3955 3383 concomij

2443 3413 2689 3468 tantem
2749 3401 2953 3487 ipsam
2995 3400 3533 3487 Conceptionem‚
3576 3400 3693 3465 imo
3745 3411 3913 3484 auget,

2445 3520 2597 3608 quia
2665 3538 2746 3584 ex
2812 3516 3023 3583 altiori
3099 3514 3286 3583 titulo
3361 3516 3773 3582 maternitatis
3825 3512 3913 3598 ipsi
3975 3535 3982 3540 ·

2443 3635 2675 3703 collata
2724 3634 2870 3717 fuit,
2923 3653 3118 3721 quam
3173 3632 3228 3699 si
3278 3653 3393 3718 per
3442 3633 3695 3719 propria
3742 3628 3914 3695 merita
3979 3658 3987 3664 .

2443 3754 2523 3821 de
2553 3752 2885 3820 communi
2920 3752 3063 3837 lege
3109 3769 3248 3815 eam
3283 3748 3623 3834 reciperet.

2534 3867 2884 3957 Dignificat
2946 3869 3153 3954 ipsam
3213 3865 3520 3953 gratiam,
3592 3884 3778 3951 neque
3830 3863 3908 3927 mi·

2445 3989 2587 4055 nuit
2614 3986 2968 4054 efficaciam
3012 3983 3221 4050 meriti
3264 3982 3631 4068 virginalis,
3663 3991 4026 4076 quantum

2444 4118 2543 4171 est
2597 4102 2678 4169 de
2734 4123 2829 4182 se,
2912 4112 2980 4166 ut
3039 4111 3214 4186 patet
3278 4098 3342 4163 in
3414 4098 3659 4164 meritis
3725 4091 3907 4161 Christi

2444 4220 2724 4303 Domini,
2764 4239 2911 4305 quae
2962 4217 3041 4283 de
3079 4237 3150 4283 se
3189 4215 3451 4303 quidem
3518 4228 3787 4302 poterant
3831 4211 3907 4273 ha·

2446 4341 2598 4402 bere
2673 4335 2984 4417 valorem,
3055 4343 3122 4397 ut
3205 4344 3615 4397 mererentur
3697 4326 3907 4415 gratiam

2444 4452 2987 4529 sanctificantem,
3024 4469 3138 4516 seu
3171 4447 3572 4514 habitualem
3613 4445 3754 4533 (nisi
3800 4438 3902 4526 quia

2438 4573 2574 4661 jam
2610 4569 2875 4635 fuerunt
2915 4563 3294 4653 praeventa)
3345 4563 3403 4630 si
3432 4567 3604 4630 Deus
3635 4564 3710 4628 ita
3744 4555 3900 4625 vellet,

2445 4688 2616 4755 sicut
2704 4694 3086 4751 meruerunt
3161 4680 3435 4769 gloriam
3515 4677 3796 4766 corporis,
3859 4678 3899 4732 el

2443 4802 2900 4872 exaltationem
2934 4799 3236 4877 nominis,
3273 4799 3422 4885 quia
3456 4797 3602 4865 haec
3639 4796 3898 4862 subsecuta
3979 4821 3988 4836 =

2445 4932 2600 4988 sunt
2657 4938 2854 5006 opera
2892 4915 3157 4991 Christi,
3211 4894 3282 4981 ac
3348 4915 3623 5000 perinde
3684 4912 3897 4999 poterant

2444 5036 2673 5104 cadere
2730 5033 2853 5101 sub
2920 5032 3224 5098 meritum
3274 5031 3441 5118 ejus,
3503 5028 3701 5116 gratia
3745 5030 3890 5087 autem
4014 5054 4030 5375 ι

2447 5164 2578 5218 tota
2647 5150 3002 5237 praecessit,
3042 5147 3317 5234 ideoque
3378 5166 3507 5212 non
3570 5148 3783 5232 poterat
3827 5148 3890 5195 ca·

2446 5268 2599 5335 dere
2662 5269 2784 5334 sub
2862 5265 3190 5344 meritum,
3272 5266 3424 5350 quia
3501 5273 3677 5329 erant
3722 5244 3888 5341 princi·

2451 5386 2628 5472 pium
2683 5382 2921 5450 meriti.
3870 5469 3879 5481 ι

2539 5498 2923 5586 Exemplum
2985 5496 3071 5563 sit
3138 5499 3203 5563 in
3262 5495 3705 5569 SacramentiS,
3762 5473 3880 5547 verbi
4022 5470 4027 5571 l
