4255 6375
1390 427 1582 490 nls‘r.
1630 427 1729 487 vl.
1776 424 2138 502 QUAEs'rio
2206 425 2305 487 1x.

232 591 628 663 effectum
684 589 1172 663 invisibilem
1223 589 1789 668 communiter,

3358 414 3478 481 599

1909 587 2121 659 enim
2185 585 2551 659 Ecclesia
2602 583 3124 676 baptizandus
3187 579 3454 673 primo

231 711 372 783 ubi
452 710 951 803 Augustinus
1031 708 1466 802 specificat,
1554 709 1793 777 vocat
1910 703 2462 782 inducebatur,
2536 702 2663 775 cui
2735 698 3192 772 Hierarcha
3299 715 3461 767 ma-

230 828 628 920 gratiam.

320 947 482 1019 Hic
581 945 1141 1038 respondetur,
1235 944 1436 1037 quod
1516 942 1787 1015 Sancti

110 1076 188 1119 A·
223 1061 443 1134 satis
485 1062 812 1134 tradunt
846 1060 936 1131 de
970 1059 1474 1139 charactere,
1511 1077 1783 1129 secun-

113 1170 124 1180 ”
220 1178 421 1249 dum
458 1177 685 1250 illum
742 1177 1060 1248 modum
1130 1195 1285 1268 quo
1345 1173 1781 1265 loquimur,

110 1259 166 1305 do

109 1334 177 1372 Εἰ.

222 1298 313 1365 ut
392 1294 823 1365 adductum
887 1296 1011 1367 est
1087 1293 1177 1364 de
1237 1290 1635 1383 Dionysio
1705 1295 1785 1362 et

112 1420 124 1433 '
222 1412 767 1482 Damasceno.

314 1527 470 1599 Sed
549 1526 708 1597 illae
786 1525 1328 1599 auctoritates
1405 1524 1782 1597 videntur

222 1644 549 1714 tantum
590 1662 766 1714 esse
806 1643 1155 1723 vocales,
1201 1647 1281 1715 et
1330 1661 1489 1712 non
1525 1640 1617 1711 ad
1669 1638 1778 1711 in-

216 1758 680 1830 tentionem
739 1778 1050 1831 eorum.
1108 1758 1332 1830 Sicut
1382 1756 1597 1829 enim
1648 1774 1780 1848 pa—

212 1878 336 1947 tet
421 1874 921 1966 respiciendo
982 1874 1636 1955 translationem,
1696 1874 1773 1944 et

209 1993 823 2086 expositionem
903 1992 1397 2064 Vercellens.
1478 2016 1622 2079 cap.
1704 1997 1767 2059 2.

210 2108 825 2183 Ecclesiasticae
920 2109 1423 2181 lIierarchiae
1527 2113 1601 2176 in
1705 2115 1767 2177 6.

200 2232 579 2315 particula,
643 2253 787 2317 cap.
856 2234 919 2296 2.
1002 2231 1186 2299 sunt
1286 2227 1447 2300 ista
1525 2225 1772 2297 verba

210 2361 397 2432 quae
469 2344 958 2435 allegantur,
1034 2345 1167 2416 ubi
1231 2370 1244 2412 :
1306 2346 1500 2417 dicit
1580 2366 1761 2416 secu

210 2461 407 2531 dum
454 2461 697 2533 istam
748 2462 1416 2534 translationem:
1473 2463 1572 2528 [ια
1620 2485 1771 2529 sur-

209 2601 362 2645 sum
412 2592 635 2645 actam
689 2582 929 2646 divina
984 2580 1318 2647 beatitudo
1374 2605 1415 2648 a
1452 2583 1772 2669 suiipsius

207 2698 741 2783 participatione
800 2699 1061 2783 recipit,
1110 2709 1171 2763 ct
1227 2698 1308 2762 de
1356 2700 1639 2784 proprio
1673 2700 1771 2763 lu-

211 2815 419 2892 mine,
466 2816 634 2879 sicut
674 2814 962 2901 quodam
998 2815 1191 2901 siquo
1232 2817 1364 2901 ipsi
1410 2814 1619 2881 tradit
1662 2816 1769 2880 di-

211 2932 453 2995 vinum
526 2931 806 3013 faciens,
890 2941 951 2995 et
1007 2933 1630 2996 communicatorem
1696 2932 1769 2996 in

207 3049 346 3111 Deo
388 3048 823 3113 manentium.
863 3047 964 3117 Et
1000 3045 1370 3136 sequitur·
1415 3044 1518 3115 ibi
1554 3070 1566 3111 :
1600 3049 1765 3112 San-

207 3174 389 3229 ctum
417 3165 680 3250 siquam
721 3185 761 3228 a
813 3165 1183 3230 Hierarclza
1229 3164 1567 3231 accedenti
1605 3165 1768 3231 data.

205 3282 642 3366 siqnisicatiO,
705 3277 834 3349 ubi
902 3279 1296 3353 adducunt
1356 3279 1606 3371 aliqui
1674 3282 1764 3352 de

209 3393 375 3465 alia
433 3394 977 3468 translatione
1020 3397 1266 3468 verba
1307 3397 1551 3468 talia:
1624 3399 1763 3465 Ad-

211 3514 512 3578 venienti
544 3514 634 3579 ad
676 3515 1111 3600 Baptismum,
1158 3515 1450 3580 donatur
1506 3538 1546 3579 a
1583 3537 1762 3580 stem-

109 3672 142 3704 2,
213 3652 318 3694 mo
362 3632 726 3697 Sacerdote
755 3653 1020 3697 sacrum
1048 3633 1489 3719 siqnacetletm.
1533 3629 1763 3703 Simi-

210 3744 410 3816 liter
455 3744 645 3816 illud
685 3745 775 3816 de
806 3747 1311 3818 Damasceno
1366 3748 1456 3813 lib
1486 3754 1548 3813 4.
1593 3772 1648 3815 c.
1698 3754 1755 3813 1.

212 3862 533 3935 adducit
577 3861 717 3944 Sic,
764 3866 938 3952 quod
961 3887 1084 3951 per
1123 3866 1522 3951 baptismam
1560 3867 1763 3931 (latur

212 3983 402 4046 nobis
434 3982 848 4068 rcycneratio
888 3989 947 4046 et
976 3983 1272 4067 siqillum
1298 4007 1320 4060 ,·
1360 3998 1503 4072 per
1537 3978 1757 4069 Sigil-

210 4092 381 4165 lum
490 4092 982 4184 intelligitur
1093 4094 1525 4166 secundum
1620 4113 1757 4164 eos

210 4211 670 4297 character,
726 4211 1013 4284 ibidem
1046 4215 1201 4281 disc.
1249 4219 1309 4281 3.
1376 4237 1431 4281 c.
1500 4218 1562 4280 2.
1608 4214 1758 4284 Da·

213 4348 638 4401 mascenus
676 4357 689 4398 ε
746 4333 1307 4407 Quemadmodum
1360 4332 1598 4398 Israeli
1626 4335 1756 4398 cir-

209 4449 546 4529 cumcisio,
593 4449 671 4518 et
734 4446 1105 4538 sequitur
1174 4449 1356 4538 post
1393 4447 1607 4529 illud,
1665 4462 1756 4516 est

209 4566 533 4653 siyillitm.

301 4673 489 4745 Istae
540 4671 1079 4745 auctoritates
1142 4692 1298 4742 non
1368 4672 1753 4745 adducun-

212 4794 348 4862 tur
390 4791 483 4863 ad
528 4789 1058 4863 intentionem
1119 4796 1572 4864 auctorum.
1641 4795 1753 4864 De

110 4886 482 5021 &geprima
528 4911 776 5001 patet,
860 4906 1044 5000 quia
1115 4906 1327 4980 sicut
1393 4907 1750 4979 continet

109 5049 180 5146 fg,
220 5023 545 5113 planum
637 5025 963 5105 litterae,
1072 5027 1149 5095 et
1210 5024 1750 5096 Vercellensis

164 5140 175 5150 '
216 5141 546 5234 exponit
589 5142 668 5214 in
722 5141 860 5212 illa
914 5146 1145 5233 parte
1180 5143 1433 5223 sexta,
1498 5166 1641 5229 cap.
1680 5148 1740 5209 02.

212 5256 696 5332 determinat
735 5259 825 5330 de
860 5260 1199 5350 quodam
1253 5257 1748 5350 praeambulo

214 5376 304 5446 ad
343 5377 877 5469 Baptismum‚
937 5376 1291 5466 qualiter
1348 5376 1563 5447 valet
1629 5397 1747 5446 se-

213 5495 548 5564 cundum
620 5493 871 5564 ritum
914 5497 1387 5566 Graecorum
1456 5493 1535 5562 in
1595 5493 1749 5584 pri-

218 5608 491 5682 mitiva
602 5594 989 5684 Ecclesia.
1126 5611 1214 5681 In
1329 5608 1748 5701 primitiva

1904 841 2099 892 num
2213 818 2463 911 capiti
2561 818 2984 910 imponens
3083 810 3458 905 signabat

1903 957 2115 1018 eum,
2251 934 2733 1030 praecipiens
2856 929 3454 1010 Sacerdotibus,

1905 1054 2113 1145 quod
2177 1056 2342 1127 tam
2397 1053 2664 1146 ipsum
2758 1069 2998 1141 quam
3049 1046 3224 1139 ejus
3289 1066 3457 1117 sus·

1901 1176 2321 1263 ceptorem
2389 1168 2873 1241 describant.
2944 1164 3146 1237 Illud
3212 1162 3455 1236 fiebat

1897 1289 2137 1379 longe
2221 1293 2408 1360 ante
2485 1284 3144 1377 baptizationem,
3243 1281 3452 1353 sicut

1898 1406 2239 1496 apparet
2310 1424 2408 1474 ex
2447 1420 2878 1493 ,processu
2940 1398 3243 1471 litterae
3314 1395 3445 1478 ibi,

1897 1520 2083 1612 quia
2150 1520 2240 1591 de
2291 1520 2474 1590 actu
2521 1514 2981 1609 baptizandi
3076 1512 3447 1587 determi-

1895 1643 2142 1710 natur
2209 1639 2416 1728 post‚
2478 1641 2814 1723 pareest.
2899 1632 3043 1703 sub
3141 1630 3444 1714 littera.

1891 1752 2107 1823 Unde
2143 1756 2224 1824 ct
2263 1752 2538 1824 textus
2578 1748 2711 1820 ille
2753 1745 3128 1838 Dionysii
3165 1765 3446 1817 secun-

1887 1872 2073 1943 dum
2155 1868 2788 1942 translationem
2871 1865 3439 1944 Vercellensis,

1892 1989 2268 2059 truncate
2413 1982 2859 2056 adducitur.
3001 1980 3442 2053 Praemisso

1886 2102 2101 2174 enim
2160 2103 2250 2174 de
2329 2101 2665 2195 proprio
2737 2098 3063 2181 lumine,
3132 2097 3446 2169 scilicet

1887 2218 2100 2290 fidei:
2138 2222 2321 2285 Sicut
2351 2220 2633 2305 qaedam
2678 2221 2867 2306 siquo
2902 2219 3034 2304 ipsi
3067 2218 3340 2296 tractim,
3380 2226 3439 2280 e!

1860 2346 2510 2410 'continunicatorem
2543 2345 2614 2408 in
2645 2344 2780 2406 Deo
2811 2341 3244 2419 manentium,
3283 2337 3435 2407 etc.

1886 2463 1975 2531 de
2039 2459 2222 2533 istis
2287 2458 2550 2543 subdit
2588 2482 2599 2524 :
2644 2461 2935 2535 Quorum
2998 2469 3090 2521 est
3134 2467 3437 2521 sanctum

1882 2581 2150 2665 siquam
2191 2602 2232 2645 a
2291 2578 2662 2643 Ilierarcha
2721 2575 3062 2641 accedenti
3119 2574 3278 2639 data
3345 2574 3433 2636 si-

1882 2700 2134 2785 9nat2’0,
2216 2708 2276 2761 et
2324 2696 2754 2760 Sacerdotztm
2811 2695 3132 2759 salutaris
3188 2692 3433 2758 descri-

1878 2817 2065 2900 pci0,·
2121 2808 2494 2903 quorum,
2572 2809 2926 2899 inquam,
2995 2807 3225 2878 redde
3279 2806 3433 2877 sin-

1883 2930 2074 3020 gula
2139 2926 2507 3018 singulis,
2563 2926 2874 2998 scilicet
2956 2925 3431 2998 illuminati-

1888 3047 2063 3118 onis
2139 3044 2464 3119 traditae
2563 3048 2936 3116 sanctum
3000 3046 3432 3136 signum,a

1882 3164 2338 3236 lIierarcha
2397 3164 2585 3237 data
2655 3163 3033 3257 signatiO,
3120 3162 3428 3236 scilicet

1879 3281 2297 3374 impositio
2374 3302 2754 3352 manuum
2836 3282 2917 3352 in
2995 3279 3285 3373 capite,
3349 3284 3428 3353 et

1880 3400 2086 3490 quod
2185 3399 2290 3471 sit
2382 3398 3034 3471 communicator
3127 3396 3429 3469 divino-

1880 3535 2085 3596 rum,
2153 3515 2478 3606 signum
2546 3518 2669 3588 est
2717 3514 3242 3588 Sacerdotum
3306 3533 3428 3585 sa-

1872 3631 2172 3703 lutaris
2213 3632 2679 3725 descripti0‚
2747 3632 2878 3724 qui
2949 3631 3261 3703 scilicet
3306 3632 3426 3703 de·

1877 3747 2239 3819 scribunt
2309 3767 2519 3833 eum,
2592 3751 2670 3820 et
2738 3750 2912 3840 ejus
3005 3751 3422 3840 suscepto-

1876 3885 2048 3935 rem
2122 3868 2511 3955 tanquam
2602 3864 2681 3934 in
2768 3863 3422 3936 communionem

1879 3980 2539 4054 Christianorum
2666 3985 3107 4072 receptum.
3192 3983 3421 4054 ·Ista

1873 4100 2146 4169 autem
2207 4095 2625 4188 impositio
2697 4116 3107 4179 manuum,
3163 4100 3243 4170 et
3300 4098 3420 4168 dc-

1871 4213 2215 4305 scriptio
2277 4212 2516 4285 fiebat
2555 4211 2795 4303 longe
2837 4215 3024 4286 ante
3066 4213 3420 4306 baptiza-

1869 4329 2221 4410 tionem;
2261 4348 2459 4421 ergo
2520 4329 2744 4401 nullo
2800 4331 3029 4400 modo
3087 4332 3245 4403 ista
3286 4329 3415 4401 hic

1866 4448 2079 4520 dicta
2145 4450 2484 4538 possunt
2556 4446 2906 4536 intelligi
2991 4447 3081 4518 de
3141 4446 3412 4538 aliquo

1872 4563 2104 4655 signo
2153 4564 2554 4654 impresso
2591 4563 2669 4634 in
2710 4564 3159 4655 Baptismo.

1959 4682 2236 4752 Aucto
2272 4680 2428 4751 itas
2459 4680 2942 4752 Damasceni
2987 4682 3216 4753 valde
3259 4677 3410 4754 ine-

3437 4749 3550 4798 Non

3569 4687 3622 4737 7.

3604 4749 3756 4800 fuisse

1871 4799 2002 4889 pte
2036 4796 2482 4877 adducitur,
2512 4796 2700 4888 quia
2736 4817 2925 4889 pars
2961 4798 3195 4869 unius
3240 4819 3411 4872 ora·
3435 4811 3754 4924 lcoffiffinercge

1864 4913 2113 4984 tionis
2150 4911 2676 5004 conjungitur
2717 4934 2898 4986 cum
2941 4919 3176 5006 parte
3210 4916 3408 4987 alte-
3460 4943 3515 4986 ut
3543 4937 3737 5001 putavit

1870 5028 2066 5112 rius,
2114 5029 2672 5121 praetermissa
2752 5031 3151 5104 sententia
3228 5053 3407 5105 con-

1866 5145 2230 5236 cipienda
2299 5166 2481 5216 cum
2563 5151 2795 5238 parte
2880 5149 3400 5239 praecedente.

1863 5263 2092 5334 Jacet
2161 5261 2374 5332 enim
2458 5261 2532 5332 in
2592 5262 2872 5334 littera
2925 5265 3400 5337 Damasceni

1866 5378 1978 5449 sic
2019 5399 2030 5441 τ
2096 5381 2225 5444 Per
2275 5383 2687 5467 Baptisnmm
2729 5383 3075 5468 primitias
3123 5385 3402 5470 spiritus

1860 5499 2276 5579 assumian
2304 5499 2380 5566 et
2416 5502 2539 5568 est
2563 5495 2666 5567 ibi
2700 5516 3014 5579 versus,
3042 5502 3120 5570 ef,
3145 5501 3400 5590 sequi-

1866 5617 2004 5685 tur
2045 5610 2255 5683 alius
2297 5631 2629 5683 versus:
2686 5615 2767 5678 ΕΙ
2794 5617 3214 5702 principium
3258 5622 3421 5686 altc-

3449 5000 3521 5052 D.
3558 5001 3743 5053 Thom.
