4255 6375
733 389 853 452 666
1888 401 2035 465 Lm.
2067 402 2171 466 IV.
2205 404 2802 469 SENTENTlARUM

726 574 955 623 omnes
985 558 1323 627 unctiones
1356 583 1471 649 per
1510 565 1772 631 modum
1814 565 2030 631 uniuS.
2075 568 2261 648 Item,

728 670 1027 738 eumdem
1068 675 1361 743 ordinem
1396 678 1702 744 denotant
1756 680 1860 745 illa
1910 682 2142 750 verba:
2183 685 2269 746 En

2380 569 2761 634 Unctionem
2823 569 3402 640 sacramentalem:
3475 569 3643 632 hanc
3690 579 4098 644 autemfflg

3913 668 4106 707 ms.

726 789 1041 875 εἰρηαιοε,
1090 794 1231 857 sive
1260 806 1486 860 unctos
1510 799 1808 882 primum
1837 810 2065 864 sancto
2094 801 2242 865 cla-ri
2257 842 2266 848 -

725 916 951 986 smate,
1018 919 1079 973 ec
1134 910 1448 992 frontem,
1505 924 1567 977 et
1613 916 1855 993 oculos,
1922 927 2043 981 etc.
2109 920 2269 991 Quae

726 1023 1046 1089 sententia
1088 1038 1187 1092 est
1224 1028 1616 1113 copulativa,
1667 1050 1794 1094 non
1862 1030 2079 1097 solum
2122 1053 2288 1121 vet-2

727 1137 985 1218 borum,
1056 1141 1168 1207 sed
1228 1143 1421 1210 etiam
1472 1145 1746 1212 actionis
1808 1158 1870 1211 et
1934 1149 2263 1213 unctionis

728 1251 1122 1321 continuata}
1198 1258 1392 1324 simul
1463 1260 1528 1325 in
1597 1262 1889 1347 partibus
1957 1263 2263 1344 diversiS,

732 1389 879 1454 quae
911 1371 1194 1457 primum
1227 1373 1299 1439 fit
1338 1387 1488 1440 ante
1539 1377 1966 1461 prolationem
2000 1378 2261 1445 formae:

731 1485 1064 1572 Siqnalos,
1158 1489 1390 1576 inquit,
1471 1493 1611 1557 sive
1678 1505 1903 1559 unctos
1976 1497 2272 1580 primum

728 1615 957 1669 sancto
996 1608 1373 1687 chrismate,
1440 1630 1588 1696 quae
1647 1611 1959 1676 denotant
2026 1632 2271 1698 suppo-

729 1717 1034 1784 sitionem
1082 1722 1283 1787 totius
1352 1725 1678 1791 unctionis
1754 1738 1817 1793 et
1876 1728 2271 1813 signationis

730 1853 844 1921 per
901 1833 1106 1920 ipsam
1156 1848 1308 1903 ante
1348 1839 1774 1924 prolationem
1834 1843 2105 1923 formae;
2146 1843 2270 1910 sor·

726 1968 828 2014 ma
867 1970 1024 2036 ergo
1058 1952 1267 2037 primo
1340 1966 1402 2019 et
1444 1977 1558 2041 per
1616 1978 1686 2022 se
1726 1958 2114 2026 determinat
2147 1981 2264 2027 un-

720 2066 1002 2132 ctionem
1064 2066 1127 2132 in
1170 2067 1403 2150 fronte,
1459 2073 1846 2140 secundario
1888 2074 2173 2163 reliquas
2206 2079 2270 2144 in

720 2182 949 2250 ordine
1004 2183 1084 2249 ad
1146 2185 1420 2270 primam
1491 2209 1640 2275 quae
1708 2191 2075 2260 essentialis
2142 2209 2265 2272 est,

723 2300 820 2367 sic
858 2299 1013 2365 lotio
1073 2301 1483 2389 Baptismalis
1526 2318 1734 2391 potest
1784 2327 1930 2376 esse
1974 2311 2036 2374 in
2092 2327 2273 2399 parte

728 2415 1092 2502 principali,
1145 2427 1207 2482 et
1267 2416 1412 2483 aliis
1480 2420 1694 2487 minus
1764 2426 2265 2512 principalibus,

729 2552 1003 2620 quarum
1058 2532 1213 2599 lotio
1280 2535 1639 2602 secundum
1707 2538 1961 2626 aliquos
2029 2564 2146 2628 per
2205 2566 2271 2610 se

729 2649 863 2715 sola
935 2669 1061 2715 non
1139 2651 1491 2733 sufficeret,
1566 2655 1667 2720 vel
1737 2670 1912 2724 certe
1971 2659 2272 2728 redderet

728 2767 1216 2833 Sacramentum
1249 2768 1562 2848 dubium;
1600 2785 1933 2854 caeterum,
1974 2785 2042 2840 ut
2073 2777 2269 2844 simul

730 2880 896 2948 liunt
941 2902 1089 2948 cum
1139 2883 1380 2951 lotione
1438 2888 1640 2972 partis
1682 2889 2083 2977 principalis,
2121 2914 2273 2978 spe-

727 3009 904 3063 ctant
941 2998 1018 3064 ad
1080 3000 1441 3080 materiam,
1489 3024 1683 3089 quam
1736 3003 2129 3073 determinat
2159 3031 2276 3094 per

730 3113 994 3180 modum
1032 3115 1248 3197 uniuS,
1313 3117 1544 3184 formae
1587 3120 2016 3208 baptismalia,
2059 3135 2125 3190 ut
2158 3147 2272 3193 su-

734 3250 847 3316 pra
914 3231 1126 3297 visum
1194 3245 1317 3303 est.
1377 3235 1616 3302 Eodem
1679 3238 1868 3304 modo
1929 3242 2146 3307 unctio
2207 3243 2271 3308 in

735 3347 1002 3414 renibus
1038 3360 1102 3415 et
1132 3350 1408 3435 pedibus
1441 3372 1567 3418 non
1599 3368 1701 3420 est
1735 3359 2125 3439 necessaria,
2165 3373 2275 3427 aut

733 3464 1096 3531 essentialis
1147 3467 1414 3533 materia
1472 3469 1872 3538 Sacramenti
1946 3478 2274 3543 Extremae

736 3580 1101 3659 unctionis;
1146 3594 1364 3648 tamen
1425 3595 1493 3651 ut
1544 3585 1929 3675 adjungitur
1979 3592 2151 3670 aliiS,
2205 3593 2274 3658 sit

735 3696 1025 3777 materia,
1079 3718 1272 3784 quam
1334 3700 1539 3767 forma
1591 3704 1785 3769 etiam
1827 3705 2269 3789 determinat;

728 3824 791 3879 et
830 3814 906 3879 ad
947 3814 1246 3881 eumdem
1280 3817 1544 3885 modum
1587 3835 1806 3906 posset
1833 3822 1956 3888 dici
1995 3825 2270 3892 formam

724 3927 1097 3997 chrismatis
1138 3933 1342 4018 repeti
1385 3954 1576 4020 posse
1614 3936 1691 4002 ad
1734 3937 2029 4025 singulas
2064 3943 2270 4007 uncti-

723 4064 905 4124 oneS,
944 4059 1008 4112 et
1056 4060 1370 4133 quantum
1421 4050 1497 4115 ad
1540 4050 1842 4118 effectum
1872 4054 2269 4141 dogmatiza-

724 4181 817 4239 re,
863 4162 1034 4229 sicut
1075 4177 1140 4229 et
1188 4164 1255 4229 in
1297 4164 1502 4232 forma
1542 4180 1606 4233 et
1647 4171 1913 4237 materia
1946 4175 2272 4241 Extremae

726 4277 1075 4357 unctionis,
1149 4281 1425 4367 ejusque
1489 4283 1747 4352 effectu.
1823 4290 1973 4353 Haec
2044 4290 2272 4357 ultima

724 4393 963 4460 solutio
1005 4395 1164 4461 mihi
1229 4417 1356 4462 non
1416 4398 1643 4486 placet,
1692 4402 1842 4488 quia
1884 4405 2272 4474 Sacramen-

726 4520 864 4575 tum
909 4510 1292 4597 imprimens
1351 4512 1794 4582 characterem
1868 4522 2092 4607 nequit
2152 4522 2270 4589 ite-

725 4625 881 4705 rari,
943 4627 1038 4692 sic
1086 4629 1298 4714 quoad
1344 4630 1645 4711 sormam,
1701 4655 1879 4720 quae,
1933 4638 2271 4724 supposita

723 4742 990 4808 materia
1039 4744 1193 4811 facit
1224 4747 1362 4832 jam
1432 4752 1925 4818 Sacramentum
1986 4756 2273 4840 comple-

2377 702 2520 748 esse
2583 684 2974 749 essentialen
3027 686 3339 770 probatur
3367 705 3453 750 ex
3487 694 3746 769 utraque
3782 682 3890 747 for·

2381 817 2506 875 ma,
2560 809 2691 864 tam
2751 803 3121 866 Graecorum
3167 821 3364 887 quam
3417 798 3798 876 Latinorum,
3837 813 3894 862 et

2382 911 2589 996 magis
2630 932 2942 999 expresse
2988 934 3064 979 ex
3103 913 3312 979 forma
3353 913 3725 977 Latinorum
3760 912 3892 998 quia

2380 1025 2549 1091 sicut
2571 1026 2778 1093 forma
2804 1029 3113 1114 Baptismi
3147 1027 3478 1114 significat
3499 1027 3888 1100 ablutionem,

2381 1162 2529 1228 quae
2559 1155 2656 1208 est
2688 1143 2955 1209 materia
2983 1145 3184 1231 hujus
3215 1144 3643 1219 Sacramenti,
3686 1144 3764 1207 ita
3790 1143 3891 1208 eti·

2382 1278 2485 1322 am
2508 1257 2713 1322 forma
2746 1257 3276 1325 Confirmationis
3307 1257 3640 1345 significat
3671 1260 3891 1323 materi-

2380 1393 2484 1438 am
2518 1376 2940 1452 Sacramenti,
2977 1375 3090 1440 sed
3149 1387 3279 1441 tam
3338 1375 3610 1461 signum
3665 1376 3885 1449 Cruci5‚

2383 1509 2576 1575 quam
2608 1489 2803 1555 etiam
2860 1491 3232 1557 unctionem
3267 1490 3625 1576 significat,
3662 1503 3725 1555 ut
3748 1490 3892 1555 acti-

2381 1606 2527 1671 onis
2559 1607 2838 1672 ministri
2865 1629 2879 1671 :
2918 1610 3127 1693 Siyno
3160 1619 3220 1673 te
3247 1610 3443 1693 siqno
3480 1608 3725 1684 Crucis,
3757 1628 3890 1671 oon-

2381 1725 2578 1804 firmo
2612 1733 2671 1788 te
2700 1725 3055 1789 chrismate
3082 1726 3343 1797 salutis,
3381 1738 3508 1790 etc.
3537 1723 3893 1799 Quaefforma

2382 1839 2551 1905 sicut
2610 1859 2733 1904 non
2787 1850 2998 1925 potest
3029 1861 3173 1906 esse
3215 1840 3375 1906 falsa
3417 1841 3636 1926 (esset
3671 1851 3890 1914 autem,

2380 1956 2435 2020 si
2471 1956 2689 2020 unctio
2719 1956 2861 2023 sine
2916 1977 3110 2022 cruce
3144 1956 3394 2041 fieret),
3432 1955 3523 2021 ita
3568 1955 3754 2020 etiam
3784 1977 3894 2020 non

2381 2085 2480 2137 est
2516 2073 2874 2161 superflua,
2922 2070 3033 2137 sed
3078 2071 3142 2136 in
3211 2071 3523 2137 omnibus
3563 2071 3899 2136 essentialis

2383 2201 2444 2254 et
2484 2188 2931 2255 substantialis
2989 2187 3201 2274 quoad
3242 2200 3464 2273 partes
3503 2206 3675 2260 suas,
3724 2199 3781 2252 et
3806 2207 3895 2252 se-

2380 2304 2666 2370 cundum
2727 2304 3018 2370 divinam
3070 2303 3579 2381 institutionem,
3626 2322 3762 2367 nam
3813 2301 3895 2366 si-

2379 2419 2757 2507 gnaculum,
2805 2432 2874 2485 ut
2912 2420 3071 2485 dicit
3101 2420 3309 2484 forma
3341 2421 3739 2497 Graecorum,
3779 2438 3891 2482 non

2384 2537 2593 2604 solum
2652 2538 2956 2604 effectum
3024 2536 3352 2622 designat,
3419 2535 3533 2601 sed
3593 2547 3656 2601 et
3706 2535 3894 2621 ipsum

2384 2658 2899 2732 Sacramentum,
2972 2665 3036 2720 et
3097 2653 3436 2720 materiam
3477 2654 3648 2740 ejus,
3716 2663 3780 2717 ut
3825 2652 3894 2716 sit

2387 2771 2603 2838 unctio
2652 2770 2717 2835 in
2780 2771 2990 2857 figura
3028 2770 3286 2837 Crucis,

2473 2884 2649 2945 Patet
2696 2900 3008 2964 expresse
3065 2878 3239 2944 idem
3294 2899 3377 2944 ex
3434 2877 3798 2943 canonibus
3845 2888 3898 2942 et

2388 2999 2683 3065 Patribus
2723 2998 2966 3082 citatiS,
3021 2998 3134 3085 qui
3178 2999 3670 3062 Sacramentum
3710 2994 3898 3081 appel«

2383 3118 2516 3183 lant
2565 3117 3001 3205 signationem
3059 3115 3123 3180 in
3176 3115 3413 3192 fronte,
3481 3133 3634 3200 quae
3688 3133 3723 3177 a
3769 3111 3902 3178 solis

2384 3235 2721 3320 Episcopis
2787 3233 2930 3298 fieri
2996 3233 3229 3309 debet;
3303 3229 3459 3297 illud
3521 3242 3736 3295 autem
3793 3248 3898 3292 nou

2384 3350 2594 3417 solum
2669 3349 2974 3434 importat
3066 3346 3432 3434 simplicem
3531 3346 3901 3413 unctionem.

2387 3484 2513 3531 non
2605 3478 2867 3532 servato
2960 3463 3389 3530 determinato
3476 3461 3669 3527 modo
3769 3460 3906 3526 acti·

2384 3582 2554 3664 onis,
2638 3580 2751 3647 sed
2833 3582 3040 3668 ipsam
3105 3580 3478 3647 unctionem
3567 3578 3632 3643 in
3728 3577 3905 3642 forma

2384 3698 2833 3779 determinata,
2917 3719 3150 3783 nempe
3235 3698 3300 3762 in
3358 3694 3574 3782 figura
3657 3692 3900 3765 Crucis;

2384 3816 2671 3884 secundo
2727 3816 3011 3903 idipsum
3074 3813 3293 3901 praxis
3351 3833 3614 3898 semper
3681 3824 3904 3879 servata

2383 3935 2606 4013 docet;
2681 3932 2896 4012 terti0,
2943 3930 3108 3996 ratio
3173 3927 3592 3995 caeremoniae
3633 3947 3746 3994 seu
3800 3946 3906 3991 un·

2382 4051 2618 4118 ctionis
2674 4049 2992 4115 institutae
3033 4047 3098 4112 in
3144 4045 3358 4111 fronte
3406 4044 3482 4110 ad
3544 4042 3901 4130 portandam

2382 4173 2653 4234 Crucem
2698 4163 2978 4243 Domini,
3025 4182 3300 4249 eamque
3357 4181 3489 4226 non
3540 4159 3902 4225 erubescen—

2383 4286 2554 4369 dam,
2612 4303 2805 4370 quam
2855 4300 3052 4365 supra
3116 4299 3188 4343 ex
3247 4277 3550 4343 Patribus
3609 4273 3902 4362 praemisi·

2386 4422 2553 4479 mus,
2600 4400 2767 4465 idem
2800 4396 3164 4473 confirmat,
3218 4395 3390 4460 sicut
3440 4405 3506 4460 et.
3551 4391 3902 4478 congruitas

2384 4539 2531 4584 cum
2590 4516 2826 4582 effectu
2903 4511 3300 4579 Sacramenti
3370 4521 3434 4574 et
3501 4507 3899 4595 professionis

2388 4635 2562 4701 fidei.

2473 4752 2566 4838 (d)
2615 4752 2780 4814 Cum
2854 4746 3231 4818 chris-mate,
3278 4752 3402 4807 etc.
3475 4746 3592 4807 Hic
3639 4761 3902 4827 compre·
3954 4764 4068 4879 bgr.

2387 4867 2610 4934 hendit
2652 4863 2986 4930 materiam
3033 4869 3341 4926 remotam
3396 4856 3813 4934 Sacramenti,
3851 4868 3900 4921 et
3961 4896 4062 4957 ,μ

2385 4983 2690 5068 intelligit
2749 5001 2863 5067 per
2916 4978 3202 5045 chrisma
3267 4974 3742 5041 confectionem
3795 4972 3898 5038 olei
3954 4958 4078 5068 {ff

2385 5102 2704 5166 olivarum
2765 5109 2828 5162 et
2875 5093 3171 5171 balsami,
3247 5102 3319 5157 ut
3373 5090 3547 5156 infra
3603 5091 3899 5157 declarat:
3936 5078 4090 5196 ὥ

2389 5217 2690 5295 Materia,
2792 5213 3027 5299 inquit,
3117 5220 3372 5274 remota
3454 5218 3550 5272 est
3641 5208 3903 5272 chrisma
4002 5202 4034 5249 n.

2384 5334 2810 5420 compositum
2891 5350 2974 5392 ecc
3047 5328 3189 5391 oleo
3246 5325 3606 5403 olivarum,
3672 5334 3732 5388 et
3790 5320 3907 5386 bat·

2377 5471 2580 5527 same),
2626 5461 2751 5514 etc.
2798 5448 2931 5511 Hoc
2981 5454 3195 5510 autem
3243 5462 3386 5507 esse
3416 5441 3500 5507 de
3542 5438 3904 5506 necessitate

721 4871 887 4938 tum;
952 4856 1101 4927 ideo
1152 4862 1402 4947 primus
1472 4864 1703 4932 modus
1762 4869 2083 4935 tenendus
2143 4883 2266 4951 est,

720 4976 823 5044 vel
883 4976 1255 5060 dicendum,
1302 4980 1473 5066 quod
1528 4982 1675 5048 aliae
1717 4984 2055 5052 unctiones
2089 5001 2274 5054 erant

718 5094 1234 5174 caeremoniales,
1280 5107 1343 5163 et
1384 5119 1511 5164 non
1562 5103 2090 5183 sacramentales,
2156 5104 2267 5169 sed

719 5213 1122 5280 addebantur
1163 5216 1504 5302 'completo
1578 5220 1990 5287 Sacramento
2055 5221 2132 5286 ad
2165 5244 2273 5288 ex-

726 5332 1111 5419 positionem
1172 5336 1365 5403 luctae
1404 5337 1791 5424 spiritualis,

504 5457 583 5508 16.
816 5447 901 5535 (c)
944 5449 1018 5516 In
1055 5452 1279 5537 fiqura
1323 5453 1577 5535 Crucis,
1646 5466 1768 5523 etc.
1818 5460 1969 5521 Haec
2009 5467 2107 5522 est
2161 5478 2270 5523 se-

378 5519 609 5585 Signatio
642 5522 698 5574 in

463 5589 626 5655 figura
730 5568 941 5635 cunda
990 5569 1479 5638 circumstantia
1523 5593 1638 5659 per
1695 5594 1767 5639 se
1828 5572 2144 5661 requisita
2195 5573 2273 5639 ad
2377 5573 2775 5642 Sacramenti
2863 5582 2964 5639 est
3030 5568 3369 5637 conclusio
3429 5565 3752 5633 DoctoriS.
3817 5558 3922 5627 Alii
