4255 6375
165 5331 214 5379 ii.

1371 415 1567 479 nls'r.
1617 417 1719 477 lV.
1755 416 2125 492 QUAES'rto
2160 417 2201 477 1.

3267 406 3384 470 385

204 582 375 655 dum,
452 585 518 642 et
586 579 858 661 quidam
957 581 1303 655 Hem-icus,
1373 595 1412 640 a
1501 579 1744 659 quibus
1853 579 2185 640 senserint
2228 578 2294 639 in
2338 574 2749 653 Baptismum
2819 573 3189 649 receptum,
3255 581 3405 629 esse

206 692 348 757 dicti
427 698 579 755 suut
662 709 895 756 eorum
966 699 1330 757 sectatores
1403 695 1748 757 Petrobru-

205 808 358 870 siaui
415 814 483 871 et
538 809 937 884 Henriciani,
1012 827 1178 889 quos
1249 810 1540 874 confutat
1586 813 1743 872 Ber·

205 924 439 987 nardus
486 927 662 1003 epist.
694 928 835 988 240.
885 931 952 988 et
993 944 1183 987 serm.
1217 927 1319 989 66.
1354 930 1421 988 in
1455 929 1742 991 Cantica.
1806 995 1814 1002 ,

1860 692 2289 755 dimittendos
2398 691 2665 752 liberos.
2770 685 3133 749 Ludovicus
3214 682 3411 745 Vives

1861 815 2083 872 Αηηοι.
2161 811 2250 870 ad
2311 825 2453 883 cap.
2501 809 2603 869 27.
2667 804 3014 884 Augustini
3059 801 3171 863 lib.
3226 803 3271 862 l.
3334 802 3413 862 de
3466 806 3709 858 Ludovici

1862 926 2052 986 Civic.
2099 941 2245 997 cap.
2305 924 2406 984 27.
2460 921 2617 983 dicit
2670 920 2823 982 olim
2870 918 3206 980 neminem
3259 931 3411 978 con·

203 1050 266 1112 lli
322 1052 660 1129 negabant
711 1049 999 1113 infantes
1059 1067 1341 1128 capaces
1402 1068 1551 1114 esse
1616 1053 1745 1112 Ba·
1854 1039 2150 1101 suevisse
2203 1038 2541 1116 baptizari,
2603 1036 2726 1098 nisi
2770 1038 2835 1097 in
2893 1039 3094 1095 aetate
3147 1030 3402 1102 adulta,

204 1168 434 1242 ptismi.
500 1165 844 1229 Witclefus
886 1167 1061 1245 apud
1101 1166 1526 1230 Waldensem
1559 1173 1744 1241 ⁸tom.

1866 1160 1935 1217 et
1978 1155 2091 1233 qui
2137 1170 2257 1232 per
2301 1170 2375 1215 se
2420 1158 2681 1231 peteret
2725 1150 3157 1228 Baptismum‚
3193 1153 3258 1210 et
3313 1149 3412 1209 in·

205 1285 260 1343 2.
332 1283 409 1342 de
489 1283 958 1355 Sam-amentis,
1032 1299 1174 1359 cap.
1259 1282 1360 1345 96.
1450 1282 1746 1362 negabat
1861 1272 2193 1351 telligeret
2248 1269 2411 1350 quid
2456 1270 2541 1331 sit
2597 1269 2935 1346 baptizari.

208 1398 606 1473 Baptismum
663 1413 847 1476 aquae
914 1400 1366 1460 necessarium
1426 1413 1576 1460 esse
1648 1397 1746 1458 in-

206 1512 487 1576 fantibus
574 1519 641 1574 et
737 1512 979 1575 adultis
1065 1512 1151 1574 ad
1231 1513 1536 1586 salutem,
1627 1512 1751 1576 sed

211 1626 506 1691 sufficere
563 1627 838 1691 flaminis
895 1631 1301 1706 Baptismum
1370 1645 1494 1706 per
1549 1629 1755 1690 meri-

164 1749 273 1804 ·ta
339 1743 591 1807 Christi.
677 1745 1116 1823 Anabaptistae
1192 1748 1444 1823 negant
1516 1745 1756 1822 Baptis-

217 1879 382 1924 mum
426 1863 626 1925 licere
659 1861 837 1935 dare,
887 1863 1010 1926 nisi
1055 1864 1212 1926 solis
1244 1864 1506 1936 adultis,
1551 1863 1757 1943 idque

216 1980 375 2041 circa
424 1997 671 2042 annum
701 1982 799 2042 30.
855 1985 927 2043 ut
977 1979 1246 2059 quidam
1291 1998 1521 2043 eorum
1579 1978 1758 2058 apud

217 2097 546 2160 Calvinum
590 2096 700 2160 lib.
763 2099 825 2168 4,
879 2102 1152 2163 Instituc.
1198 2116 1344 2175 cap.
1399 2100 1493 2162 16.
1555 2099 1757 2180 liujus

219 2220 402 2276 sectae
435 2219 677 2277 Auctor
717 2214 839 2278 fuit
893 2216 1104 2297 (apud
1154 2216 1510 2279 Cochleum
1561 2220 1624 2277 in
1660 2233 1759 2278 ac·

221 2333 293 2392 tis
348 2333 612 2394 Lutheri
667 2349 838 2396 anno
914 2333 1125 2414 1528.)
1187 2334 1525 2397 Baithazar
1577 2334 1757 2395 Paci-

2447 1481 2529 1536 SC
2538 1479 2761 1536 HOLlU
2770 1480 2845 1535 M.

1940 1693 2236 1749 Parvulos
2306 1706 2442 1748 esse
2501 1690 2902 1763 baptizandos
2960 1696 3027 1748 ut
3075 1690 3423 1748 liberentur

1869 1792 1945 1850 ad
1976 1792 2297 1862 originali,
2348 1796 2561 1847 contra
2607 1791 2957 1861 Pelagium,
3007 1788 3083 1845 de
3132 1804 3253 1860 quo
3281 1789 3423 1844 Dio-

1868 1892 2106 1963 nysia-³,
2135 1905 2186 1947 c.
2242 1890 2352 1945 ult.
2396 1889 2628 1945 Eccles.
2686 1886 2967 1944 Hierach.
3008 1888 3308 1958 Cyprian.
3367 1887 3423 1942 3.

1870 1989 2050 2059 epist.
2077 1988 2130 2043 8.
2160 1990 2557 2043 Nazianzen.
2607 1991 2760 2043 orat.
2810 1988 2875 2042 in
2916 1990 3198 2042 sanctum
3249 1985 3427 2041 lava-

1871 2101 2067 2142 crum.
2101 2089 2366 2153 Auyust.
2404 2085 2488 2141 10.
2519 2084 2593 2140 de
2623 2085 2839 2142 (lenes,
2874 2085 2962 2139 23.
2998 2086 3213 2153 Prosp.
3252 2084 3308 2138 2.
3349 2081 3425 2138 de

1872 2200 2003 2241 voc.
2065 2189 2231 2254 gent.
2285 2186 2336 2241 8.
2390 2185 2827 2239 Milevicanum
2885 2184 3114 2239 concil.
3169 2197 3305 2238 can.
3365 2184 3424 2237 2.

1869 2281 2016 2338 vide
2079 2284 2384 2337 Bellarm.
2427 2281 2534 2338 lib.
2570 2281 2613 2335 1.
2652 2279 2726 2335 de
2777 2284 2939 2351 Bapt.
2991 2296 3045 2336 c.
3094 2281 3149 2335 8.
3204 2281 3425 2336 Castro

3511 872 3688 925 Vives.

164 5025 846 5139 ffiinWittembergense
895 5022 1089 5101 apud,
1147 5022 1500 5121 rohleum
1561 5022 1671 5083 lib.
1730 5021 1790 5082 3.

1874 2395 1931 2435 v.
1965 2382 2338 2451 Baptismus,
2373 2379 2521 2435 haer.
2550 2380 2602 2434 9.
2635 2381 2900 2434 Trident.
2931 2392 3077 2434 sess·
3107 2380 3160 2434 6.
3195 2393 3245 2435 c.
3274 2378 3325 2433 4.
3369 2381 3432 2433 et

1877 2490 2028 2533 sess.
2060 2480 2112 2533 7.
2145 2477 2219 2533 de
2261 2482 2434 2549 Bapt.
2485 2493 2618 2535 can.
2671 2480 2754 2534 12.
2805 2478 2888 2533 13.
2939 2479 3229 2534 coceium
3260 2491 3432 2548 supr.

1879 2574 1981 2631 ubi
2014 2578 2289 2634 citantur
2324 2578 2536 2633 Patres
2585 2577 2776 2633 Graeci
2807 2581 2869 2633 et
2899 2577 3124 2634 Latini.

223 2453 592 2522 montanuS,
688 2453 923 2527 postea
1026 2450 1300 2511 Viennae
1407 2454 1755 2513 crematus,

219 2563 518 2628 Calvinus
588 2568 655 2627 in
709 2569 1004 2629 Antidoco
1064 2569 1439 2639 Tridentini,
1486 2584 1628 2644 cap.
1695 2568 1757 2627 5.

169 2706 174 2710 ·
224 2696 360 2743 sess.
415 2683 462 2744 l.
525 2688 580 2744 et
639 2683 778 2744 loco
859 2684 1084 2759 citato,
1167 2682 1368 2745 docet
1444 2680 1762 2761 parvulos

227 2798 412 2860 etiam
472 2800 616 2907 sine
688 2801 1014 2877 Baptismo
1092 2802 1451 2863 morientes
1525 2800 1767 2861 salvari
1968 2798 2116 2871 Hic
2162 2798 2311 2871 fuit
2343 2818 2586 2870 error
2629 2796 2965 2889 Pelagii,
3006 2797 3210 2889 quod
3254 2817 3430 2889 par·
3603 2842 3654 2894 2.

225 2920 287 2975 et
361 2915 501 2978 fieri
556 2920 824 2978 sanctos
896 2922 962 2977 et
1050 2917 1345 2978 membra
1437 2915 1762 2987 Ecclesiae,
1877 2914 2037 2988 vuli
2104 2934 2265 2985 non
2335 2913 2625 2985 habent
2702 2915 3115 3005 peccatum
3187 2912 3432 3003 origi·

225 3033 453 3108 quibus
523 3032 748 3111 plures
817 3032 1019 3113 hujus
1092 3034 1410 3110 temporis
1482 3032 1768 3094 haeretici
1879 3033 2087 3106 nale.
2133 3033 2248 3104 De
2296 3029 2449 3102 hoc
2496 3034 2574 3103 et
2612 3030 2788 3122 ejus
2831 3029 3434 3123 improbatione

232 3153 666 3214 consentiunt.
1882 3152 2192 3224 tactum
2227 3151 2350 3222 est
2397 3150 2510 3217 lib.
2544 3150 2610 3219 2.
2647 3148 2716 3217 d.
2750 3149 2861 3221 30.
2974 3201 2981 3210 .

306 3268 586 3343 Quidam
630 3268 831 3330 etiam
886 3272 1138 3347 negant
1195 3266 1501 3345 parvulos
1559 3264 1770 3344 bapti·
1970 3270 2231 3340 Teneo
2274 3269 2368 3358 (ο)
2421 3286 2620 3360 ergo
2687 3265 3182 3362 oppositum,
3251 3265 3438 3358 quia

235 3383 467 3446 zandos
539 3400 712 3456 esse,
788 3384 938 3462 <luia
1026 3399 1177 3445 oum
1237 3381 1596 3444 efficaciam
1654 3383 1769 3442 Ba·
1887 3406 2070 3459 cum
2132 3384 2565 3457 secundum
2638 3383 3154 3477 scripturam
3213 3386 3291 3456 et
3352 3385 3437 3456 fi·
3489 3336 3740 3472 Ραέἷζέοε

237 3501 442 3575 ptismi
509 3505 579 3562 et
642 3501 1220 3563 sacramentorum
1283 3497 1570 3560 doceant
1627 3485 1776 3560 cum
1885 3503 2085 3584 dem,
2190 3501 2509 3594 parvuli
2588 3500 3084 3578 contrahant
3188 3499 3437 3591 origi·
3501 3462 3762 3577 haman-

241 3616 509 3678 Luthero
593 3619 953 3680 consistere
1025 3618 1089 3676 in
1166 3614 1559 3677 excitatione
1621 3612 1776 3676 fidei

242 3735 480 3795 tantum
526 3748 648 3812 per
682 3735 991 3806 -verbum,
1039 3749 1183 3810 quae
1232 3732 1463 3812 nequit
1509 3747 1657 3793 esse
1711 3730 1777 3789 in

239 3849 539 3923 parvulis,
630 3849 722 3911 sic
812 3853 1065 3929 negant
1148 3864 1346 3926 posse
1433 3847 1776 3924 baptizari.

1889 3617 2070 3688 nale
2158 3622 2602 3709 peccatum,
2701 3618 2793 3689 ad
2887 3616 3063 3710 ejus
3162 3616 3439 3690 deleti-

1893 3753 2155 3816 onem,
2230 3754 2403 3824 quae
2464 3733 2932 3806 necessaria
2981 3739 3105 3807 est
3164 3733 3259 3806 ad
3319 3752 3441 3804 sa-

1889 3849 2171 3931 lutem,
2233 3853 2422 3922 sunt
2465 3848 2945 3942 baptizandi,
3014 3849 3199 3941 quia
3243 3854 3438 3921 tem·

1894 3985 2091 4059 pore
2145 3965 2345 4056 legis
2392 3964 2928 4056 Evangelioae‚
2972 3965 3443 4057 Baptismus

1897 4081 2325 4155 institutus
2370 4086 2494 4155 est
2536 4082 2613 4153 in
2662 4082 3100 4155 remedium
3155 4085 3447 4155 contra

1897 4198 2122 4271 illam
2175 4199 2523 4290 culpam.

1987 4315 2098 4387 Ad
2188 4315 2542 4407 primum
2628 4321 3232 4406 argumentum,
3303 4316 3448 4389 illa
3495 4365 3771 4415 Peccatum

1898 4431 2354 4505 auctoritas
2415 4431 2848 4522 Augustini
2889 4432 3113 4504 debet
3174 4434 3265 4506 de
3325 4440 3800 4508 ac·¹2²⁰¹s²²⁵“‘¹¹¹¹’‘'r

1900 4546 2101 4620 tuali
2202 4549 2533 4637 peccato
2636 4545 3023 4636 intelligi,
3113 4552 3194 4621 et
3288 4548 3448 4623 isto
3479 4490 3803 4610 ι’ἰῖιῗτιιυῖῗῗῖιι

1904 4664 2135 4735 modo
2200 4666 2621 4754 peccatum
2691 4662 3089 4754 originale
3148 4662 3302 4739 fuit
3370 4663 3451 4737 in
3483 4618 3794 4743 Affgssxssiii.

1903 4779 2168 4871 primo
2232 4783 2570 4871 parente
2640 4778 3226 4863 voluntarium,
3282 4801 3451 4854 non

1905 4900 2178 4969 tamen
2238 4898 2567 4987 oportet
2628 4896 2834 4986 quod
2904 4896 3455 4990 quodcumque

1905 5015 2330 5107 peccatum
2393 5012 2498 5085 sit
2548 5013 3107 5087 voluntarium
3175 5016 3459 5087 volun-

1909 5133 2075 5203 tate
2097 5127 2331 5201 illins
2369 5128 2447 5199 in
2487 5149 2642 5220 quo
2694 5132 2843 5202 est.

241 3973 349 4035 Alii
406 3979 633 4037 contra
693 3973 935 4037 docent
979 3973 1179 4036 fidem
1239 3974 1570 4036 actualem
1630 3988 1779 4033 esse

243 4086 305 4147 in
344 4091 653 4166 parvuliS‚
715 4095 779 4153 et
823 4093 914 4153 sic
960 4089 1274 4166 baptizari
1333 4104 1529 4167 posse
1584 4087 1781 4149 ratio-

241 4218 319 4264 ne
374 4207 539 4270 illius
608 4204 787 4279 fidei,
868 4223 1018 4268 cum
1088 4208 1219 4268 sint
1290 4220 1591 4283 capaces.
1662 4203 1780 4266 Alii

242 4319 472 4384 docent
536 4323 796 4403 aliquos
843 4327 1060 4385 motus
1105 4321 1476 4384 dilectionis
1508 4328 1572 4382 et
1628 4318 1787 4381 fidei

245 4435 303 4498 in
355 4440 530 4518 ipsis,
589 4439 839 4501 similes
909 4440 1010 4511 iiS,
1066 4455 1231 4516 quos
1293 4438 1530 4499 habuit
1581 4439 1779 4498 Joan-

251 4567 363 4613 nes
404 4555 694 4633 Baptista
740 4553 803 4614 in
861 4560 1056 4616 utero
1104 4555 1358 4624 matriS‚
1418 4567 1549 4614 non
1608 4548 1787 4629 quod

252 4669 614 4754 intelligant
683 4675 958 4752 parvuli,
1040 4671 1158 4735 sed
1247 4671 1427 4750 quod
1503 4671 1793 4732 habeant

260 4791 559 4866 quasdam
634 4792 1089 4854 inclinationes
1165 4790 1410 4852 similes
1504 4788 1791 4849 motibus

255 4903 394 4968 fidei
442 4915 507 4971 et
555 4908 927 4971 dilectionis
960 4927 975 4981 ;
1012 4906 1102 4968 ita
1172 4904 1793 4967 Pseudoconcilium

267 5143 813 5206 Miscellaneorum
856 5146 1047 5202 tract.
1095 5140 1156 5203 8.
1219 5157 1365 5217 cap.
1423 5140 1486 5202 2.

346 5259 445 5321 His
498 5260 766 5339 oblique
842 5255 1104 5320 accedit
1171 5258 1478 5318 Erasmus
1553 5256 1797 5333 praefa·
2001 5244 2112 5316 Ad
2182 5243 2395 5315 aliud
2434 5249 2717 5335 valet,
2785 5246 2990 5336 quod
3063 5246 3290 5321 debet
3345 5247 3462 5320 in·
3548 5274 3760 5329 tir-2.

276 5374 426 5436 tione
481 5375 900 5452 Paraphrasis
958 5376 1018 5434 z‘n
1093 5374 1482 5446 Mammam,
1529 5371 1640 5432 ubi
1686 5371 1799 5432 do·
1912 5360 2174 5451 telligi
2243 5361 2334 5432 de
2403 5360 2724 5442 adultis,
2774 5382 2915 5453 pel‘
2985 5362 3179 5435 illud
3259 5364 3464 5455 quod

281 5490 399 5550 cuit
450 5490 955 5570 interrogandos
1016 5506 1163 5552 esse
1222 5492 1332 5567 qui
1390 5488 1454 5550 in
1531 5486 1800 5549 infantia
1913 5475 2348 5568 praecedit:
2398 5478 2529 5554 Qui
2558 5479 2950 5561 crediderit,
2986 5490 3046 5545 et
3087 5481 3466 5568 baptizatus

282 5613 441 5681 sunt,
513 5625 661 5671 cum
718 5606 1149 5682 adoleverint,
1203 5610 1269 5668 et
1324 5606 1378 5666 si
1450 5621 1585 5667 non
1648 5621 1800 5667 con·
1913 5598 2147 5682 fecerit.
2227 5591 2370 5665 Vel
2449 5594 2721 5683 potest
2794 5592 2974 5677 dici,
3049 5595 3256 5687 quod
3329 5595 3468 5687 qui
3586 5581 3591 5586 ’

435 5712 758 5770 Tom.XV1.
3230 5713 3291 5767 25
