4255 6375
1557 379 2003 444 DIS'l'lNcwo
2052 380 2154 443 IV.

268 562 400 633 per
440 561 736 632 aquam
798 546 877 616 ct
939 543 1343 635 Spiritum
1408 545 1806 621 sanctum,

263 678 408 729 non
448 657 933 740 salvabitur,
993 660 1133 732 illa
1167 666 1440 733 autem
1478 677 1816 749 regene-

267 774 465 847 ratio
506 774 599 847 fit
659 793 822 847 non
908 781 1227 877 tantum
1294 797 1438 869 per
1497 775 1803 867 Baptis-

265 911 490 970 mum,
542 893 674 962 sed
733 891 980 965 etiam
1035 913 1180 986 per
1241 891 1800 986 poenitentiam

160 1011 331 1134 ιρὲιθῐ
396 1006 903 1097 sanguinem.
921 1009 1139 1081 Unde
1181 1009 1645 1084 auctoritas
1703 1007 1817 1079 di-

165 1089 215 1207 sd
262 1122 384 1204 cit,
465 1122 640 1195 ideo
705 1124 1194 1216 Apostolum
1268 1156 1295 1188 «
1376 1125 1819 1220 pluraliter

258 1239 549 1311 dixisse
599 1239 1210 1316 fundamentum
1296 1248 1810 1332 Baptsssnzatum

262 1356 437 1447 quia
507 1360 640 1430 est
721 1358 1191 1450 Baptismus
1278 1359 1359 1431 in
1425 1380 1659 1451 aqua,
1733 1361 1815 1432 in

261 1477 672 1567 sanguine,
713 1475 797 1546 in
839 1478 1312 1568 poenitentia
1359 1508 1417 1550 22.
1472 1480 1641 1551 Hoc
1681 1500 1815 1551 au-

260 1597 413 1663 tem
457 1613 620 1663 non
686 1592 859 1666 ideo
901 1593 1122 1672 dicit.
1170 1597 1372 1685 quod
1417 1596 1817 1687 Baptismi

260 1712 872 1781 Sacramentum
915 1712 1057 1784 fiat
1089 1712 1246 1784 nisi
1287 1712 1366 1783 in
1400 1731 1633 1804 aqua,
1683 1712 1815 1784 sed

270 1827 446 1917 quia
507 1824 769 1915 ipsius
828 1827 1096 1900 virtus
1135 1832 1217 1902 et
1278 1830 1817 1903 sanctificatio

262 1943 494 2015 datur
560 1962 724 2014 non
796 1944 1027 2016 modo
1096 1966 1236 2037 per
1297 1965 1614 2037 aquam,
1685 1947 1817 2019 sed

267 2078 403 2148 per
471 2059 980 2149 sanguinem,
1044 2061 1170 2133 vel
1251 2061 1813 2153 poenitentiam

264 2175 635 2249 interius.
683 2178 930 2250 Ratio
981 2177 1231 2250 etiam
1277 2179 1347 2250 id
1393 2180 1696 2252 suadet.
1739 2180 1818 2254 Si

258 2294 468 2365 enim
526 2295 899 2386 parvulis
951 2316 1109 2366 non
1152 2295 1611 2369 valentibus
1642 2318 1818 2369 cre-

264 2409 444 2480 dere
479 2409 786 2483 sufficit
819 2411 1316 2503 Baptismus,
1366 2413 1621 2486 multo
1660 2433 1819 2484 ma-

266 2526 382 2614 gis
417 2525 723 2600 sufficit
756 2527 945 2598 fides
981 2527 1278 2600 adultis
1327 2528 1815 2612 volentibus,

264 2642 386 2712 sed
419 2661 584 2712 non
618 2642 1076 2716 valentibus
1110 2642 1543 2734 baptizari.
1599 2646 1821 2716 Unde

185 2758 767 2873 deAugustinus
845 2780 860 2822 ε
940 2790 967 2823 «
1048 2759 1362 2842 Quaeris
1443 2759 1626 2851 quid
1714 2761 1819 2833 sit

161 2892 237 2949 91
268 2875 585 2966 majus:
631 2878 801 2961 fides
861 2896 962 2946 an
1029 2900 1251 2965 aqua,·
1325 2897 1486 2947 non
1545 2876 1818 2949 dubito

165 3000 188 3088 ζ
266 2989 445 3080 quin
541 2992 1155 3083 respondeam:
1215 2995 1405 3076 sides.
1481 2991 1560 3065 Si
1620 3012 1818 3084 ergo

160 3076 207 3250 {³¹1
267 3109 464 3197 quod
545 3108 815 3180 minus
885 3113 1008 3181 est
1077 3108 1594 3181 sanctificaie
1677 3130 1816 3203 po-

197 3227 442 3305 ·‚tcst
482 3244 751 3297 nonne
788 3224 990 3317 quod
1033 3225 1299 3317 majus
1345 3230 1496 3308 est,
1554 3227 1626 3300 id
1666 3232 1815 3309 est,

261 3343 479 3423 fides?
515 3341 609 3413 de
646 3359 803 3433 qua
853 3340 1234 3415 Christus
1270 3342 1446 3416 ait:
1494 3348 1624 3422 Qui
1676 3367 1821 3415 cre-

262 3459 514 3525 diderit
565 3463 644 3526 in
692 3483 817 3541 me,
874 3463 1072 3527 etiam
1121 3463 1185 3527 si
1239 3474 1537 3528 mortuus
1574 3464 1810 3548 fuerit,

263 3577 431 3641 vivet
497 3604 556 3642 ».
618 3573 765 3647 Sed
825 3574 1098 3647 dicunt
1160 3574 1438 3668 aliqui,
1501 3576 1818 3651 nullum

264 3689 622 3762 adultum
689 3690 767 3761 in
828 3690 1246 3764 Christum
1308 3693 1638 3765 credere
1693 3694 1817 3765 vel

264 3803 756 3879 charitatem
810 3805 1107 3879 habere
1152 3807 1323 3878 sine
1366 3808 1816 3900 BaptismO,

265 3920 416 3993 nisi
461 3922 947 4012 sanguinem
1006 3920 1288 3997 fundat
1351 3945 1498 4016 pro
1540 3926 1821 3998 Domi-

267 4059 388 4122 no,
436 4038 756 4112 subdita
797 4039 1405 4142 introduceptes
1454 4041 1821 4114 testimo-

166 4175 244 4224 ωε
271 4156 424 4227 nia.
472 4156 979 4246 Augustinus
1014 4156 1179 4229 ait:
1221 4186 1249 4219 α
1289 4159 1408 4227 Ex
1444 4156 1601 4229 illo
1638 4163 1803 4230 tem

160 4292 491 4363 .3.p01²e,
552 4293 708 4364 quo
754 4272 1135 4345 Salvator
1175 4272 1377 4345 dixit
1414 4298 1428 4342 ε
1483 4277 1636 4340 Nisi
1677 4278 1824 4362 quis

160 4367 246 4536 ‘23'
275 4403 542 4457 renatus
608 4392 841 4473 suerit,
915 4391 1066 4461 etc.
1141 4388 1441 4479 absque
1535 4391 1824 4462 Sacra-

161 4493 248 4663 *5¹34
283 4506 546 4575 mento
580 4503 1012 4594 Baptismi,
1051 4506 1354 4596 praeter
1394 4524 1532 4575 eos
1566 4504 1700 4596 qui
1745 4504 1825 4576 in

201 4619 640 4724 3Ecclesia
710 4619 1183 4710 sanguinem
1260 4618 1621 4700 fundunt
1685 4619 1824 4691 ali-

201 4675 452 4826 3‘quis
495 4737 749 4809 vitam
801 4743 1193 4810 aeternam
1252 4737 1622 4829 accipere
1666 4758 1828 4809 non

283 4856 547 4944 potest
598 4882 654 4921 ».
708 4856 907 4926 Item
947 4879 960 4923 :
1005 4882 1032 4916 «
1072 4853 1404 4924 Nullum
1439 4853 1824 4927 Catechu-

283 4989 624 5048 menum,
700 4968 1070 5060 quamvis
1133 4967 1212 5038 in
1274 4969 1503 5040 bonis
1567 4969 1826 5060 operi-

281 5085 417 5157 bus
515 5082 1005 5167 defunctum,
1085 5085 1340 5158 vitam
1430 5090 1825 5158 aeternam

283 5201 572 5273 habere
623 5202 1051 5282 credimus,
1115 5204 1454 5292 excepto
1518 5205 1826 5292 marty-

286 5319 420 5398 rio,
476 5317 606 5388 ubi
648 5315 1050 5409 Baptismi
1085 5318 1260 5389 tota
1295 5318 1827 5389 Sacramenta

283 5434 790 5527 complentur
853 5463 910 5503 ».
982 5437 1181 5507 Item
1226 5459 1241 5504 :
1296 5463 1323 5496 α
1376 5433 1827 5527 Baptizatis

284 5554 592 5627 tantum
681 5553 843 5627 iter
935 5551 1224 5624 salutis
1310 5571 1488 5625 esse
1573 5549 1825 5624 credi-

3355 352 3477 439 3⁷9
3518 416 3523 423 -

1931 559 2110 611 mus
2159 569 2217 609 ».
2267 539 2413 614 Sed
2471 539 2680 633 quod
2721 540 2802 613 in
2852 538 2978 612 his
3043 538 3309 612 minus
3368 539 3480 611 di-

1928 658 2074 737 xit,
2121 658 2204 729 in
2257 656 2440 728 aliis
2484 657 2864 749 capitulis
2908 676 3155 751 supra
3190 654 3483 749 positis

1931 773 2382 865 supplevit;
2448 776 2526 845 et
2580 772 2753 845 ideo
2817 773 2982 845 haec
3034 774 3150 845 sic
3192 770 3484 844 intelli-

1929 890 2185 979 genda
2226 891 2437 968 sunt,
2504 891 2590 959 ut
2653 888 2804 959 soli
2851 888 3236 962 habentes
3288 892 3486 961 tem-

1930 1025 2079 1096 pus
2139 1003 2684 1096 excipiantur.
2761 1004 2843 1077 Si
2901 1004 3117 1076 enim
3187 1004 3484 1096 aliquis

1929 1120 2230 1192 habens
2274 1121 2505 1192 fidem
2574 1126 2656 1194 et
2714 1120 3207 1195 charitatem
3265 1121 3487 1193 volu-

1929 1237 2088 1308 erit
2134 1236 2533 1329 baptizari
2580 1243 2660 1311 et
2692 1258 2851 1308 non
2902 1240 3169 1330 potest
3220 1257 3487 1310 neces-

1932 1353 2181 1428 sitate
2262 1358 2748 1446 praeventuS,
2814 1355 3135 1448 supplet
3214 1352 3489 1429 Omni-

1932 1470 2291 1563 potentis
2360 1470 2819 1562 benignitas
2909 1471 3113 1564 quod
3207 1474 3486 1543 Sacra-

1933 1591 2204 1661 mento
2238 1588 2628 1661 defuerat.
2672 1590 2882 1662 Dum
2917 1587 3130 1659 enim
3166 1587 3485 1660 solvere

1937 1710 2231 1798 potest,
2313 1707 2471 1778 nisi
2544 1707 2840 1787 solvat,
2913 1708 3277 1786 tenetur;
3352 1704 3483 1777 sed

1931 1845 2113 1896 cum
2186 1824 2360 1915 ‚jam
2438 1844 2597 1895 non
2685 1826 2980 1916 potest.
3045 1826 3126 1895 et
3211 1826 3486 1895 tamen

1899 1930 2131 2021 ‘vult,
2188 1960 2343 2010 non
2379 1939 2729 2031 imputat
2764 1939 2836 2011 ei
2870 1941 3112 2022 Deus,
3169 1939 3301 2030 qui
3363 1960 3485 2011 su-

1931 2078 2063 2129 am
2146 2057 2595 2150 potentiam
2686 2055 3241 2130 sacramentis
3327 2075 3489 2126 non

1931 2174 2332 2265 alligavit.
2434 2175 2655 2256 Quod
2751 2194 2948 2246 vero
3055 2172 3488 2246 invisibilis

1932 2288 2478 2362 sanctificatio
2568 2288 2742 2360 sine
2809 2287 3111 2360 visibili
3202 2291 3492 2360 Sacra-

1933 2420 2205 2489 mento
2251 2415 2726 2508 quibusdam
2760 2414 2984 2495 insit,
3023 2415 3306 2506 aperte
3338 2415 3490 2485 Au·
3522 2434 3658 2499 Aug.
3682 2451 3727 2486 ο.
3756 2433 3837 2487 84.

1933 2531 2309 2623 gustinus
2363 2530 2613 2603 tradit
2715 2551 2960 2623 super
3034 2527 3488 2603 Leviticum

1931 2650 2227 2730 dicens,
2298 2680 2326 2713 α
2403 2647 2892 2721 invisibilem
2973 2646 3491 2721 sanctificati-

1937 2786 2173 2839 onem
2236 2766 2709 2858 quibusdam
2766 2765 3097 2837 affuisse
3156 2770 3236 2838 et
3307 2784 3491 2858 pro·

1933 2882 2188 2954 fuisse
2250 2881 2422 2954 sine
2491 2881 2945 2954 visibilibus
3016 2886 3488 2955 Sacramen-

1934 2999 2086 3080 tis;
2178 2998 2580 3071 visibilem
2684 3020 2879 3072 vero
2969 2998 3491 3071 sanctifica-ti-

1939 3137 2198 3198 onem,
2248 3138 2419 3210 quae
2460 3116 2550 3191 fit
2594 3119 3125 3191 Sacramento
3156 3115 3484 3198 visibili,

1937 3234 2109 3307 sine
2187 3233 2601 3314 invisibili,
2676 3254 2913 3327 posse
2997 3236 3247 3315 adesse,
3330 3252 3492 3304 non

1940 3371 2178 3442 posse
2241 3354 2569 3439 prodesse.
2636 3352 2800 3423 Nec
2847 3353 3121 3422 tamen
3176 3348 3496 3422 visibile

1938 3468 2559 3540 Sacramentum
2610 3465 2782 3538 ideo
2818 3465 3492 3539 contemnendum

1936 3586 2085 3662 est,
2126 3582 2313 3674 quia
2355 3584 2878 3675 contemptor
2964 3583 3139 3674 eju's
3220 3581 3491 3655 invisi-

1937 3697 2216 3771 biliter
2339 3696 2835 3771 sanctificari
2925 3717 3085 3768 non
3190 3699 3486 3789 potest.

1936 3814 2142 3887 Hinc
2231 3813 2658 3886 Cornelius
2744 3817 2825 3885 et
2904 3812 3038 3905 qui
3124 3832 3309 3884 cum
3394 3832 3488 3885 eo

1932 3934 2195 4012 erant,
2287 3929 2460 4023 jam
2541 3928 2851 4023 Spiritu
2974 3929 3489 4013 sanctificati,

1933 4047 2333 4141 baptizati
2376 4052 2587 4121 sunt.
2652 4048 2817 4118 Nec
2879 4045 3233 4138 superfla
3289 4045 3490 4137 judi·
3523 4061 3641 4111 Act.
3665 4059 3825 4125 10:14

1935 4162 2189 4233 canda
2263 4164 2386 4235 est
2474 4160 3016 4233 sanctificatio
3113 4158 3485 4241 visibilis,

1937 4276 2125 4368 quia
2184 4276 2612 4349 invisibilis
2651 4276 3096 4368 praecessit.
3147 4276 3331 4350 Sine
3379 4276 3491 4349 vi·

1938 4393 2154 4465 sibili
2213 4412 2414 4485 ergo
2472 4393 2905 4467 invisibilis
2940 4393 3483 4467 sanctificatio

1935 4531 2113 4583 esse
2174 4515 2441 4603 potest
2499 4517 2579 4584 et
2654 4510 3075 4603 prodesse;
3143 4509 3491 4582 visibilis

1939 4632 2212 4700 autem
2249 4648 2423 4718 quae
2473 4628 2564 4702 fit
2634 4629 3166 4700 Sacramento
3227 4632 3487 4710 tenus,

1939 4738 2110 4811 sine
2153 4739 2539 4812 invisibili
2578 4739 2958 4833 prodesse
3000 4760 3159 4811 non
3193 4743 3489 4832 potest,

1939 4874 2122 4925 cum
2176 4854 2335 4927 ista
2378 4855 2484 4927 sit
2546 4855 2809 4927 omnis
2863 4852 3081 4927 illius
3141 4855 3485 4930 utilitas.

1941 4969 2254 5043 Simoni
2314 4972 2555 5062 Mago
2614 4970 2960 5044 visibilis
3021 4970 3490 5064 Baptismus
3521 4977 3741 5106 1³0²qu
3760 4978 3836 5034 13

1938 5107 2097 5158 non
2168 5086 2503 5180 profuit,
2576 5088 2764 5179 quia
2823 5086 3254 5160 invisibilis
3330 5108 3491 5159 non

1940 5204 2214 5286 affuit;
2261 5204 2392 5277 sed
2428 5204 2712 5296 quibus
2747 5204 3176 5277 invisibilis
3229 5205 3487 5289 affuit,

1942 5319 2254 5413 profuit
2319 5350 2376 5390 ».
2439 5323 2605 5395 Nec
2673 5326 2996 5396 tantum
3036 5324 3256 5398 valet
3297 5323 3488 5396 fides

1940 5437 2204 5509 aliena
2266 5438 2631 5531 parvulo,
2706 5442 3094 5531 quantum
3152 5440 3494 5534 propria

1943 5553 2243 5627 adulto,
2297 5554 2674 5628 Parvulis
2715 5555 2931 5629 enim
2979 5576 3141 5629 non
3192 5555 3493 5632 sufficit
