4255 6375
709 339 827 401 624

368 503 695 574 Extrinsecus
722 503 816 566 rei
872 503 955 567 de
1003 503 1319 567 relatione
1379 505 1785 569 extrinsecus
1830 504 2256 579 adveniente,

1890 339 2033 402 ΜΒ.
2082 340 2183 403 1V.
2212 338 2807 404 SENTENTMRUM

2373 503 2572 566 docet
2641 520 2791 566 esse
2841 503 3088 584 aliquid
3137 505 3536 583 impressum
3587 506 3655 565 in
3700 502 3881 562 anima

369 568 690 696 οἷέἷῖῗεῗῗιῗι·
720 637 864 699 quae
917 621 1085 682 sicut
1138 622 1204 683 in
1247 639 1376 683 esse
1421 626 1728 683 causatur
1782 622 1863 684 ab
1920 623 2259 695 extremiS,
2373 636 2492 696 per
2564 618 2833 682 modum
2917 619 3193 682 effectus
3274 619 3690 687 indelebilis;
3755 615 3886 695 quid

399 693 662 823 ζυᾎςῗξῐὶέ
716 735 804 798 ita
850 736 1047 798 etiam
1086 737 1152 799 in
1196 739 1512 814 coynosci,
1574 735 1794 816 quoad
1839 740 2113 817 primam
2160 737 2262 799 sui
2372 741 2595 796 autem
2650 735 2757 811 sit,
2817 752 2950 798 non
3010 737 3307 815 exponit,
3383 753 3468 797 ex
3536 752 3672 815 quo
3739 737 3889 809 patet

422 829 655 882 speeiem.

716 850 1352 926 apprehensionem
1430 866 1580 930 quae
1638 852 1799 913 ratio
1871 868 2004 915 non
2066 853 2266 914 currit

715 966 783 1027 in
827 967 1143 1030 relatione
1201 969 1606 1031 extrinsecus
1650 967 2068 1042 adveniente,
2122 985 2266 1048 quae

713 1083 794 1146 ab
826 1084 1135 1146 extremis
1178 1100 1311 1146 non
1343 1090 1676 1157 causatur,
1727 1083 2017 1164 ideoque
2047 1091 2266 1147 motus

715 1203 783 1260 et
849 1197 1084 1280 figura,
1157 1216 1300 1280 quae
1361 1203 1519 1261 sunt
1574 1201 1955 1275 relationes,
1994 1199 2268 1263 'cadunt

715 1314 840 1375 sub
900 1330 1171 1377 sensum
1231 1320 1550 1393 tanquam
1591 1317 1924 1380 sensibilia
1973 1332 2263 1378 commu-

715 1429 850 1504 nia,
888 1438 953 1494 et
994 1432 1401 1509 probabilius
1433 1440 1532 1497 est
1559 1450 1674 1496 eas
1722 1434 1969 1496 habere
2008 1433 2269 1511 species

716 1549 1036 1625 propriaS,
1111 1551 1406 1627 quamvis
1475 1556 1860 1632 supponant
1902 1550 2268 1611 motionem

727 1663 1050 1726 sensibilis
1107 1666 1375 1743 proprii.
1432 1666 1746 1741 Quamvis
1818 1681 1978 1744 ergo
2034 1662 2268 1726 relatio

730 1781 1136 1842 extrinsecus
1204 1781 1568 1844 adveniens
1641 1799 1770 1844 non
1841 1779 2270 1865 intelligatur,

723 1912 858 1958 non
940 1898 1368 1961 cointellectis
1447 1899 1782 1970 extremis,
1850 1915 1983 1960 non
2056 1901 2271 1957 tamen

2373 849 2457 912 ad
2489 851 2961 931 objectionem.

2456 974 2730 1054 Subjicit
2785 981 3106 1054 praeterea
3161 978 3408 1038 Doctor
3460 976 3639 1037 banc
3713 971 3897 1032 relati·

2374 1105 2574 1153 onem
2624 1093 2796 1171 signi
2855 1093 2920 1156 in
2981 1093 3360 1155 charactere
3415 1105 3552 1151 non
3610 1103 3757 1150 esse
3812 1100 3900 1144 re·

2377 1203 2574 1277 alem,
2618 1204 2740 1267 sed
2784 1206 2869 1268 ad
2900 1207 3229 1285 placitum,
3282 1206 3574 1266 maxime
3622 1203 3902 1278 respectu

2378 1321 2787 1383 Sacramenti
2844 1323 3176 1402 praeteriti,
3228 1338 3267 1383 a
3312 1338 3443 1400 quo
3491 1323 3750 1380 tantum
3788 1329 3903 1373 mo·

2377 1437 2623 1513 raliter,
2693 1447 2761 1501 et
2829 1456 2964 1501 non
3035 1440 3308 1520 physice
3377 1442 3732 1506 causamn
3795 1433 3908 1493 haec

2382 1559 2604 1616 autem
2647 1561 2867 1634 potest
2912 1572 3061 1619 esse
3095 1571 3227 1618 non
3270 1555 3488 1616 solum
3520 1555 3591 1614 in
3615 1551 3910 1613 relatione

2374 1668 2565 1743 reali,
2637 1668 2760 1732 sed
2832 1671 3031 1732 etiam
3102 1672 3170 1732 in
3245 1670 3467 1750 aliquo
3543 1684 3681 1729 non
3753 1667 3909 1727 reali.

2381 1777 2661 1849 Perinde
2704 1788 3049 1868 subJungit
3112 1788 3196 1849 de
3251 1788 3578 1850 relatione
3636 1781 3913 1862 configu-

2378 1902 2647 1964 rationis
2689 1919 2812 1965 seu
2856 1903 3300 1976 obligationis,
3365 1900 3526 1980 quia
3583 1900 3721 1960 haec
3765 1896 3906 1957 obii·

3956 1015 4068 1080 1²&ss

3952 1092 4028 1126 ΕΞ
4045 1094 4076 1125 ia

3935 1140 4103 1190 cie-im

3995 1217 4052 1249 ruz

3938 1265 4096 1312 esim-li.

3963 1751 4096 1820 effigi-

3934 1814 4103 1940 ἐξ

3992 1940 4064 1988 «εἰ.

606 2061 608 2070 ,
723 2013 1098 2076 necessario
1171 2031 1292 2092 per
1362 2018 1658 2077 extrema
1729 2013 2136 2093 intelligitur,
2211 2017 2276 2072 et
2382 2018 2558 2098 gatio
2619 2025 2838 2096 potest
2891 2022 3091 2099 sequi
3142 2022 3334 2081 etiam
3379 2017 3467 2080 ad
3511 2024 3761 2086 votum,
3815 2014 3919 2074 ho·

723 2131 817 2192 sic
874 2132 1032 2193 nihil
1090 2131 1336 2205 obstat,
1382 2133 1541 2211 quin
1600 2131 1808 2209 primo
1870 2132 2065 2193 etiarn
2126 2145 2274 2191 mo·
2384 2136 2702 2214 magium,
2734 2135 3263 2214 promissionem,
3311 2139 3744 2213 praeceptum,
3787 2141 3918 2190 con·

721 2261 876 2308 vere
936 2249 1144 2324 possit
1212 2247 1624 2310 intellectum
1683 2244 1771 2307 ad
1828 2246 2271 2325 cognitionem
2389 2255 2689 2325 tractum,
2739 2256 2805 2313 et
2848 2250 3249 2331 hujusmodi,
3296 2249 3541 2329 quibus
3573 2245 3916 2328 praemissis

725 2367 1195 2425 extremorum.
2390 2371 2615 2428 manet
2675 2382 2959 2445 persona
3018 2367 3328 2446 obligata,
3410 2365 3724 2444 quamvis
3791 2365 3923 2440 post

808 2479 1273 2556 Respondetur
1302 2486 1630 2558 praeterea
1677 2476 2074 2551 tertio,illud
2104 2477 2277 2557 prin·
2390 2490 2612 2545 actum
2681 2499 2816 2545 non
2898 2485 2981 2545 sit
3055 2483 3272 2562 aliqua
3340 2480 3554 2545 forma
3641 2479 3922 2542 absoluta

686 2596 969 2684 ‹cipium
1017 2595 1390 2674 Philosophi
1439 2596 1717 2677 intelligi
1782 2595 2151 2673 respective
2195 2594 2279 2657 ad
2399 2613 2821 2675 permanens.

731 2711 1178 2790 cognitionem
1264 2719 1578 2786 nostram,
1670 2728 1788 2789 pro
1880 2711 2005 2774 hoc
2079 2715 2279 2781 statu,
2471 2715 2578 2776 Est
2605 2731 2764 2795 ergo
2796 2715 2930 2776 haec
2972 2714 3198 2777 relatio
3248 2711 3547 2785 rationis,
3597 2712 3711 2774 vel
3741 2715 3809 2772 ut
3839 2708 3924 2770 alii

727 2843 925 2906 quam
1006 2829 1151 2906 ipse
1224 2830 1620 2892 existimavit
1692 2845 1839 2891 esse
1898 2846 1981 2892 ex
2047 2833 2285 2889 natura
2398 2834 2636 2891 vocant
2682 2828 2970 2902 moralis,
3019 2831 3086 2890 et
3132 2828 3378 2890 instare
3413 2827 3499 2890 ad
3542 2827 3683 2889 haee
3735 2824 3923 2886 omnia

724 2939 1099 3005 intellectus
1145 2946 1346 3007 nostri
1379 2951 1445 3007 et
1475 2944 1804 3023 potentiae,
1851 2961 2000 3006 cum
2033 2943 2279 3022 depen-
2391 2946 2546 3008 lieet
2595 2945 2660 3007 in
2716 2947 2859 3025 ipso
2907 2946 3358 3021 Sacramento,
3405 2944 3588 3025 quod
3634 2943 3796 3006 dicit
3834 2957 3921 3002 re·

457 3072 665 3143 Error·
731 3055 951 3119 dentia
996 3075 1030 3118 a
1075 3059 1407 3135 sensibuS,
1439 3075 1516 3123 ac
1562 3058 1839 3138 proinde
1870 3059 2115 3122 nullum
2149 3063 2276 3120 sta·
2392 3062 2707 3126 lationem
2748 3062 2921 3143 signi
2952 3068 3019 3124 et
3050 3061 3585 3142 configurationis
3633 3065 3921 3128 externae,

379 3131 692 3198 Phuosopbi.
733 3173 852 3234 tuit
882 3173 1225 3253 objectum
1269 3178 1580 3241 motivum
1632 3176 2003 3239 intellectus
2051 3176 2280 3249 nostri,
2397 3185 2465 3242 et
2533 3178 2952 3260 obligationis
3011 3179 3097 3242 ad
3156 3179 3498 3253 Christum,
3580 3183 3648 3241 et
3702 3179 3923 3259 legem,

728 3290 851 3352 nisi
894 3287 1333 3369 quidditatem
1381 3293 1478 3355 rei
1526 3293 1876 3365 sensibilis,
1922 3307 2048 3353 nee
2095 3290 2283 3353 intel·
2396 3296 2586 3375 eujus
2618 3303 2716 3358 est
2768 3294 3089 3376 professio
3148 3302 3215 3358 et
3259 3296 3708 3359 distinctivum
3753 3308 3926 3354 mem·

727 3403 939 3468 lectus
967 3404 1489 3486 Angeliciforte,
1520 3407 1645 3469 nisi
1689 3407 2015 3486 propriam
2046 3422 2276 3469 essen·
2405 3411 2503 3474 bri
2559 3411 2829 3475 visibilis
2887 3413 2952 3474 in
3023 3410 3315 3474 Ecclesia
3391 3413 3743 3485 militante,
3797 3411 3927 3489 quia

404 3555 671 3621 Objectum
733 3524 909 3585 tiam.
972 3525 1019 3585 E
1077 3529 1302 3587 contra
1357 3527 1599 3586 Doctor
1641 3529 1867 3587 noster
1918 3528 1985 3589 in
2035 3528 2089 3587 l.
2136 3528 2282 3587 dist.
2395 3543 2530 3589 non
2576 3527 2857 3607 judicat,
2917 3532 3033 3590 aut
3088 3529 3428 3608 cognoscit
3480 3527 3853 3589 membrum
3888 3542 3919 3586 a

457 2487 629 2562 Tertia

390 2564 666 2617 responsio.

395 3617 683 3731 ,ἐξεῆζζῖιῗζ
726 3640 786 3701 3.
849 3648 1067 3718 quaest.
1127 3643 1186 3705 3.
1255 3643 1479 3704 statuit
1550 3641 1888 3720 obJectum
1963 3644 2286 3705 motivum
2395 3660 2529 3707 non
2574 3646 2872 3708 membro
2927 3661 3047 3722 per
3092 3645 3278 3723 signa
3325 3645 3625 3717 interna:
3664 3645 3803 3706 baec
3837 3660 3925 3704 au·

400 3756 680 3857 hocffisstu.
724 3760 1103 3824 intellectus
1138 3764 1337 3826 creati
1371 3778 1518 3825 esse
1555 3780 1638 3827 ex
1681 3770 1911 3826 natura
1953 3766 2284 3842 potentiae,
2399 3766 2534 3823 tem
2589 3763 2806 3823 omnia
2862 3759 3137 3837 perinde
3204 3757 3513 3821 dicuntur
3569 3758 3656 3821 de
3710 3761 3917 3821 Sacra·

728 3893 925 3939 omne
960 3894 1080 3940 ens
1106 3877 1360 3942 finitum
1422 3881 1529 3942 vel
1576 3880 1974 3952 absolutum,
2025 3881 2132 3942 vel
2185 3895 2289 3940 re·
2396 3880 2621 3938 mento
2690 3876 2758 3937 in
2802 3877 3133 3955 Scriptura
3191 3880 3258 3938 et
3313 3875 3634 3945 Patribus,
3709 3892 3784 3938 ac
3839 3874 3912 3936 de

730 3995 1122 4072 spectivum,
1169 3994 1352 4073 quod
1382 4010 1516 4058 non
1555 3999 1655 4057 est
1691 3995 1774 4058 ad
1817 3998 2054 4070 Deum,
2101 4001 2176 4057 ut
2202 3995 2286 4058 ad
2400 3994 2802 4068 charactere,
2871 3992 3169 4073 quamvis
3224 3993 3434 4055 solum
3493 3992 3722 4055 dicant
3787 3992 3928 4055 rela-

735 4108 1114 4183 terminum,
1163 4109 1344 4189 quod
1375 4126 1551 4174 nunc
1583 4127 1933 4190 suppono;
1968 4111 2096 4174 hoc
2126 4127 2288 4191 ergo
2397 4111 2644 4172 tionem
2698 4109 2968 4172 rationis
3028 4110 3096 4172 in
3145 4110 3608 4180 Sacramento;
3673 4126 3839 4188 ergo
3875 4107 3926 4168 in

733 4224 915 4300 dat0,
988 4227 1383 4305 principium
1451 4227 1614 4290 illud
1692 4227 2071 4307 Philosophi
2159 4242 2293 4291 non
2402 4226 2777 4288 charactere
2820 4225 2995 4288 idem
3047 4224 3297 4301 dicunt,
3330 4241 3406 4287 ac
3446 4224 3732 4304 proinde
3773 4227 3928 4287 recte

734 4344 1128 4424 currit„,nisi
1189 4361 1307 4423 pro
1359 4347 1735 4426 cognitione
1797 4346 2000 4426 hujus
2056 4351 2288 4408 status.
2400 4341 2662 4404 fundari
2710 4347 2988 4420 possunt
3017 4343 3084 4402 in
3122 4342 3443 4404 relatione
3488 4342 3675 4404 reali.

386 4512 662 4566 character
731 4459 1084 4522 character
1145 4466 1366 4524 autern
1422 4468 1524 4524 est
1565 4463 1906 4541 obJ'ectum
1948 4462 2292 4538 motivum,
2481 4459 2714 4521 Postea
2771 4457 2998 4521 subdit
3050 4458 3547 4537 responsionem
3607 4457 3695 4519 ad
3769 4453 3925 4524 illud,

470 4581 662 4646 potest,
736 4580 803 4639 et
847 4578 1111 4658 signum
1157 4581 1764 4654 rememorativum,
1818 4579 2107 4642 tenendo
2168 4579 2293 4642 hoc
2405 4574 2583 4654 quod
2669 4573 2965 4649 infertur,
3049 4589 3335 4653 nempe,
3399 4574 3454 4635 si
3525 4589 3662 4636 una
3728 4574 3928 4635 relatio

422 4648 666 4774 eogggsci
733 4692 857 4770 ipsi
901 4693 1255 4755 convenire
1304 4674 1386 4757 ex
1432 4699 1663 4757 natura
1715 4695 1812 4757 rei
1857 4700 2171 4775 respectu
2199 4696 2294 4757 in·
2403 4689 2709 4753 fundaret
2755 4691 2970 4765 aliam,
3025 4688 3292 4753 daretur
3341 4706 3701 4768 processus
3743 4690 3808 4751 in
3849 4688 3923 4749 in·

412 4765 682 4894 gffitllffiu
737 4808 1040 4871 tellectus
1111 4810 1445 4887 abstracti,
1493 4811 1647 4890 quia
1711 4815 1811 4873 est
1869 4811 2116 4891 aliquid
2177 4829 2288 4875 su·
2404 4805 2679 4869 finitum.
2741 4803 3123 4885 Respondet
3181 4803 3492 4885 negando
3567 4806 3923 4885 sequelam:

731 4926 1158 5004 pernaturale
1248 4930 1313 4988 et
1412 4928 1777 5006 spirituale,
1866 4944 1942 4989 ac
2013 4927 2291 5006 proinde
2407 4921 2490 4985 de
2537 4923 2660 4985 hoe
2711 4920 2862 4984 vide
2910 4923 3124 4998 ipsum
3158 4923 3226 4982 in
3251 4921 3314 4982 2.
3346 4922 3498 4983 dist.
3532 4922 3593 4981 2.
3629 4925 3838 4998 quaest.
3872 4920 3920 4977 4.

730 5042 897 5104 ratio
984 5043 1119 5116 illa,
1192 5047 1306 5104 aut
1376 5043 1664 5123 objectio
1735 5058 1869 5106 non
1961 5042 2298 5105 concludit
2407 5047 2463 5103 et
2507 5042 2568 5103 5.
2627 5040 2742 5101 ubi
2797 5037 3026 5100 statuit
3080 5037 3251 5098 hanc
3311 5036 3615 5117 regulam
3649 5056 3666 5097 ε
3704 5036 3929 5117 quoties

731 5163 1046 5238 respectu
1094 5159 1263 5238 ejuS,
1310 5161 1434 5222 nisi
1492 5159 1560 5221 in
1616 5159 1851 5222 ordine
1905 5159 1991 5222 ad
2051 5165 2292 5222 statum
2403 5157 2908 5221 fundamentum
2951 5158 3183 5234 nequit
3236 5169 3384 5217 esse
3441 5155 3588 5216 sine
3651 5155 3924 5219 termino,

739 5285 1152 5356 praesentem,
1222 5278 1334 5357 qui
1406 5292 1538 5340 non
1604 5277 1988 5342 extenditur
2046 5278 2131 5342 ad
2190 5295 2294 5341 co·
2407 5277 2492 5340 ad
2550 5292 2752 5356 quem
2811 5274 2968 5337 dicit
3037 5279 3449 5353 respectum,
3516 5282 3676 5338 tunc
3734 5287 3926 5350 respe-

733 5393 1100 5473 gnitionern
1167 5395 1263 5455 rei
1321 5393 1676 5472 spiritualis
1746 5395 1841 5457 in¹
1882 5411 2007 5470 se,
2047 5398 2111 5456 et
2179 5411 2294 5457 su·
2410 5402 2587 5459 etum
2630 5412 2763 5459 non
2810 5393 3121 5474 distingui
3171 5392 3442 5457 realiter
3490 5409 3528 5453 a
3578 5391 3924 5456 fundamen·

743 5512 1184 5590 pernaturalis
1232 5512 1357 5576 nisi
1386 5529 1508 5592 per
1567 5511 1792 5588 fidem,
1850 5529 1990 5592 quae
2043 5517 2300 5576 tantum
2413 5516 2503 5587 to,
2564 5511 2717 5592 quia
2773 5511 2909 5573 haec
2968 5507 3416 5589 dependentia
3463 5510 3685 5590 arguit
3734 5520 3920 5584 respe-
