<?xml version="1.0" encoding="UTF-8"?>
<!DOCTYPE html PUBLIC "-//W3C//DTD XHTML 1.0 Transitional//EN"
    "http://www.w3.org/TR/xhtml1/DTD/xhtml1-transitional.dtd">
<html xmlns="http://www.w3.org/1999/xhtml" xml:lang="en" lang="en">
 <head>
  <title>
</title>
<meta http-equiv="Content-Type" content="text/html;charset=utf-8" />
  <meta name='ocr-system' content='tesseract 3.04.00' />
  <meta name='ocr-capabilities' content='ocr_page ocr_carea ocr_par ocr_line ocrx_word'/>
</head>
<body>
  <div class='ocr_page' id='page_1' title='image "./joannisdunsscot02waddgoog_0463.png"; bbox 0 0 4255 6375; ppageno 0'>
   <div class='ocr_carea' id='block_1_1' title="bbox 1421 376 2283 455">
    <p class='ocr_par' dir='ltr' id='par_1_1' title="bbox 1421 376 2283 455">
     <span class='ocr_line' id='line_1_1' title="bbox 1421 376 2283 455; baseline -0.006 -11"><span class='ocrx_word' id='word_1_1' title='bbox 1421 379 1599 444; x_wconf 79' lang='lat' dir='ltr'>ms&#39;r</span> <span class='ocrx_word' id='word_1_2' title='bbox 1641 378 1739 442; x_wconf 78' lang='lat' dir='ltr'>lv,</span> <span class='ocrx_word' id='word_1_3' title='bbox 1789 376 2152 455; x_wconf 84' lang='lat' dir='ltr'>QUAESTIO</span> <span class='ocrx_word' id='word_1_4' title='bbox 2182 377 2283 439; x_wconf 80' lang='lat' dir='ltr'>vt.</span> 
     </span>
    </p>
   </div>
   <div class='ocr_carea' id='block_1_2' title="bbox 185 507 1796 1426">
    <p class='ocr_par' dir='ltr' id='par_1_2' title="bbox 185 507 1796 1426">
     <span class='ocr_line' id='line_1_2' title="bbox 197 507 1784 629; baseline -0.003 -19"><span class='ocrx_word' id='word_1_5' title='bbox 197 507 299 610; x_wconf 54' lang='lat' dir='ltr'>&#39;ha</span> <span class='ocrx_word' id='word_1_6' title='bbox 346 542 915 609; x_wconf 76' lang='lat' dir='ltr'>sanctificatione</span> <span class='ocrx_word' id='word_1_7' title='bbox 944 565 1015 611; x_wconf 89' lang='lat' dir='ltr'>se</span> <span class='ocrx_word' id='word_1_8' title='bbox 1057 542 1284 610; x_wconf 88' lang='lat' dir='ltr'>habuit</span> <span class='ocrx_word' id='word_1_9' title='bbox 1331 554 1402 610; x_wconf 90' lang='lat' dir='ltr'>ut</span> <span class='ocrx_word' id='word_1_10' title='bbox 1445 541 1784 629; x_wconf 85' lang='lat' dir='ltr'>disposita,</span> 
     </span>
     <span class='ocr_line' id='line_1_3' title="bbox 194 643 1794 768; baseline 0 -46"><span class='ocrx_word' id='word_1_11' title='bbox 194 643 325 768; x_wconf 53' lang='lat' dir='ltr'>juo</span> <span class='ocrx_word' id='word_1_12' title='bbox 375 670 593 724; x_wconf 87' lang='lat' dir='ltr'>esset</span> <span class='ocrx_word' id='word_1_13' title='bbox 625 670 833 726; x_wconf 88' lang='lat' dir='ltr'>mater</span> <span class='ocrx_word' id='word_1_14' title='bbox 872 661 1010 740; x_wconf 90' lang='lat' dir='ltr'>Dei,</span> <span class='ocrx_word' id='word_1_15' title='bbox 1054 661 1118 726; x_wconf 94' lang='lat' dir='ltr'>in</span> <span class='ocrx_word' id='word_1_16' title='bbox 1153 659 1436 726; x_wconf 88' lang='lat' dir='ltr'>secunda</span> <span class='ocrx_word' id='word_1_17' title='bbox 1477 680 1633 726; x_wconf 88' lang='lat' dir='ltr'>vero</span> <span class='ocrx_word' id='word_1_18' title='bbox 1674 657 1794 723; x_wconf 83' lang='lat' dir='ltr'>fuit</span> 
     </span>
     <span class='ocr_line' id='line_1_4' title="bbox 192 757 1795 864; baseline 0 -24"><span class='ocrx_word' id='word_1_19' title='bbox 192 773 548 860; x_wconf 66' lang='lat' dir='ltr'>perfectio</span> <span class='ocrx_word' id='word_1_20' title='bbox 596 775 853 862; x_wconf 82' lang='lat' dir='ltr'>gratiae,</span> <span class='ocrx_word' id='word_1_21' title='bbox 908 776 1078 843; x_wconf 88' lang='lat' dir='ltr'>sicut</span> <span class='ocrx_word' id='word_1_22' title='bbox 1125 757 1368 843; x_wconf 37' lang='lat' dir='ltr'>&#39;caloris</span> <span class='ocrx_word' id='word_1_23' title='bbox 1410 776 1520 864; x_wconf 91' lang='lat' dir='ltr'>qui</span> <span class='ocrx_word' id='word_1_24' title='bbox 1570 795 1795 840; x_wconf 89' lang='lat' dir='ltr'>conse-</span> 
     </span>
     <span class='ocr_line' id='line_1_5' title="bbox 190 889 1793 980; baseline 0 -26"><span class='ocrx_word' id='word_1_25' title='bbox 190 889 435 978; x_wconf 69' lang='lat' dir='ltr'>{uitur</span> <span class='ocrx_word' id='word_1_26' title='bbox 518 893 781 980; x_wconf 85' lang='lat' dir='ltr'>ignem,</span> <span class='ocrx_word' id='word_1_27' title='bbox 835 914 908 960; x_wconf 81' lang='lat' dir='ltr'>ex</span> <span class='ocrx_word' id='word_1_28' title='bbox 961 893 1307 979; x_wconf 83' lang='lat' dir='ltr'>praesentia</span> <span class='ocrx_word' id='word_1_29' title='bbox 1374 891 1512 958; x_wconf 84' lang='lat' dir='ltr'>Filii</span> <span class='ocrx_word' id='word_1_30' title='bbox 1548 889 1657 957; x_wconf 90' lang='lat' dir='ltr'>Dei</span> <span class='ocrx_word' id='word_1_31' title='bbox 1729 890 1793 954; x_wconf 92' lang='lat' dir='ltr'>in</span> 
     </span>
     <span class='ocr_line' id='line_1_6' title="bbox 188 998 1789 1067; baseline -0.001 -3"><span class='ocrx_word' id='word_1_32' title='bbox 188 1011 390 1064; x_wconf 74' lang='lat' dir='ltr'>utero</span> <span class='ocrx_word' id='word_1_33' title='bbox 518 999 875 1067; x_wconf 90' lang='lat' dir='ltr'>incarnati.</span> <span class='ocrx_word' id='word_1_34' title='bbox 939 1004 1099 1066; x_wconf 84' lang='lat' dir='ltr'><strong>Item</strong></span> <span class='ocrx_word' id='word_1_35' title='bbox 1153 1002 1225 1066; x_wconf 85' lang='lat' dir='ltr'>in</span> <span class='ocrx_word' id='word_1_36' title='bbox 1321 1004 1386 1066; x_wconf 87' lang='grc'>3.</span> <span class='ocrx_word' id='word_1_37' title='bbox 1479 998 1634 1064; x_wconf 87' lang='lat' dir='ltr'>dist.</span> <span class='ocrx_word' id='word_1_38' title='bbox 1725 1002 1789 1062; x_wconf 90' lang='lat'>3.</span> 
     </span>
     <span class='ocr_line' id='line_1_7' title="bbox 186 1114 1796 1204; baseline -0.001 -25"><span class='ocrx_word' id='word_1_39' title='bbox 186 1121 441 1204; x_wconf 67' lang='lat' dir='ltr'>qitaest.</span> <span class='ocrx_word' id='word_1_40' title='bbox 529 1120 562 1180; x_wconf 78' lang='lat'>¹</span> <span class='ocrx_word' id='word_1_41' title='bbox 595 1167 609 1181; x_wconf 92' lang='lat'><strong>.</strong></span> <span class='ocrx_word' id='word_1_42' title='bbox 670 1129 802 1183; x_wconf 88' lang='lat' dir='ltr'>art.</span> <span class='ocrx_word' id='word_1_43' title='bbox 848 1121 920 1183; x_wconf 72' lang='lat'>2.</span> <span class='ocrx_word' id='word_1_44' title='bbox 1000 1118 1480 1204; x_wconf 82' lang='lat' dir='ltr'>quoestiuncula</span> <span class='ocrx_word' id='word_1_45' title='bbox 1530 1118 1593 1181; x_wconf 86' lang='lat'>3.</span> <span class='ocrx_word' id='word_1_46' title='bbox 1641 1114 1796 1178; x_wconf 89' lang='lat' dir='ltr'>dicit</span> 
     </span>
     <span class='ocr_line' id='line_1_8' title="bbox 185 1231 1794 1321; baseline -0.003 -21"><span class='ocrx_word' id='word_1_47' title='bbox 185 1231 425 1300; x_wconf 69' lang='lat' dir='ltr'>[uisse</span> <span class='ocrx_word' id='word_1_48' title='bbox 483 1247 1021 1301; x_wconf 77' lang='lat' dir='ltr'>consummatam</span> <span class='ocrx_word' id='word_1_49' title='bbox 1063 1235 1339 1321; x_wconf 79' lang='lat' dir='ltr'>gratiam</span> <span class='ocrx_word' id='word_1_50' title='bbox 1399 1234 1541 1319; x_wconf 88' lang='lat' dir='ltr'>ejus</span> <span class='ocrx_word' id='word_1_51' title='bbox 1592 1251 1794 1318; x_wconf 89' lang='lat' dir='ltr'>quan-</span> 
     </span>
     <span class='ocr_line' id='line_1_9' title="bbox 185 1345 1794 1426; baseline -0.003 -11"><span class='ocrx_word' id='word_1_52' title='bbox 185 1359 344 1415; x_wconf 85' lang='lat' dir='ltr'>tum</span> <span class='ocrx_word' id='word_1_53' title='bbox 383 1349 478 1415; x_wconf 92' lang='lat' dir='ltr'>ad</span> <span class='ocrx_word' id='word_1_54' title='bbox 565 1363 807 1417; x_wconf 89' lang='lat' dir='ltr'>statum</span> <span class='ocrx_word' id='word_1_55' title='bbox 851 1352 1000 1426; x_wconf 88' lang='lat' dir='ltr'>viae,</span> <span class='ocrx_word' id='word_1_56' title='bbox 1074 1351 1139 1416; x_wconf 90' lang='lat' dir='ltr'>in</span> <span class='ocrx_word' id='word_1_57' title='bbox 1191 1350 1476 1417; x_wconf 90' lang='lat' dir='ltr'>secunda</span> <span class='ocrx_word' id='word_1_58' title='bbox 1508 1345 1794 1415; x_wconf 81' lang='lat' dir='ltr'>sanctifi-</span> 
     </span>
    </p>
   </div>
   <div class='ocr_carea' id='block_1_3' title="bbox 189 1466 1796 1663">
    <p class='ocr_par' dir='ltr' id='par_1_3' title="bbox 189 1466 1796 1663">
     <span class='ocr_line' id='line_1_10' title="bbox 189 1466 1795 1546; baseline -0.001 -14"><span class='ocrx_word' id='word_1_59' title='bbox 189 1467 512 1546; x_wconf 77' lang='lat' dir='ltr'>catione,</span> <span class='ocrx_word' id='word_1_60' title='bbox 570 1468 715 1534; x_wconf 90' lang='lat' dir='ltr'>ideo</span> <span class='ocrx_word' id='word_1_61' title='bbox 747 1468 1200 1534; x_wconf 86' lang='lat' dir='ltr'>necessitatam</span> <span class='ocrx_word' id='word_1_62' title='bbox 1260 1468 1464 1533; x_wconf 80' lang='lat' dir='ltr'>fuisse</span> <span class='ocrx_word' id='word_1_63' title='bbox 1517 1466 1595 1531; x_wconf 91' lang='lat' dir='ltr'>ad</span> <span class='ocrx_word' id='word_1_64' title='bbox 1667 1485 1795 1531; x_wconf 89' lang='lat' dir='ltr'>non</span> 
     </span>
     <span class='ocr_line' id='line_1_11' title="bbox 193 1574 1796 1663; baseline -0.001 -22"><span class='ocrx_word' id='word_1_65' title='bbox 193 1574 649 1663; x_wconf 89' lang='lat' dir='ltr'>peccandum</span> <span class='ocrx_word' id='word_1_66' title='bbox 680 1576 990 1663; x_wconf 78' lang='lat' dir='ltr'>amplius,</span> <span class='ocrx_word' id='word_1_67' title='bbox 1019 1576 1334 1663; x_wconf 84' lang='lat' dir='ltr'>Loquitur</span> <span class='ocrx_word' id='word_1_68' title='bbox 1356 1595 1514 1660; x_wconf 88' lang='lat' dir='ltr'>ergo</span> <span class='ocrx_word' id='word_1_69' title='bbox 1536 1577 1600 1640; x_wconf 90' lang='lat' dir='ltr'>S.</span> <span class='ocrx_word' id='word_1_70' title='bbox 1629 1574 1796 1639; x_wconf 86' lang='lat' dir='ltr'>Tho-</span> 
     </span>
    </p>
   </div>
   <div class='ocr_carea' id='block_1_4' title="bbox 195 1689 1804 2241">
    <p class='ocr_par' dir='ltr' id='par_1_4' title="bbox 195 1689 1804 2241">
     <span class='ocr_line' id='line_1_12' title="bbox 195 1689 1796 1777; baseline 0 -21"><span class='ocrx_word' id='word_1_71' title='bbox 195 1710 349 1756; x_wconf 86' lang='lat' dir='ltr'>mas</span> <span class='ocrx_word' id='word_1_72' title='bbox 431 1711 586 1756; x_wconf 92' lang='lat' dir='ltr'>non</span> <span class='ocrx_word' id='word_1_73' title='bbox 636 1689 848 1757; x_wconf 90' lang='lat' dir='ltr'>solum</span> <span class='ocrx_word' id='word_1_74' title='bbox 899 1689 1259 1756; x_wconf 87' lang='lat' dir='ltr'>secundum</span> <span class='ocrx_word' id='word_1_75' title='bbox 1320 1689 1796 1777; x_wconf 74' lang='lat' dir='ltr'>praerogativas</span> 
     </span>
     <span class='ocr_line' id='line_1_13' title="bbox 196 1805 1800 1895; baseline -0.001 -22"><span class='ocrx_word' id='word_1_76' title='bbox 196 1806 488 1895; x_wconf 79' lang='lat' dir='ltr'>gratiae,</span> <span class='ocrx_word' id='word_1_77' title='bbox 592 1805 708 1873; x_wconf 91' lang='lat' dir='ltr'>sed</span> <span class='ocrx_word' id='word_1_78' title='bbox 793 1806 1155 1873; x_wconf 90' lang='lat' dir='ltr'>secundum</span> <span class='ocrx_word' id='word_1_79' title='bbox 1243 1805 1676 1871; x_wconf 82' lang='lat' dir='ltr'>intensionem</span> <span class='ocrx_word' id='word_1_80' title='bbox 1738 1821 1800 1872; x_wconf 90' lang='lat' dir='ltr'>et</span> 
     </span>
     <span class='ocr_line' id='line_1_14' title="bbox 198 1919 1796 2008; baseline -0.001 -22"><span class='ocrx_word' id='word_1_81' title='bbox 198 1920 648 1999; x_wconf 87' lang='lat' dir='ltr'>terminum;</span> <span class='ocrx_word' id='word_1_82' title='bbox 697 1940 909 2008; x_wconf 89' lang='lat' dir='ltr'>neque</span> <span class='ocrx_word' id='word_1_83' title='bbox 942 1920 1137 1986; x_wconf 89' lang='lat' dir='ltr'>etiam</span> <span class='ocrx_word' id='word_1_84' title='bbox 1174 1920 1309 2006; x_wconf 91' lang='lat' dir='ltr'>ipsa</span> <span class='ocrx_word' id='word_1_85' title='bbox 1336 1919 1796 2006; x_wconf 84' lang='lat' dir='ltr'>praerogativa,</span> 
     </span>
     <span class='ocr_line' id='line_1_15' title="bbox 204 2038 1801 2127; baseline -0.001 -21"><span class='ocrx_word' id='word_1_86' title='bbox 204 2062 327 2127; x_wconf 87' lang='lat' dir='ltr'>per</span> <span class='ocrx_word' id='word_1_87' title='bbox 361 2061 588 2127; x_wconf 88' lang='lat' dir='ltr'>quam</span> <span class='ocrx_word' id='word_1_88' title='bbox 614 2059 697 2105; x_wconf 88' lang='lat' dir='ltr'>ex</span> <span class='ocrx_word' id='word_1_89' title='bbox 735 2038 1146 2125; x_wconf 85' lang='lat' dir='ltr'>plenitudine</span> <span class='ocrx_word' id='word_1_90' title='bbox 1179 2039 1412 2125; x_wconf 85' lang='lat' dir='ltr'>gratiae</span> <span class='ocrx_word' id='word_1_91' title='bbox 1443 2041 1801 2106; x_wconf 89' lang='lat' dir='ltr'>constituta</span> 
     </span>
     <span class='ocr_line' id='line_1_16' title="bbox 209 2155 1804 2241; baseline 0 -20"><span class='ocrx_word' id='word_1_92' title='bbox 209 2168 314 2222; x_wconf 91' lang='lat' dir='ltr'>est</span> <span class='ocrx_word' id='word_1_93' title='bbox 379 2156 458 2221; x_wconf 86' lang='lat' dir='ltr'>in</span> <span class='ocrx_word' id='word_1_94' title='bbox 530 2155 646 2222; x_wconf 91' lang='lat' dir='ltr'>tali</span> <span class='ocrx_word' id='word_1_95' title='bbox 709 2155 1132 2241; x_wconf 79' lang='lat' dir='ltr'>perfectione,</span> <span class='ocrx_word' id='word_1_96' title='bbox 1182 2166 1253 2222; x_wconf 86' lang='lat' dir='ltr'>ut</span> <span class='ocrx_word' id='word_1_97' title='bbox 1302 2156 1804 2222; x_wconf 87' lang='lat' dir='ltr'>necessitaretur</span> 
     </span>
    </p>
   </div>
   <div class='ocr_carea' id='block_1_5' title="bbox 150 2270 1812 5389">
    <p class='ocr_par' dir='ltr' id='par_1_5' title="bbox 207 2270 1803 3173">
     <span class='ocr_line' id='line_1_17' title="bbox 207 2270 1803 2359; baseline -0.002 -20"><span class='ocrx_word' id='word_1_98' title='bbox 207 2274 288 2339; x_wconf 91' lang='lat' dir='ltr'>ad</span> <span class='ocrx_word' id='word_1_99' title='bbox 334 2294 486 2339; x_wconf 90' lang='lat' dir='ltr'>non</span> <span class='ocrx_word' id='word_1_100' title='bbox 556 2271 980 2359; x_wconf 89' lang='lat' dir='ltr'>peccandum,</span> <span class='ocrx_word' id='word_1_101' title='bbox 1040 2270 1236 2337; x_wconf 90' lang='lat' dir='ltr'>etiam</span> <span class='ocrx_word' id='word_1_102' title='bbox 1289 2271 1657 2350; x_wconf 83' lang='lat' dir='ltr'>venialiter,</span> <span class='ocrx_word' id='word_1_103' title='bbox 1713 2272 1803 2336; x_wconf 93' lang='lat' dir='ltr'>in-</span> 
     </span>
     <span class='ocr_line' id='line_1_18' title="bbox 213 2384 1799 2473; baseline -0.003 -21"><span class='ocrx_word' id='word_1_104' title='bbox 213 2386 443 2473; x_wconf 87' lang='lat' dir='ltr'>telligi</span> <span class='ocrx_word' id='word_1_105' title='bbox 512 2395 734 2472; x_wconf 90' lang='lat' dir='ltr'>potest</span> <span class='ocrx_word' id='word_1_106' title='bbox 789 2384 932 2451; x_wconf 90' lang='lat' dir='ltr'>sine</span> <span class='ocrx_word' id='word_1_107' title='bbox 986 2384 1355 2449; x_wconf 84' lang='lat' dir='ltr'>intensione</span> <span class='ocrx_word' id='word_1_108' title='bbox 1406 2384 1662 2470; x_wconf 84' lang='lat' dir='ltr'>gratiae,</span> <span class='ocrx_word' id='word_1_109' title='bbox 1722 2385 1799 2449; x_wconf 85' lang='lat' dir='ltr'>ad</span> 
     </span>
     <span class='ocr_line' id='line_1_19' title="bbox 215 2500 1799 2593; baseline -0.003 -23"><span class='ocrx_word' id='word_1_110' title='bbox 215 2525 429 2593; x_wconf 90' lang='lat' dir='ltr'>quam</span> <span class='ocrx_word' id='word_1_111' title='bbox 489 2513 749 2590; x_wconf 88' lang='lat' dir='ltr'>spectat</span> <span class='ocrx_word' id='word_1_112' title='bbox 789 2500 952 2567; x_wconf 91' lang='lat' dir='ltr'>ratio</span> <span class='ocrx_word' id='word_1_113' title='bbox 984 2504 1056 2566; x_wconf 89' lang='lat' dir='ltr'>D.</span> <span class='ocrx_word' id='word_1_114' title='bbox 1092 2501 1385 2578; x_wconf 85' lang='lat' dir='ltr'>Thomae,</span> <span class='ocrx_word' id='word_1_115' title='bbox 1410 2500 1488 2566; x_wconf 91' lang='lat' dir='ltr'>de</span> <span class='ocrx_word' id='word_1_116' title='bbox 1530 2500 1799 2587; x_wconf 90' lang='lat' dir='ltr'>propin-</span> 
     </span>
     <span class='ocr_line' id='line_1_20' title="bbox 214 2618 1801 2708; baseline -0.003 -21"><span class='ocrx_word' id='word_1_117' title='bbox 214 2621 489 2708; x_wconf 84' lang='lat' dir='ltr'>quitate</span> <span class='ocrx_word' id='word_1_118' title='bbox 529 2619 762 2686; x_wconf 91' lang='lat' dir='ltr'>matris</span> <span class='ocrx_word' id='word_1_119' title='bbox 801 2619 881 2685; x_wconf 94' lang='lat' dir='ltr'>ad</span> <span class='ocrx_word' id='word_1_120' title='bbox 914 2618 1247 2685; x_wconf 81' lang='lat' dir='ltr'>Christum</span> <span class='ocrx_word' id='word_1_121' title='bbox 1290 2631 1618 2684; x_wconf 86' lang='lat' dir='ltr'>auctorem</span> <span class='ocrx_word' id='word_1_122' title='bbox 1653 2639 1801 2704; x_wconf 88' lang='lat' dir='ltr'>gra-</span> 
     </span>
     <span class='ocr_line' id='line_1_21' title="bbox 220 2734 1802 2819; baseline -0.001 -17"><span class='ocrx_word' id='word_1_123' title='bbox 220 2739 364 2819; x_wconf 77' lang='lat' dir='ltr'>tiae,</span> <span class='ocrx_word' id='word_1_124' title='bbox 431 2751 506 2804; x_wconf 90' lang='lat' dir='ltr'>et</span> <span class='ocrx_word' id='word_1_125' title='bbox 550 2734 914 2803; x_wconf 84' lang='lat' dir='ltr'>similitudo</span> <span class='ocrx_word' id='word_1_126' title='bbox 946 2736 1222 2802; x_wconf 89' lang='lat' dir='ltr'>adducta</span> <span class='ocrx_word' id='word_1_127' title='bbox 1262 2736 1341 2801; x_wconf 83' lang='lat' dir='ltr'>de</span> <span class='ocrx_word' id='word_1_128' title='bbox 1380 2735 1587 2801; x_wconf 83' lang='lat' dir='ltr'>forma</span> <span class='ocrx_word' id='word_1_129' title='bbox 1628 2735 1802 2801; x_wconf 92' lang='lat' dir='ltr'>calo·</span> 
     </span>
     <span class='ocr_line' id='line_1_22' title="bbox 222 2852 1793 2941; baseline -0.002 -21"><span class='ocrx_word' id='word_1_130' title='bbox 222 2857 344 2935; x_wconf 91' lang='lat' dir='ltr'>ris,</span> <span class='ocrx_word' id='word_1_131' title='bbox 383 2866 455 2921; x_wconf 89' lang='lat' dir='ltr'>et</span> <span class='ocrx_word' id='word_1_132' title='bbox 489 2853 846 2941; x_wconf 86' lang='lat' dir='ltr'>applicatio</span> <span class='ocrx_word' id='word_1_133' title='bbox 886 2853 1030 2939; x_wconf 90' lang='lat' dir='ltr'>ejus</span> <span class='ocrx_word' id='word_1_134' title='bbox 1060 2852 1138 2918; x_wconf 92' lang='lat' dir='ltr'>ad</span> <span class='ocrx_word' id='word_1_135' title='bbox 1171 2852 1446 2939; x_wconf 87' lang='lat' dir='ltr'>gratiam</span> <span class='ocrx_word' id='word_1_136' title='bbox 1479 2853 1793 2939; x_wconf 79' lang='lat' dir='ltr'>Virginis,</span> 
     </span>
     <span class='ocr_line' id='line_1_23' title="bbox 229 2969 1787 3038; baseline -0.001 -4"><span class='ocrx_word' id='word_1_137' title='bbox 229 2971 566 3038; x_wconf 88' lang='lat' dir='ltr'>Videatur</span> <span class='ocrx_word' id='word_1_138' title='bbox 642 2969 837 3036; x_wconf 89' lang='lat' dir='ltr'>etiam</span> <span class='ocrx_word' id='word_1_139' title='bbox 896 2972 967 3034; x_wconf 90' lang='lat' dir='ltr'>D.</span> <span class='ocrx_word' id='word_1_140' title='bbox 1038 2971 1492 3034; x_wconf 87' lang='lat' dir='ltr'>Bonaventura</span> <span class='ocrx_word' id='word_1_141' title='bbox 1568 2970 1636 3034; x_wconf 80' lang='lat' dir='ltr'>in</span> <span class='ocrx_word' id='word_1_142' title='bbox 1715 2973 1787 3035; x_wconf 84' lang='lat'>3.</span> 
     </span>
     <span class='ocr_line' id='line_1_24' title="bbox 233 3089 963 3173; baseline -0.005 -18"><span class='ocrx_word' id='word_1_143' title='bbox 233 3089 400 3155; x_wconf 89' lang='lat' dir='ltr'>dist.</span> <span class='ocrx_word' id='word_1_144' title='bbox 451 3092 568 3155; x_wconf 85' lang='lat'>13.</span> <span class='ocrx_word' id='word_1_145' title='bbox 611 3097 836 3173; x_wconf 86' lang='lat' dir='ltr'>quoest.</span> <span class='ocrx_word' id='word_1_146' title='bbox 891 3089 963 3151; x_wconf 86' lang='lat'>3.</span> 
     </span>
    </p>

    <p class='ocr_par' dir='ltr' id='par_1_6' title="bbox 150 3201 1812 4459">
     <span class='ocr_line' id='line_1_25' title="bbox 322 3201 1801 3288; baseline -0.001 -18"><span class='ocrx_word' id='word_1_147' title='bbox 322 3204 527 3272; x_wconf 86' lang='lat' dir='ltr'>Ratio</span> <span class='ocrx_word' id='word_1_148' title='bbox 566 3214 784 3270; x_wconf 91' lang='lat' dir='ltr'>autem</span> <span class='ocrx_word' id='word_1_149' title='bbox 826 3206 898 3267; x_wconf 89' lang='lat' dir='ltr'>D.</span> <span class='ocrx_word' id='word_1_150' title='bbox 935 3201 1204 3268; x_wconf 81' lang='lat' dir='ltr'>Thomae</span> <span class='ocrx_word' id='word_1_151' title='bbox 1263 3203 1603 3288; x_wconf 83' lang='lat' dir='ltr'>praemissa</span> <span class='ocrx_word' id='word_1_152' title='bbox 1643 3203 1801 3271; x_wconf 89' lang='lat' dir='ltr'>satis</span> 
     </span>
     <span class='ocr_line' id='line_1_26' title="bbox 151 3317 1802 3409; baseline 0.002 -23"><span class='ocrx_word' id='word_1_153' title='bbox 151 3360 216 3394; x_wconf 49' lang='grc' dir='ltr'>αα,</span> <span class='ocrx_word' id='word_1_154' title='bbox 238 3341 549 3409; x_wconf 88' lang='lat' dir='ltr'>congrue</span> <span class='ocrx_word' id='word_1_155' title='bbox 592 3319 818 3406; x_wconf 89' lang='lat' dir='ltr'>probat</span> <span class='ocrx_word' id='word_1_156' title='bbox 856 3317 1029 3384; x_wconf 90' lang='lat' dir='ltr'>illam</span> <span class='ocrx_word' id='word_1_157' title='bbox 1080 3321 1496 3398; x_wconf 88' lang='lat' dir='ltr'>sententiam,</span> <span class='ocrx_word' id='word_1_158' title='bbox 1535 3335 1802 3409; x_wconf 89' lang='lat' dir='ltr'>propter</span> 
     </span>
     <span class='ocr_line' id='line_1_27' title="bbox 150 3422 1803 3530; baseline 0.001 -25"><span class='ocrx_word' id='word_1_159' title='bbox 150 3422 202 3530; x_wconf 50' lang='grc' dir='ltr'>ἶ»,</span> <span class='ocrx_word' id='word_1_160' title='bbox 244 3437 812 3527; x_wconf 85' lang='lat' dir='ltr'>propinquitatem</span> <span class='ocrx_word' id='word_1_161' title='bbox 856 3436 998 3524; x_wconf 88' lang='lat' dir='ltr'>ejus</span> <span class='ocrx_word' id='word_1_162' title='bbox 1074 3436 1154 3502; x_wconf 89' lang='lat' dir='ltr'>ad</span> <span class='ocrx_word' id='word_1_163' title='bbox 1212 3438 1542 3504; x_wconf 88' lang='lat' dir='ltr'>Christum</span> <span class='ocrx_word' id='word_1_164' title='bbox 1584 3452 1803 3507; x_wconf 89' lang='lat' dir='ltr'>aucto-</span> 
     </span>
     <span class='ocr_line' id='line_1_28' title="bbox 243 3552 1807 3644; baseline 0.001 -23"><span class='ocrx_word' id='word_1_165' title='bbox 243 3575 385 3621; x_wconf 90' lang='lat' dir='ltr'>rem</span> <span class='ocrx_word' id='word_1_166' title='bbox 426 3553 692 3644; x_wconf 82' lang='lat' dir='ltr'>gratiae,</span> <span class='ocrx_word' id='word_1_167' title='bbox 737 3553 890 3620; x_wconf 90' lang='lat' dir='ltr'>dum</span> <span class='ocrx_word' id='word_1_168' title='bbox 925 3552 1107 3619; x_wconf 91' lang='lat' dir='ltr'>illum</span> <span class='ocrx_word' id='word_1_169' title='bbox 1150 3554 1447 3641; x_wconf 87' lang='lat' dir='ltr'>concepit</span> <span class='ocrx_word' id='word_1_170' title='bbox 1491 3555 1570 3621; x_wconf 92' lang='lat' dir='ltr'>de</span> <span class='ocrx_word' id='word_1_171' title='bbox 1605 3558 1807 3642; x_wconf 89' lang='lat' dir='ltr'>Spiri-</span> 
     </span>
     <span class='ocr_line' id='line_1_29' title="bbox 242 3668 1805 3758; baseline 0.001 -21"><span class='ocrx_word' id='word_1_172' title='bbox 242 3685 313 3738; x_wconf 87' lang='lat' dir='ltr'>tu</span> <span class='ocrx_word' id='word_1_173' title='bbox 346 3685 610 3750; x_wconf 86' lang='lat' dir='ltr'>sancto,</span> <span class='ocrx_word' id='word_1_174' title='bbox 649 3668 759 3757; x_wconf 91' lang='lat' dir='ltr'>qui</span> <span class='ocrx_word' id='word_1_175' title='bbox 809 3670 978 3737; x_wconf 83' lang='lat' dir='ltr'>sicut</span> <span class='ocrx_word' id='word_1_176' title='bbox 1007 3669 1333 3757; x_wconf 81' lang='lat' dir='ltr'>disposuit</span> <span class='ocrx_word' id='word_1_177' title='bbox 1372 3693 1610 3758; x_wconf 91' lang='lat' dir='ltr'>corpus</span> <span class='ocrx_word' id='word_1_178' title='bbox 1666 3675 1805 3740; x_wconf 89' lang='lat' dir='ltr'>vir-</span> 
     </span>
     <span class='ocr_line' id='line_1_30' title="bbox 244 3787 1807 3874; baseline 0.003 -20"><span class='ocrx_word' id='word_1_179' title='bbox 244 3788 496 3874; x_wconf 87' lang='lat' dir='ltr'>ginale,</span> <span class='ocrx_word' id='word_1_180' title='bbox 538 3798 610 3854; x_wconf 91' lang='lat' dir='ltr'>ut</span> <span class='ocrx_word' id='word_1_181' title='bbox 645 3808 796 3854; x_wconf 88' lang='lat' dir='ltr'>eum</span> <span class='ocrx_word' id='word_1_182' title='bbox 828 3787 1197 3874; x_wconf 88' lang='lat' dir='ltr'>conciperet</span> <span class='ocrx_word' id='word_1_183' title='bbox 1227 3809 1448 3869; x_wconf 88' lang='lat' dir='ltr'>carne,</span> <span class='ocrx_word' id='word_1_184' title='bbox 1486 3791 1582 3856; x_wconf 90' lang='lat' dir='ltr'>sic</span> <span class='ocrx_word' id='word_1_185' title='bbox 1611 3793 1807 3859; x_wconf 90' lang='lat' dir='ltr'>etiam</span> 
     </span>
     <span class='ocr_line' id='line_1_31' title="bbox 247 3905 1805 3996; baseline 0.004 -27"><span class='ocrx_word' id='word_1_186' title='bbox 247 3905 393 3990; x_wconf 89' lang='lat' dir='ltr'>ejus</span> <span class='ocrx_word' id='word_1_187' title='bbox 428 3918 749 3993; x_wconf 84' lang='lat' dir='ltr'>mentem,</span> <span class='ocrx_word' id='word_1_188' title='bbox 805 3915 875 3971; x_wconf 91' lang='lat' dir='ltr'>ut</span> <span class='ocrx_word' id='word_1_189' title='bbox 932 3925 1083 3971; x_wconf 90' lang='lat' dir='ltr'>eum</span> <span class='ocrx_word' id='word_1_190' title='bbox 1134 3905 1509 3992; x_wconf 89' lang='lat' dir='ltr'>conciperet</span> <span class='ocrx_word' id='word_1_191' title='bbox 1553 3908 1617 3973; x_wconf 91' lang='lat' dir='ltr'>in</span> <span class='ocrx_word' id='word_1_192' title='bbox 1665 3910 1805 3996; x_wconf 88' lang='lat' dir='ltr'>Spi-</span> 
     </span>
     <span class='ocr_line' id='line_1_32' title="bbox 249 4020 1812 4112; baseline 0.003 -25"><span class='ocrx_word' id='word_1_193' title='bbox 249 4020 405 4102; x_wconf 87' lang='lat' dir='ltr'>ritu,</span> <span class='ocrx_word' id='word_1_194' title='bbox 498 4024 693 4111; x_wconf 86' lang='lat' dir='ltr'>juxta</span> <span class='ocrx_word' id='word_1_195' title='bbox 777 4021 977 4090; x_wconf 90' lang='lat' dir='ltr'>illud:</span> <span class='ocrx_word' id='word_1_196' title='bbox 1067 4022 1381 4097; x_wconf 81' lang='lat' dir='ltr'>Quinimo</span> <span class='ocrx_word' id='word_1_197' title='bbox 1455 4024 1631 4089; x_wconf 88' lang='lat' dir='ltr'>beati</span> <span class='ocrx_word' id='word_1_198' title='bbox 1696 4027 1812 4112; x_wconf 87' lang='lat' dir='ltr'>qui</span> 
     </span>
     <span class='ocr_line' id='line_1_33' title="bbox 251 4137 1810 4216; baseline 0.004 -16"><span class='ocrx_word' id='word_1_199' title='bbox 251 4137 552 4205; x_wconf 85' lang='lat' dir='ltr'>audiunt</span> <span class='ocrx_word' id='word_1_200' title='bbox 619 4137 886 4204; x_wconf 84' lang='lat' dir='ltr'>verbum</span> <span class='ocrx_word' id='word_1_201' title='bbox 944 4138 1088 4216; x_wconf 88' lang='lat' dir='ltr'>Dei,</span> <span class='ocrx_word' id='word_1_202' title='bbox 1154 4149 1214 4203; x_wconf 87' lang='lat' dir='ltr'>et</span> <span class='ocrx_word' id='word_1_203' title='bbox 1280 4140 1661 4207; x_wconf 82' lang='lat' dir='ltr'>custodiunt</span> <span class='ocrx_word' id='word_1_204' title='bbox 1731 4143 1810 4206; x_wconf 87' lang='lat' dir='ltr'>il-</span> 
     </span>
     <span class='ocr_line' id='line_1_34' title="bbox 150 4253 1806 4340; baseline 0.005 -25"><span class='ocrx_word' id='word_1_205' title='bbox 150 4282 193 4315; x_wconf 64' lang='lat' dir='ltr'>u</span> <span class='ocrx_word' id='word_1_206' title='bbox 256 4253 395 4333; x_wconf 87' lang='lat' dir='ltr'>lud,</span> <span class='ocrx_word' id='word_1_207' title='bbox 436 4268 564 4322; x_wconf 91' lang='lat' dir='ltr'>etc.</span> <span class='ocrx_word' id='word_1_208' title='bbox 619 4256 697 4320; x_wconf 89' lang='lat' dir='ltr'>Et</span> <span class='ocrx_word' id='word_1_209' title='bbox 735 4266 908 4321; x_wconf 88' lang='lat' dir='ltr'>recte</span> <span class='ocrx_word' id='word_1_210' title='bbox 949 4255 1261 4340; x_wconf 92' lang='lat' dir='ltr'>probatur</span> <span class='ocrx_word' id='word_1_211' title='bbox 1299 4256 1693 4323; x_wconf 85' lang='lat' dir='ltr'>antecedens</span> <span class='ocrx_word' id='word_1_212' title='bbox 1727 4259 1806 4324; x_wconf 88' lang='lat' dir='ltr'>ab</span> 
     </span>
     <span class='ocr_line' id='line_1_35' title="bbox 150 4344 1806 4459; baseline 0.005 -27"><span class='ocrx_word' id='word_1_213' title='bbox 150 4344 208 4444; x_wconf 66' lang='lat'>&#39;1¹¹¹</span> <span class='ocrx_word' id='word_1_214' title='bbox 255 4370 482 4437; x_wconf 89' lang='lat' dir='ltr'>eadem</span> <span class='ocrx_word' id='word_1_215' title='bbox 538 4372 920 4443; x_wconf 88' lang='lat' dir='ltr'>auctoritate</span> <span class='ocrx_word' id='word_1_216' title='bbox 961 4371 1275 4457; x_wconf 87' lang='lat' dir='ltr'>Dionysii,</span> <span class='ocrx_word' id='word_1_217' title='bbox 1322 4373 1474 4457; x_wconf 89' lang='lat' dir='ltr'>quia</span> <span class='ocrx_word' id='word_1_218' title='bbox 1524 4375 1806 4459; x_wconf 88' lang='lat' dir='ltr'>Spiritus</span> 
     </span>
    </p>

    <p class='ocr_par' dir='ltr' id='par_1_7' title="bbox 150 4486 1812 5389">
     <span class='ocr_line' id='line_1_36' title="bbox 259 4486 1800 4575; baseline 0.005 -26"><span class='ocrx_word' id='word_1_219' title='bbox 259 4487 585 4573; x_wconf 61' lang='lat' dir='ltr'>angelici,</span> <span class='ocrx_word' id='word_1_220' title='bbox 652 4507 780 4575; x_wconf 90' lang='lat' dir='ltr'>quo</span> <span class='ocrx_word' id='word_1_221' title='bbox 839 4487 1050 4574; x_wconf 89' lang='lat' dir='ltr'>magis</span> <span class='ocrx_word' id='word_1_222' title='bbox 1098 4486 1414 4553; x_wconf 88' lang='lat' dir='ltr'>accedunt</span> <span class='ocrx_word' id='word_1_223' title='bbox 1452 4487 1532 4553; x_wconf 92' lang='lat' dir='ltr'>ad</span> <span class='ocrx_word' id='word_1_224' title='bbox 1573 4493 1800 4569; x_wconf 89' lang='lat' dir='ltr'>Deum,</span> 
     </span>
     <span class='ocr_line' id='line_1_37' title="bbox 257 4603 1805 4691; baseline 0.003 -25"><span class='ocrx_word' id='word_1_225' title='bbox 257 4622 331 4667; x_wconf 89' lang='lat' dir='ltr'>eo</span> <span class='ocrx_word' id='word_1_226' title='bbox 373 4605 587 4691; x_wconf 86' lang='lat' dir='ltr'>magis</span> <span class='ocrx_word' id='word_1_227' title='bbox 619 4603 1009 4690; x_wconf 90' lang='lat' dir='ltr'>participant</span> <span class='ocrx_word' id='word_1_228' title='bbox 1041 4604 1545 4689; x_wconf 74' lang='lat' dir='ltr'>perfectionem3</span> <span class='ocrx_word' id='word_1_229' title='bbox 1610 4618 1673 4672; x_wconf 89' lang='lat' dir='ltr'>et</span> <span class='ocrx_word' id='word_1_230' title='bbox 1713 4608 1805 4673; x_wconf 86' lang='lat' dir='ltr'>si-</span> 
     </span>
     <span class='ocr_line' id='line_1_38' title="bbox 259 4718 1809 4809; baseline 0.003 -27"><span class='ocrx_word' id='word_1_231' title='bbox 259 4718 502 4787; x_wconf 89' lang='lat' dir='ltr'>militer</span> <span class='ocrx_word' id='word_1_232' title='bbox 558 4718 870 4800; x_wconf 88' lang='lat' dir='ltr'>Ecclesia,</span> <span class='ocrx_word' id='word_1_233' title='bbox 953 4741 1082 4807; x_wconf 90' lang='lat' dir='ltr'>quo</span> <span class='ocrx_word' id='word_1_234' title='bbox 1164 4721 1595 4809; x_wconf 89' lang='lat' dir='ltr'>propinquior</span> <span class='ocrx_word' id='word_1_235' title='bbox 1669 4734 1809 4790; x_wconf 89' lang='lat' dir='ltr'>erat</span> 
     </span>
     <span class='ocr_line' id='line_1_39' title="bbox 260 4833 1812 4926; baseline 0.006 -29"><span class='ocrx_word' id='word_1_236' title='bbox 260 4833 540 4917; x_wconf 87' lang='lat' dir='ltr'>Christ0,</span> <span class='ocrx_word' id='word_1_237' title='bbox 577 4849 647 4903; x_wconf 91' lang='lat' dir='ltr'>ut</span> <span class='ocrx_word' id='word_1_238' title='bbox 676 4836 720 4902; x_wconf 93' lang='lat' dir='ltr'>ii</span> <span class='ocrx_word' id='word_1_239' title='bbox 775 4835 887 4923; x_wconf 91' lang='lat' dir='ltr'>qui</span> <span class='ocrx_word' id='word_1_240' title='bbox 930 4836 1254 4902; x_wconf 88' lang='lat' dir='ltr'>habebant</span> <span class='ocrx_word' id='word_1_241' title='bbox 1297 4837 1621 4925; x_wconf 87' lang='lat' dir='ltr'>primitias</span> <span class='ocrx_word' id='word_1_242' title='bbox 1671 4842 1812 4926; x_wconf 91' lang='lat' dir='ltr'>Spi-</span> 
     </span>
     <span class='ocr_line' id='line_1_40' title="bbox 163 4948 1810 5040; baseline 0.008 -29"><span class='ocrx_word' id='word_1_243' title='bbox 163 4948 453 5040; x_wconf 51' lang='lat' dir='ltr'>viaerituffi</span> <span class='ocrx_word' id='word_1_244' title='bbox 496 4975 572 5019; x_wconf 91' lang='lat' dir='ltr'>eo</span> <span class='ocrx_word' id='word_1_245' title='bbox 631 4952 843 5039; x_wconf 87' lang='lat' dir='ltr'>magis</span> <span class='ocrx_word' id='word_1_246' title='bbox 882 4953 1165 5038; x_wconf 77' lang='lat' dir='ltr'>perfecta</span> <span class='ocrx_word' id='word_1_247' title='bbox 1207 4952 1353 5019; x_wconf 83' lang='lat' dir='ltr'>fuit.</span> <span class='ocrx_word' id='word_1_248' title='bbox 1417 4956 1603 5034; x_wconf 88' lang='lat' dir='ltr'>Item,</span> <span class='ocrx_word' id='word_1_249' title='bbox 1670 4959 1810 5024; x_wconf 87' lang='lat' dir='ltr'>nul·</span> 
     </span>
     <span class='ocr_line' id='line_1_41' title="bbox 150 5051 1811 5164; baseline 0.007 -36"><span class='ocrx_word' id='word_1_250' title='bbox 150 5051 250 5164; x_wconf 58' lang='lat' dir='ltr'>{g}</span> <span class='ocrx_word' id='word_1_251' title='bbox 269 5063 398 5133; x_wconf 91' lang='lat' dir='ltr'>lum</span> <span class='ocrx_word' id='word_1_252' title='bbox 464 5079 702 5136; x_wconf 87' lang='lat' dir='ltr'>statum</span> <span class='ocrx_word' id='word_1_253' title='bbox 765 5069 832 5133; x_wconf 92' lang='lat' dir='ltr'>in</span> <span class='ocrx_word' id='word_1_254' title='bbox 898 5068 1005 5135; x_wconf 91' lang='lat' dir='ltr'>via</span> <span class='ocrx_word' id='word_1_255' title='bbox 1067 5069 1519 5154; x_wconf 84' lang='lat' dir='ltr'>perfectiorem</span> <span class='ocrx_word' id='word_1_256' title='bbox 1583 5072 1811 5140; x_wconf 87' lang='lat' dir='ltr'>habuit</span> 
     </span>
     <span class='ocr_line' id='line_1_42' title="bbox 150 5180 1812 5288; baseline 0.008 -47"><span class='ocrx_word' id='word_1_257' title='bbox 150 5180 490 5288; x_wconf 39' lang='grc' dir='ltr'>ΓΔῡὼνίιςο,</span> <span class='ocrx_word' id='word_1_258' title='bbox 542 5203 734 5271; x_wconf 91' lang='lat' dir='ltr'>quam</span> <span class='ocrx_word' id='word_1_259' title='bbox 811 5182 896 5249; x_wconf 92' lang='lat' dir='ltr'>sit</span> <span class='ocrx_word' id='word_1_260' title='bbox 953 5182 1085 5261; x_wconf 89' lang='lat' dir='ltr'>ille,</span> <span class='ocrx_word' id='word_1_261' title='bbox 1159 5184 1223 5248; x_wconf 92' lang='lat' dir='ltr'>in</span> <span class='ocrx_word' id='word_1_262' title='bbox 1285 5205 1414 5270; x_wconf 92' lang='lat' dir='ltr'>quo</span> <span class='ocrx_word' id='word_1_263' title='bbox 1481 5186 1641 5252; x_wconf 85' lang='lat' dir='ltr'>facta</span> <span class='ocrx_word' id='word_1_264' title='bbox 1711 5200 1812 5255; x_wconf 91' lang='lat' dir='ltr'>est</span> 
     </span>
     <span class='ocr_line' id='line_1_43' title="bbox 150 5300 1801 5389; baseline 0.008 -30"><span class='ocrx_word' id='word_1_265' title='bbox 150 5313 215 5370; x_wconf 71' lang='lat' dir='ltr'>‚me</span> <span class='ocrx_word' id='word_1_266' title='bbox 278 5309 475 5368; x_wconf 87' lang='lat' dir='ltr'>mater</span> <span class='ocrx_word' id='word_1_267' title='bbox 522 5300 659 5377; x_wconf 81' lang='lat' dir='ltr'>Dei,</span> <span class='ocrx_word' id='word_1_268' title='bbox 696 5300 1075 5387; x_wconf 85' lang='lat' dir='ltr'>concipiens</span> <span class='ocrx_word' id='word_1_269' title='bbox 1116 5301 1197 5367; x_wconf 88' lang='lat' dir='ltr'>de</span> <span class='ocrx_word' id='word_1_270' title='bbox 1234 5303 1479 5389; x_wconf 88' lang='lat' dir='ltr'>Spiritu</span> <span class='ocrx_word' id='word_1_271' title='bbox 1538 5317 1801 5384; x_wconf 82' lang='lat' dir='ltr'>sanct03</span> 
     </span>
    </p>
   </div>
   <div class='ocr_carea' id='block_1_6' title="bbox 150 5377 1807 5619">
    <p class='ocr_par' dir='ltr' id='par_1_8' title="bbox 150 5377 1807 5619">
     <span class='ocr_line' id='line_1_44' title="bbox 150 5377 1807 5505; baseline 0.01 -30"><span class='ocrx_word' id='word_1_272' title='bbox 150 5377 177 5412; x_wconf 48' lang='grc' dir='ltr'>ι’</span> <span class='ocrx_word' id='word_1_273' title='bbox 278 5411 485 5483; x_wconf 90' lang='lat' dir='ltr'>decuit</span> <span class='ocrx_word' id='word_1_274' title='bbox 531 5438 689 5505; x_wconf 87' lang='lat' dir='ltr'>ergo</span> <span class='ocrx_word' id='word_1_275' title='bbox 731 5438 874 5483; x_wconf 91' lang='lat' dir='ltr'>eam</span> <span class='ocrx_word' id='word_1_276' title='bbox 915 5428 1070 5484; x_wconf 90' lang='lat' dir='ltr'>tunc</span> <span class='ocrx_word' id='word_1_277' title='bbox 1118 5418 1561 5505; x_wconf 83' lang='lat' dir='ltr'>dignificatam</span> <span class='ocrx_word' id='word_1_278' title='bbox 1605 5422 1807 5492; x_wconf 78' lang='lat' dir='ltr'>fuisse</span> 
     </span>
     <span class='ocr_line' id='line_1_45' title="bbox 283 5529 1321 5619; baseline 0.008 -29"><span class='ocrx_word' id='word_1_279' title='bbox 283 5542 528 5597; x_wconf 80' lang='lat' dir='ltr'>summa</span> <span class='ocrx_word' id='word_1_280' title='bbox 565 5531 776 5619; x_wconf 84' lang='lat' dir='ltr'>gratia</span> <span class='ocrx_word' id='word_1_281' title='bbox 814 5530 937 5616; x_wconf 83' lang='lat' dir='ltr'>ipsi</span> <span class='ocrx_word' id='word_1_282' title='bbox 977 5529 1321 5598; x_wconf 87' lang='lat' dir='ltr'>destinata.</span> 
     </span>
    </p>
   </div>
   <div class='ocr_carea' id='block_1_7' title="bbox 150 3608 210 3647">
    <p class='ocr_par' dir='ltr' id='par_1_9' title="bbox 150 3608 210 3647">
     <span class='ocr_line' id='line_1_46' title="bbox 150 3608 210 3647; baseline 0.083 -5"><span class='ocrx_word' id='word_1_283' title='bbox 150 3608 210 3647; x_wconf 72' lang='lat' dir='ltr'>lr-</span> 
     </span>
    </p>
   </div>
   <div class='ocr_carea' id='block_1_8' title="bbox 3362 364 3478 429">
    <p class='ocr_par' dir='ltr' id='par_1_10' title="bbox 3362 364 3478 429">
     <span class='ocr_line' id='line_1_47' title="bbox 3362 364 3478 429; baseline -0.017 0"><span class='ocrx_word' id='word_1_284' title='bbox 3362 364 3478 429; x_wconf 75' lang='lat'>459</span> 
     </span>
    </p>
   </div>
   <div class='ocr_carea' id='block_1_9' title="bbox 1905 533 3818 5625">
    <p class='ocr_par' dir='ltr' id='par_1_11' title="bbox 1905 533 3818 5252">
     <span class='ocr_line' id='line_1_48' title="bbox 1994 533 3464 605; baseline -0.01 0"><span class='ocrx_word' id='word_1_285' title='bbox 1994 538 2327 605; x_wconf 84' lang='lat' dir='ltr'>Accedunt</span> <span class='ocrx_word' id='word_1_286' title='bbox 2394 537 2473 604; x_wconf 94' lang='lat' dir='ltr'>ad</span> <span class='ocrx_word' id='word_1_287' title='bbox 2548 536 2673 602; x_wconf 89' lang='lat' dir='ltr'>hoc</span> <span class='ocrx_word' id='word_1_288' title='bbox 2723 533 3142 601; x_wconf 89' lang='lat' dir='ltr'>auctoritates</span> <span class='ocrx_word' id='word_1_289' title='bbox 3205 537 3464 595; x_wconf 89' lang='lat' dir='ltr'>sancto-</span> 
     </span>
     <span class='ocr_line' id='line_1_49' title="bbox 1907 644 3465 740; baseline -0.008 -20"><span class='ocrx_word' id='word_1_290' title='bbox 1907 675 2049 720; x_wconf 91' lang='lat' dir='ltr'>rum</span> <span class='ocrx_word' id='word_1_291' title='bbox 2093 657 2382 731; x_wconf 87' lang='lat' dir='ltr'>Patrum,</span> <span class='ocrx_word' id='word_1_292' title='bbox 2422 653 2532 740; x_wconf 89' lang='lat' dir='ltr'>qui</span> <span class='ocrx_word' id='word_1_293' title='bbox 2573 671 2840 719; x_wconf 82' lang='lat' dir='ltr'>causam</span> <span class='ocrx_word' id='word_1_294' title='bbox 2891 659 3089 715; x_wconf 79' lang='lat' dir='ltr'>tantae</span> <span class='ocrx_word' id='word_1_295' title='bbox 3128 645 3358 733; x_wconf 68' lang='lat' dir='ltr'>gratiae</span> <span class='ocrx_word' id='word_1_296' title='bbox 3398 644 3465 708; x_wconf 92' lang='lat' dir='ltr'>in</span> 
     </span>
     <span class='ocr_line' id='line_1_50' title="bbox 1909 759 3459 858; baseline -0.008 -22"><span class='ocrx_word' id='word_1_297' title='bbox 1909 772 2046 858; x_wconf 87' lang='lat' dir='ltr'>ipsa</span> <span class='ocrx_word' id='word_1_298' title='bbox 2125 770 2468 856; x_wconf 87' lang='lat' dir='ltr'>assignant</span> <span class='ocrx_word' id='word_1_299' title='bbox 2548 768 3040 853; x_wconf 90' lang='lat' dir='ltr'>conceptionem</span> <span class='ocrx_word' id='word_1_300' title='bbox 3139 761 3284 828; x_wconf 89' lang='lat' dir='ltr'>Filii</span> <span class='ocrx_word' id='word_1_301' title='bbox 3323 759 3459 838; x_wconf 90' lang='lat' dir='ltr'>Dei,</span> 
     </span>
     <span class='ocr_line' id='line_1_51' title="bbox 1907 882 3466 970; baseline -0.007 -20"><span class='ocrx_word' id='word_1_302' title='bbox 1907 885 2082 970; x_wconf 88' lang='lat' dir='ltr'>quia,</span> <span class='ocrx_word' id='word_1_303' title='bbox 2142 896 2211 950; x_wconf 92' lang='lat' dir='ltr'>ut</span> <span class='ocrx_word' id='word_1_304' title='bbox 2253 883 2411 950; x_wconf 89' lang='lat' dir='ltr'>dicit</span> <span class='ocrx_word' id='word_1_305' title='bbox 2468 882 2839 950; x_wconf 90' lang='lat' dir='ltr'>Bernardus</span> <span class='ocrx_word' id='word_1_306' title='bbox 2897 882 3072 947; x_wconf 81' lang='lat' dir='ltr'>hom.</span> <span class='ocrx_word' id='word_1_307' title='bbox 3130 882 3194 943; x_wconf 88' lang='lat'>3.</span> <span class='ocrx_word' id='word_1_308' title='bbox 3264 894 3466 961; x_wconf 84' lang='lat' dir='ltr'>super</span> 
     </span>
     <span class='ocr_line' id='line_1_52' title="bbox 1908 992 3467 1086; baseline -0.006 -21"><span class='ocrx_word' id='word_1_309' title='bbox 1908 1002 2148 1066; x_wconf 85' lang='lat' dir='ltr'>Missus</span> <span class='ocrx_word' id='word_1_310' title='bbox 2233 1012 2366 1066; x_wconf 85' lang='lat' dir='ltr'>est:</span> <span class='ocrx_word' id='word_1_311' title='bbox 2440 1001 2768 1086; x_wconf 74' lang='lat' dir='ltr'>Leqimus,</span> <span class='ocrx_word' id='word_1_312' title='bbox 2832 996 3071 1085; x_wconf 91' lang='lat' dir='ltr'>inquit,</span> <span class='ocrx_word' id='word_1_313' title='bbox 3144 997 3218 1060; x_wconf 82' lang='lat' dir='ltr'>iu</span> <span class='ocrx_word' id='word_1_314' title='bbox 3283 992 3467 1058; x_wconf 83' lang='lat' dir='ltr'>Actis</span> 
     </span>
     <span class='ocr_line' id='line_1_53' title="bbox 1909 1113 3464 1204; baseline -0.005 -22"><span class='ocrx_word' id='word_1_315' title='bbox 1909 1118 2396 1204; x_wconf 74' lang='lat' dir='ltr'>Apostolorum,</span> <span class='ocrx_word' id='word_1_316' title='bbox 2433 1126 2495 1181; x_wconf 89' lang='lat' dir='ltr'>et</span> <span class='ocrx_word' id='word_1_317' title='bbox 2535 1117 2949 1202; x_wconf 81' lang='lat' dir='ltr'>Stephanum</span> <span class='ocrx_word' id='word_1_318' title='bbox 2987 1113 3258 1199; x_wconf 85' lang='lat' dir='ltr'>plenum</span> <span class='ocrx_word' id='word_1_319' title='bbox 3305 1131 3464 1197; x_wconf 71' lang='lat' dir='ltr'>yra-</span> 
     </span>
     <span class='ocr_line' id='line_1_54' title="bbox 1910 1230 3467 1319; baseline -0.004 -21"><span class='ocrx_word' id='word_1_320' title='bbox 1910 1235 2028 1312; x_wconf 86' lang='lat' dir='ltr'>tia,</span> <span class='ocrx_word' id='word_1_321' title='bbox 2086 1244 2145 1299; x_wconf 88' lang='lat' dir='ltr'>et</span> <span class='ocrx_word' id='word_1_322' title='bbox 2196 1235 2522 1319; x_wconf 83' lang='lat' dir='ltr'>Apotolos</span> <span class='ocrx_word' id='word_1_323' title='bbox 2587 1233 2795 1316; x_wconf 79' lang='lat' dir='ltr'>fuisse</span> <span class='ocrx_word' id='word_1_324' title='bbox 2859 1231 3143 1316; x_wconf 83' lang='lat' dir='ltr'>repletos</span> <span class='ocrx_word' id='word_1_325' title='bbox 3200 1230 3467 1314; x_wconf 77' lang='lat' dir='ltr'>Spiritu</span> 
     </span>
     <span class='ocr_line' id='line_1_55' title="bbox 1905 1343 3449 1435; baseline -0.003 -23"><span class='ocrx_word' id='word_1_326' title='bbox 1905 1360 2178 1428; x_wconf 82' lang='lat' dir='ltr'>sancto;</span> <span class='ocrx_word' id='word_1_327' title='bbox 2233 1348 2349 1414; x_wconf 81' lang='lat' dir='ltr'>secl</span> <span class='ocrx_word' id='word_1_328' title='bbox 2409 1350 2600 1435; x_wconf 73' lang='lat' dir='ltr'>lonye</span> <span class='ocrx_word' id='word_1_329' title='bbox 2639 1347 3067 1412; x_wconf 75' lang='lat' dir='ltr'>dissimiliter</span> <span class='ocrx_word' id='word_1_330' title='bbox 3125 1366 3168 1409; x_wconf 90' lang='lat' dir='ltr'>a</span> <span class='ocrx_word' id='word_1_331' title='bbox 3207 1343 3449 1422; x_wconf 79' lang='lat' dir='ltr'>Maria,</span> 
     </span>
     <span class='ocr_line' id='line_1_56' title="bbox 1906 1458 3461 1550; baseline -0.005 -21"><span class='ocrx_word' id='word_1_332' title='bbox 1906 1465 2123 1529; x_wconf 77' lang='lat' dir='ltr'>necin</span> <span class='ocrx_word' id='word_1_333' title='bbox 2155 1464 2495 1550; x_wconf 83' lang='lat' dir='ltr'>Stephano</span> <span class='ocrx_word' id='word_1_334' title='bbox 2524 1461 2852 1528; x_wconf 84' lang='lat' dir='ltr'>habitavit</span> <span class='ocrx_word' id='word_1_335' title='bbox 2891 1458 3242 1547; x_wconf 81' lang='lat' dir='ltr'>plenitudo</span> <span class='ocrx_word' id='word_1_336' title='bbox 3288 1458 3461 1523; x_wconf 87' lang='lat' dir='ltr'>divi-</span> 
     </span>
     <span class='ocr_line' id='line_1_57' title="bbox 1909 1575 3466 1666; baseline -0.004 -21"><span class='ocrx_word' id='word_1_337' title='bbox 1909 1581 2142 1645; x_wconf 78' lang='lat' dir='ltr'>nitatis</span> <span class='ocrx_word' id='word_1_338' title='bbox 2163 1581 2625 1666; x_wconf 79' lang='lat' dir='ltr'>corporaliter,</span> <span class='ocrx_word' id='word_1_339' title='bbox 2656 1575 3206 1665; x_wconf 80' lang='lat' dir='ltr'>quemadmodum</span> <span class='ocrx_word' id='word_1_340' title='bbox 3230 1576 3305 1639; x_wconf 83' lang='lat' dir='ltr'>in</span> <span class='ocrx_word' id='word_1_341' title='bbox 3332 1575 3466 1639; x_wconf 83' lang='grc' dir='ltr'>Μα-</span> 
     </span>
     <span class='ocr_line' id='line_1_58' title="bbox 1910 1690 3467 1780; baseline -0.003 -21"><span class='ocrx_word' id='word_1_342' title='bbox 1910 1696 2039 1772; x_wconf 89' lang='lat' dir='ltr'>ria,</span> <span class='ocrx_word' id='word_1_343' title='bbox 2095 1716 2213 1760; x_wconf 83' lang='lat' dir='ltr'>nec</span> <span class='ocrx_word' id='word_1_344' title='bbox 2244 1695 2545 1780; x_wconf 78' lang='lat' dir='ltr'>Apostoli</span> <span class='ocrx_word' id='word_1_345' title='bbox 2589 1702 3029 1778; x_wconf 84' lang='lat' dir='ltr'>conceperunt</span> <span class='ocrx_word' id='word_1_346' title='bbox 3080 1690 3161 1756; x_wconf 88' lang='lat' dir='ltr'>de</span> <span class='ocrx_word' id='word_1_347' title='bbox 3195 1691 3467 1777; x_wconf 79' lang='lat' dir='ltr'>Spiritu</span> 
     </span>
     <span class='ocr_line' id='line_1_59' title="bbox 1908 1806 3460 1898; baseline -0.001 -23"><span class='ocrx_word' id='word_1_348' title='bbox 1908 1824 2157 1890; x_wconf 80' lang='lat' dir='ltr'>sancta,</span> <span class='ocrx_word' id='word_1_349' title='bbox 2196 1811 2517 1898; x_wconf 83' lang='lat' dir='ltr'>quomodo</span> <span class='ocrx_word' id='word_1_350' title='bbox 2561 1808 2803 1888; x_wconf 86' lang='lat' dir='ltr'>Maria,</span> <span class='ocrx_word' id='word_1_351' title='bbox 2851 1821 2974 1875; x_wconf 88' lang='lat' dir='ltr'>etc.</span> <span class='ocrx_word' id='word_1_352' title='bbox 3041 1806 3224 1873; x_wconf 90' lang='lat' dir='ltr'>Unde</span> <span class='ocrx_word' id='word_1_353' title='bbox 3264 1827 3460 1874; x_wconf 79' lang='lat' dir='ltr'>serm.</span> 
     </span>
     <span class='ocr_line' id='line_1_60' title="bbox 1913 1923 3462 2012; baseline -0.003 -20"><span class='ocrx_word' id='word_1_354' title='bbox 1913 1929 2022 1992; x_wconf 83' lang='lat'>61.</span> <span class='ocrx_word' id='word_1_355' title='bbox 2093 1926 2174 1993; x_wconf 87' lang='lat' dir='ltr'>de</span> <span class='ocrx_word' id='word_1_356' title='bbox 2225 1926 2537 2012; x_wconf 84' lang='lat' dir='ltr'>Virgine:</span> <span class='ocrx_word' id='word_1_357' title='bbox 2610 1924 2799 2001; x_wconf 84' lang='lat' dir='ltr'>Quod</span> <span class='ocrx_word' id='word_1_358' title='bbox 2848 1924 3153 2009; x_wconf 76' lang='lat' dir='ltr'>scamina,</span> <span class='ocrx_word' id='word_1_359' title='bbox 3223 1923 3462 2009; x_wconf 90' lang='lat' dir='ltr'>inquit,</span> 
     </span>
     <span class='ocr_line' id='line_1_61' title="bbox 1913 2041 3468 2128; baseline -0.003 -20"><span class='ocrx_word' id='word_1_360' title='bbox 1913 2045 2287 2128; x_wconf 78' lang='lat' dir='ltr'>conciperet</span> <span class='ocrx_word' id='word_1_361' title='bbox 2334 2044 2559 2120; x_wconf 85' lang='lat' dir='ltr'>Deum,</span> <span class='ocrx_word' id='word_1_362' title='bbox 2602 2052 2716 2120; x_wconf 86' lang='lat' dir='ltr'>est,</span> <span class='ocrx_word' id='word_1_363' title='bbox 2764 2051 2824 2105; x_wconf 88' lang='lat' dir='ltr'>et</span> <span class='ocrx_word' id='word_1_364' title='bbox 2876 2041 3015 2125; x_wconf 84' lang='lat' dir='ltr'>suit</span> <span class='ocrx_word' id='word_1_365' title='bbox 3064 2041 3468 2105; x_wconf 80' lang='lat' dir='ltr'>miraculum</span> 
     </span>
     <span class='ocr_line' id='line_1_62' title="bbox 1914 2157 3466 2244; baseline -0.004 -17"><span class='ocrx_word' id='word_1_366' title='bbox 1914 2162 2414 2239; x_wconf 82' lang='lat' dir='ltr'>miraculorum,</span> <span class='ocrx_word' id='word_1_367' title='bbox 2471 2171 2594 2226; x_wconf 86' lang='lat' dir='ltr'>etc.</span> <span class='ocrx_word' id='word_1_368' title='bbox 2654 2157 2995 2244; x_wconf 85' lang='lat' dir='ltr'>Proposuit</span> <span class='ocrx_word' id='word_1_369' title='bbox 3050 2177 3285 2241; x_wconf 90' lang='lat' dir='ltr'>nempe</span> <span class='ocrx_word' id='word_1_370' title='bbox 3339 2176 3466 2221; x_wconf 91' lang='lat' dir='ltr'>non</span> 
     </span>
     <span class='ocr_line' id='line_1_63' title="bbox 1918 2273 3468 2361; baseline -0.004 -18"><span class='ocrx_word' id='word_1_371' title='bbox 1918 2277 2122 2343; x_wconf 82' lang='lat' dir='ltr'>fuisse</span> <span class='ocrx_word' id='word_1_372' title='bbox 2146 2279 2407 2356; x_wconf 91' lang='lat' dir='ltr'>mirum,</span> <span class='ocrx_word' id='word_1_373' title='bbox 2445 2289 2514 2342; x_wconf 91' lang='lat' dir='ltr'>ut</span> <span class='ocrx_word' id='word_1_374' title='bbox 2546 2280 2714 2342; x_wconf 90' lang='lat' dir='ltr'>Deus</span> <span class='ocrx_word' id='word_1_375' title='bbox 2748 2276 2937 2340; x_wconf 90' lang='lat' dir='ltr'>Pater</span> <span class='ocrx_word' id='word_1_376' title='bbox 2981 2284 3327 2361; x_wconf 86' lang='lat' dir='ltr'>generaret</span> <span class='ocrx_word' id='word_1_377' title='bbox 3366 2273 3468 2337; x_wconf 85' lang='lat' dir='ltr'>Fi-</span> 
     </span>
     <span class='ocr_line' id='line_1_64' title="bbox 1915 2386 3461 2479; baseline -0.005 -21"><span class='ocrx_word' id='word_1_378' title='bbox 1915 2394 2100 2470; x_wconf 89' lang='lat' dir='ltr'>lium,</span> <span class='ocrx_word' id='word_1_379' title='bbox 2151 2393 2302 2479; x_wconf 92' lang='lat' dir='ltr'>quia</span> <span class='ocrx_word' id='word_1_380' title='bbox 2355 2390 2529 2457; x_wconf 91' lang='lat' dir='ltr'>nulla</span> <span class='ocrx_word' id='word_1_381' title='bbox 2581 2390 3040 2476; x_wconf 87' lang='lat' dir='ltr'>requirebatur</span> <span class='ocrx_word' id='word_1_382' title='bbox 3091 2386 3461 2473; x_wconf 85' lang='lat' dir='ltr'>dispositio,</span> 
     </span>
     <span class='ocr_line' id='line_1_65' title="bbox 1913 2502 3469 2591; baseline -0.004 -16"><span class='ocrx_word' id='word_1_383' title='bbox 1913 2530 2061 2576; x_wconf 91' lang='lat' dir='ltr'>cum</span> <span class='ocrx_word' id='word_1_384' title='bbox 2085 2509 2144 2574; x_wconf 90' lang='lat' dir='ltr'>ei</span> <span class='ocrx_word' id='word_1_385' title='bbox 2176 2530 2255 2574; x_wconf 84' lang='lat' dir='ltr'>ex</span> <span class='ocrx_word' id='word_1_386' title='bbox 2282 2520 2507 2573; x_wconf 90' lang='lat' dir='ltr'>natura</span> <span class='ocrx_word' id='word_1_387' title='bbox 2540 2507 2948 2586; x_wconf 89' lang='lat' dir='ltr'>conveniret,</span> <span class='ocrx_word' id='word_1_388' title='bbox 2987 2504 3101 2570; x_wconf 90' lang='lat' dir='ltr'>sed</span> <span class='ocrx_word' id='word_1_389' title='bbox 3136 2502 3307 2591; x_wconf 90' lang='lat' dir='ltr'>quod</span> <span class='ocrx_word' id='word_1_390' title='bbox 3353 2503 3469 2569; x_wconf 76' lang='lat' dir='ltr'>foe-</span> 
     </span>
     <span class='ocr_line' id='line_1_66' title="bbox 1916 2620 3462 2713; baseline -0.004 -21"><span class='ocrx_word' id='word_1_391' title='bbox 1916 2628 2087 2692; x_wconf 89' lang='lat' dir='ltr'>mina</span> <span class='ocrx_word' id='word_1_392' title='bbox 2126 2626 2498 2713; x_wconf 88' lang='lat' dir='ltr'>conciperet</span> <span class='ocrx_word' id='word_1_393' title='bbox 2545 2629 2771 2704; x_wconf 88' lang='lat' dir='ltr'>Deum,</span> <span class='ocrx_word' id='word_1_394' title='bbox 2824 2623 3027 2689; x_wconf 82' lang='lat' dir='ltr'>fuisse</span> <span class='ocrx_word' id='word_1_395' title='bbox 3073 2620 3462 2688; x_wconf 86' lang='lat' dir='ltr'>miraculum</span> 
     </span>
     <span class='ocr_line' id='line_1_67' title="bbox 1915 2738 3467 2826; baseline -0.004 -18"><span class='ocrx_word' id='word_1_396' title='bbox 1915 2742 2400 2821; x_wconf 86' lang='lat' dir='ltr'>miraculorum,</span> <span class='ocrx_word' id='word_1_397' title='bbox 2436 2755 2558 2809; x_wconf 89' lang='lat' dir='ltr'>etc.</span> <span class='ocrx_word' id='word_1_398' title='bbox 2603 2744 2681 2807; x_wconf 87' lang='lat' dir='ltr'>Et</span> <span class='ocrx_word' id='word_1_399' title='bbox 2720 2740 2939 2807; x_wconf 91' lang='lat' dir='ltr'>subdit</span> <span class='ocrx_word' id='word_1_400' title='bbox 2970 2738 3467 2826; x_wconf 88' lang='lat' dir='ltr'>dispositionem</span> 
     </span>
     <span class='ocr_line' id='line_1_68' title="bbox 1911 2855 3463 2942; baseline -0.005 -17"><span class='ocrx_word' id='word_1_401' title='bbox 1911 2860 1988 2925; x_wconf 90' lang='lat' dir='ltr'>ad</span> <span class='ocrx_word' id='word_1_402' title='bbox 2067 2861 2190 2925; x_wconf 90' lang='lat' dir='ltr'>hoc</span> <span class='ocrx_word' id='word_1_403' title='bbox 2259 2857 2693 2925; x_wconf 88' lang='lat' dir='ltr'>necessariam</span> <span class='ocrx_word' id='word_1_404' title='bbox 2764 2880 2780 2923; x_wconf 72' lang='grc' dir='ltr'>ε</span> <span class='ocrx_word' id='word_1_405' title='bbox 2853 2857 3168 2942; x_wconf 88' lang='lat' dir='ltr'>Oportuit</span> <span class='ocrx_word' id='word_1_406' title='bbox 3259 2855 3463 2936; x_wconf 81' lang='lat' dir='ltr'>enim,</span> 
     </span>
     <span class='ocr_line' id='line_1_69' title="bbox 1916 2972 3467 3063; baseline -0.004 -22"><span class='ocrx_word' id='word_1_407' title='bbox 1916 2976 2151 3063; x_wconf 90' lang='lat' dir='ltr'>inquit,</span> <span class='ocrx_word' id='word_1_408' title='bbox 2233 2987 2301 3041; x_wconf 92' lang='lat' dir='ltr'>ut</span> <span class='ocrx_word' id='word_1_409' title='bbox 2347 2977 2442 3040; x_wconf 87' lang='lat' dir='ltr'>sic</span> <span class='ocrx_word' id='word_1_410' title='bbox 2508 2974 2756 3054; x_wconf 88' lang='lat' dir='ltr'>dicam,</span> <span class='ocrx_word' id='word_1_411' title='bbox 2803 2975 3155 3058; x_wconf 66' lang='lat' dir='ltr'>faeminam</span> <span class='ocrx_word' id='word_1_412' title='bbox 3210 2972 3467 3036; x_wconf 81' lang='lat' dir='ltr'>elevari</span> 
     </span>
     <span class='ocr_line' id='line_1_70' title="bbox 1911 3089 3459 3179; baseline -0.004 -20"><span class='ocrx_word' id='word_1_413' title='bbox 1911 3094 2001 3159; x_wconf 90' lang='lat' dir='ltr'>ad</span> <span class='ocrx_word' id='word_1_414' title='bbox 2039 3092 2396 3179; x_wconf 83' lang='lat' dir='ltr'>quamdam</span> <span class='ocrx_word' id='word_1_415' title='bbox 2426 3093 2619 3178; x_wconf 81' lang='lat' dir='ltr'>quasi</span> <span class='ocrx_word' id='word_1_416' title='bbox 2648 3091 3095 3178; x_wconf 68' lang='lat' dir='ltr'>(equalitatem</span> <span class='ocrx_word' id='word_1_417' title='bbox 3131 3089 3459 3167; x_wconf 78' lang='lat' dir='ltr'>divinam,</span> 
     </span>
     <span class='ocr_line' id='line_1_71' title="bbox 1914 3208 3463 3299; baseline -0.004 -22"><span class='ocrx_word' id='word_1_418' title='bbox 1914 3234 2036 3299; x_wconf 89' lang='lat' dir='ltr'>per</span> <span class='ocrx_word' id='word_1_419' title='bbox 2091 3212 2447 3298; x_wconf 85' lang='lat' dir='ltr'>quamdam</span> <span class='ocrx_word' id='word_1_420' title='bbox 2500 3210 2901 3292; x_wconf 80' lang='lat' dir='ltr'>infinitatem</span> <span class='ocrx_word' id='word_1_421' title='bbox 2974 3208 3463 3295; x_wconf 81' lang='lat' dir='ltr'>perfectionum</span> 
     </span>
     <span class='ocr_line' id='line_1_72' title="bbox 1916 3330 3461 3414; baseline -0.005 -19"><span class='ocrx_word' id='word_1_422' title='bbox 1916 3339 1976 3395; x_wconf 91' lang='lat' dir='ltr'>et</span> <span class='ocrx_word' id='word_1_423' title='bbox 2039 3330 2439 3414; x_wconf 69' lang='lat' dir='ltr'>qratiarum,</span> <span class='ocrx_word' id='word_1_424' title='bbox 2496 3348 2689 3413; x_wconf 81' lang='lat' dir='ltr'>quam</span> <span class='ocrx_word' id='word_1_425' title='bbox 2751 3336 3060 3390; x_wconf 86' lang='lat' dir='ltr'>creatura</span> <span class='ocrx_word' id='word_1_426' title='bbox 3119 3343 3461 3410; x_wconf 81' lang='lat' dir='ltr'>nunquam</span> 
     </span>
     <span class='ocr_line' id='line_1_73' title="bbox 1917 3441 3818 3531; baseline -0.002 -23"><span class='ocrx_word' id='word_1_427' title='bbox 1917 3455 2193 3531; x_wconf 66' lang='lat' dir='ltr'>emperta</span> <span class='ocrx_word' id='word_1_428' title='bbox 2250 3455 2365 3510; x_wconf 89' lang='lat' dir='ltr'>est.</span> <span class='ocrx_word' id='word_1_429' title='bbox 2420 3443 2604 3509; x_wconf 87' lang='lat' dir='ltr'>Unde</span> <span class='ocrx_word' id='word_1_430' title='bbox 2673 3441 2775 3529; x_wconf 88' lang='lat' dir='ltr'>(ut</span> <span class='ocrx_word' id='word_1_431' title='bbox 2839 3441 3061 3527; x_wconf 88' lang='lat' dir='ltr'>credo)</span> <span class='ocrx_word' id='word_1_432' title='bbox 3119 3441 3208 3507; x_wconf 87' lang='lat' dir='ltr'>ad</span> <span class='ocrx_word' id='word_1_433' title='bbox 3265 3442 3454 3507; x_wconf 86' lang='lat' dir='ltr'>illam</span> <span class='ocrx_word' id='word_1_434' title='bbox 3490 3480 3818 3531; x_wconf 75' lang='lat' dir='ltr'>Abundantia</span> 
     </span>
     <span class='ocr_line' id='line_1_74' title="bbox 1917 3542 3805 3672; baseline -0.002 -45"><span class='ocrx_word' id='word_1_435' title='bbox 1917 3561 2221 3647; x_wconf 75' lang='lat' dir='ltr'>abyssum</span> <span class='ocrx_word' id='word_1_436' title='bbox 2266 3560 2943 3646; x_wconf 80' lang='lat' dir='ltr'>imperscrutabilium</span> <span class='ocrx_word' id='word_1_437' title='bbox 2981 3559 3455 3624; x_wconf 84' lang='lat' dir='ltr'>charismatum</span> <span class='ocrx_word' id='word_1_438' title='bbox 3516 3542 3805 3672; x_wconf 55' lang='lat' dir='ltr'>vggffis</span> 
     </span>
     <span class='ocr_line' id='line_1_75' title="bbox 1918 3674 3463 3764; baseline -0.004 -20"><span class='ocrx_word' id='word_1_439' title='bbox 1918 3678 2219 3764; x_wconf 87' lang='lat' dir='ltr'>Spiritus</span> <span class='ocrx_word' id='word_1_440' title='bbox 2247 3677 2483 3751; x_wconf 80' lang='lat' dir='ltr'>sancti,</span> <span class='ocrx_word' id='word_1_441' title='bbox 2523 3695 2667 3759; x_wconf 82' lang='lat' dir='ltr'>quae</span> <span class='ocrx_word' id='word_1_442' title='bbox 2697 3676 2773 3738; x_wconf 80' lang='lat' dir='ltr'>in</span> <span class='ocrx_word' id='word_1_443' title='bbox 2811 3675 3086 3738; x_wconf 88' lang='lat' dir='ltr'>Beatam</span> <span class='ocrx_word' id='word_1_444' title='bbox 3122 3674 3463 3759; x_wconf 69' lang='lat' dir='ltr'>Viryinem</span> 
     </span>
     <span class='ocr_line' id='line_1_76' title="bbox 1921 3789 3464 3876; baseline -0.002 -19"><span class='ocrx_word' id='word_1_445' title='bbox 1921 3793 2400 3858; x_wconf 77' lang='lat' dir='ltr'>descenderunt</span> <span class='ocrx_word' id='word_1_446' title='bbox 2448 3792 2521 3855; x_wconf 78' lang='lat' dir='ltr'>iu</span> <span class='ocrx_word' id='word_1_447' title='bbox 2567 3793 2733 3856; x_wconf 73' lang='lat' dir='ltr'>liora</span> <span class='ocrx_word' id='word_1_448' title='bbox 2789 3789 3044 3857; x_wconf 81' lang='lat' dir='ltr'>diviuoe</span> <span class='ocrx_word' id='word_1_449' title='bbox 3111 3791 3464 3876; x_wconf 79' lang='lat' dir='ltr'>Concepti-</span> 
     </span>
     <span class='ocr_line' id='line_1_77' title="bbox 1921 3905 3467 3992; baseline -0.003 -16"><span class='ocrx_word' id='word_1_450' title='bbox 1921 3911 2090 3988; x_wconf 79' lang='lat' dir='ltr'>ouis,</span> <span class='ocrx_word' id='word_1_451' title='bbox 2147 3908 2514 3973; x_wconf 80' lang='lat' dir='ltr'>intellectus</span> <span class='ocrx_word' id='word_1_452' title='bbox 2572 3907 2922 3984; x_wconf 60' lang='lat' dir='ltr'>humanust,</span> <span class='ocrx_word' id='word_1_453' title='bbox 2971 3905 3075 3971; x_wconf 84' lang='lat' dir='ltr'>vel</span> <span class='ocrx_word' id='word_1_454' title='bbox 3114 3907 3467 3992; x_wconf 77' lang='lat' dir='ltr'>Anqelicus</span> 
     </span>
     <span class='ocr_line' id='line_1_78' title="bbox 1921 4021 3467 4110; baseline -0.003 -20"><span class='ocrx_word' id='word_1_455' title='bbox 1921 4046 2262 4110; x_wconf 71' lang='lat' dir='ltr'>utinquam</span> <span class='ocrx_word' id='word_1_456' title='bbox 2325 4032 2685 4109; x_wconf 81' lang='lat' dir='ltr'>potuerunt</span> <span class='ocrx_word' id='word_1_457' title='bbox 2750 4023 3103 4107; x_wconf 56' lang='lat' dir='ltr'>attium-re,</span> <span class='ocrx_word' id='word_1_458' title='bbox 3175 4033 3297 4088; x_wconf 90' lang='lat' dir='ltr'>etc.</span> <span class='ocrx_word' id='word_1_459' title='bbox 3353 4021 3467 4086; x_wconf 89' lang='lat' dir='ltr'>Vi-</span> 
     </span>
     <span class='ocr_line' id='line_1_79' title="bbox 1922 4139 3470 4224; baseline -0.002 -18"><span class='ocrx_word' id='word_1_460' title='bbox 1922 4140 2197 4207; x_wconf 87' lang='lat' dir='ltr'>deantur</span> <span class='ocrx_word' id='word_1_461' title='bbox 2271 4139 2683 4224; x_wconf 80' lang='lat' dir='ltr'>expositores</span> <span class='ocrx_word' id='word_1_462' title='bbox 2743 4139 2807 4203; x_wconf 91' lang='lat' dir='ltr'>in</span> <span class='ocrx_word' id='word_1_463' title='bbox 2889 4143 3079 4204; x_wconf 87' lang='lat' dir='ltr'>Lucae</span> <span class='ocrx_word' id='word_1_464' title='bbox 3134 4142 3192 4203; x_wconf 87' lang='lat'>1.</span> <span class='ocrx_word' id='word_1_465' title='bbox 3270 4157 3470 4224; x_wconf 87' lang='lat' dir='ltr'>super</span> 
     </span>
     <span class='ocr_line' id='line_1_80' title="bbox 1921 4253 3466 4341; baseline -0.002 -20"><span class='ocrx_word' id='word_1_466' title='bbox 1921 4257 2051 4334; x_wconf 91' lang='lat' dir='ltr'>illa,</span> <span class='ocrx_word' id='word_1_467' title='bbox 2089 4257 2313 4341; x_wconf 70' lang='lat' dir='ltr'>qratia</span> <span class='ocrx_word' id='word_1_468' title='bbox 2344 4255 2568 4341; x_wconf 83' lang='lat' dir='ltr'>plena,</span> <span class='ocrx_word' id='word_1_469' title='bbox 2617 4267 2681 4320; x_wconf 91' lang='lat' dir='ltr'>et</span> <span class='ocrx_word' id='word_1_470' title='bbox 2722 4254 2787 4319; x_wconf 94' lang='lat' dir='ltr'>in</span> <span class='ocrx_word' id='word_1_471' title='bbox 2818 4253 3154 4340; x_wconf 89' lang='lat' dir='ltr'>opusculis</span> <span class='ocrx_word' id='word_1_472' title='bbox 3204 4265 3269 4319; x_wconf 90' lang='lat' dir='ltr'>et</span> <span class='ocrx_word' id='word_1_473' title='bbox 3328 4274 3466 4319; x_wconf 90' lang='lat' dir='ltr'>ser-</span> 
     </span>
     <span class='ocr_line' id='line_1_81' title="bbox 1921 4369 3465 4456; baseline -0.003 -17"><span class='ocrx_word' id='word_1_474' title='bbox 1921 4371 2226 4439; x_wconf 88' lang='lat' dir='ltr'>monibus</span> <span class='ocrx_word' id='word_1_475' title='bbox 2300 4370 2378 4436; x_wconf 91' lang='lat' dir='ltr'>de</span> <span class='ocrx_word' id='word_1_476' title='bbox 2460 4370 2757 4456; x_wconf 85' lang='lat' dir='ltr'>Deipara.</span> <span class='ocrx_word' id='word_1_477' title='bbox 2846 4369 3152 4446; x_wconf 87' lang='lat' dir='ltr'>Quinimo</span> <span class='ocrx_word' id='word_1_478' title='bbox 3219 4369 3465 4435; x_wconf 89' lang='lat' dir='ltr'>nullam</span> 
     </span>
     <span class='ocr_line' id='line_1_82' title="bbox 1918 4485 3463 4576; baseline -0.004 -20"><span class='ocrx_word' id='word_1_479' title='bbox 1918 4488 2217 4576; x_wconf 86' lang='lat' dir='ltr'>agnoscit</span> <span class='ocrx_word' id='word_1_480' title='bbox 2265 4485 2551 4553; x_wconf 88' lang='lat' dir='ltr'>Ecclesia</span> <span class='ocrx_word' id='word_1_481' title='bbox 2594 4490 2908 4573; x_wconf 88' lang='lat' dir='ltr'>majorem</span> <span class='ocrx_word' id='word_1_482' title='bbox 2959 4485 3463 4572; x_wconf 82' lang='lat' dir='ltr'>praerogativam</span> 
     </span>
     <span class='ocr_line' id='line_1_83' title="bbox 1921 4600 3468 4690; baseline -0.001 -20"><span class='ocrx_word' id='word_1_483' title='bbox 1921 4605 1985 4670; x_wconf 91' lang='lat' dir='ltr'>in</span> <span class='ocrx_word' id='word_1_484' title='bbox 2034 4604 2332 4690; x_wconf 89' lang='lat' dir='ltr'>Virgine,</span> <span class='ocrx_word' id='word_1_485' title='bbox 2380 4622 2574 4689; x_wconf 85' lang='lat' dir='ltr'>quam</span> <span class='ocrx_word' id='word_1_486' title='bbox 2632 4601 3016 4687; x_wconf 89' lang='lat' dir='ltr'>concepisse</span> <span class='ocrx_word' id='word_1_487' title='bbox 3082 4600 3161 4669; x_wconf 90' lang='lat' dir='ltr'>de</span> <span class='ocrx_word' id='word_1_488' title='bbox 3219 4601 3468 4687; x_wconf 90' lang='lat' dir='ltr'>Spiritu</span> 
     </span>
     <span class='ocr_line' id='line_1_84' title="bbox 1920 4716 3466 4802; baseline -0.003 -17"><span class='ocrx_word' id='word_1_489' title='bbox 1920 4730 2144 4785; x_wconf 84' lang='lat' dir='ltr'>sancto</span> <span class='ocrx_word' id='word_1_490' title='bbox 2177 4717 2415 4782; x_wconf 89' lang='lat' dir='ltr'>Filium</span> <span class='ocrx_word' id='word_1_491' title='bbox 2449 4716 2560 4780; x_wconf 91' lang='lat' dir='ltr'>Dei</span> <span class='ocrx_word' id='word_1_492' title='bbox 2590 4739 2604 4793; x_wconf 89' lang='grc'><strong>;</strong></span> <span class='ocrx_word' id='word_1_493' title='bbox 2639 4716 2946 4802; x_wconf 88' lang='lat' dir='ltr'>congruit</span> <span class='ocrx_word' id='word_1_494' title='bbox 2975 4736 3158 4802; x_wconf 86' lang='lat' dir='ltr'>erg0,</span> <span class='ocrx_word' id='word_1_495' title='bbox 3198 4727 3266 4780; x_wconf 90' lang='lat' dir='ltr'>ut</span> <span class='ocrx_word' id='word_1_496' title='bbox 3299 4716 3365 4780; x_wconf 90' lang='lat' dir='ltr'>in</span> <span class='ocrx_word' id='word_1_497' title='bbox 3390 4736 3466 4781; x_wconf 90' lang='lat' dir='ltr'>eo</span> 
     </span>
     <span class='ocr_line' id='line_1_85' title="bbox 1922 4832 3467 4930; baseline -0.002 -29"><span class='ocrx_word' id='word_1_498' title='bbox 1922 4846 2094 4901; x_wconf 88' lang='lat' dir='ltr'>statu</span> <span class='ocrx_word' id='word_1_499' title='bbox 2160 4844 2219 4900; x_wconf 90' lang='lat' dir='ltr'>et</span> <span class='ocrx_word' id='word_1_500' title='bbox 2278 4834 2485 4921; x_wconf 86' lang='lat' dir='ltr'>gradu</span> <span class='ocrx_word' id='word_1_501' title='bbox 2520 4832 2938 4919; x_wconf 81' lang='lat' dir='ltr'>perfectionis</span> <span class='ocrx_word' id='word_1_502' title='bbox 2978 4853 3125 4898; x_wconf 89' lang='lat' dir='ltr'>eum</span> <span class='ocrx_word' id='word_1_503' title='bbox 3163 4832 3467 4930; x_wconf 79' lang='lat' dir='ltr'>concipe-</span> 
     </span>
     <span class='ocr_line' id='line_1_86' title="bbox 1922 4950 3466 5039; baseline -0.001 -22"><span class='ocrx_word' id='word_1_504' title='bbox 1922 4965 2042 5031; x_wconf 90' lang='lat' dir='ltr'>ret,</span> <span class='ocrx_word' id='word_1_505' title='bbox 2080 4972 2274 5039; x_wconf 91' lang='lat' dir='ltr'>quem</span> <span class='ocrx_word' id='word_1_506' title='bbox 2310 4951 2530 5016; x_wconf 92' lang='lat' dir='ltr'>nullus</span> <span class='ocrx_word' id='word_1_507' title='bbox 2565 4951 2735 5016; x_wconf 86' lang='lat' dir='ltr'>alius</span> <span class='ocrx_word' id='word_1_508' title='bbox 2776 4950 2842 5015; x_wconf 91' lang='lat' dir='ltr'>in</span> <span class='ocrx_word' id='word_1_509' title='bbox 2883 4950 2990 5015; x_wconf 91' lang='lat' dir='ltr'>via</span> <span class='ocrx_word' id='word_1_510' title='bbox 3020 4961 3084 5015; x_wconf 91' lang='lat' dir='ltr'>et</span> <span class='ocrx_word' id='word_1_511' title='bbox 3120 4950 3254 5015; x_wconf 87' lang='lat' dir='ltr'>vita</span> <span class='ocrx_word' id='word_1_512' title='bbox 3297 4970 3466 5015; x_wconf 92' lang='lat' dir='ltr'>mor-</span> 
     </span>
     <span class='ocr_line' id='line_1_87' title="bbox 1922 5065 3467 5153; baseline 0 -21"><span class='ocrx_word' id='word_1_513' title='bbox 1922 5067 2032 5132; x_wconf 86' lang='lat' dir='ltr'>tali</span> <span class='ocrx_word' id='word_1_514' title='bbox 2071 5069 2237 5153; x_wconf 76' lang='lat' dir='ltr'>eJuS,</span> <span class='ocrx_word' id='word_1_515' title='bbox 2283 5066 2646 5146; x_wconf 86' lang='lat' dir='ltr'>excederet,</span> <span class='ocrx_word' id='word_1_516' title='bbox 2688 5078 2756 5133; x_wconf 87' lang='lat' dir='ltr'>ut</span> <span class='ocrx_word' id='word_1_517' title='bbox 2786 5067 2850 5131; x_wconf 94' lang='lat' dir='ltr'>in</span> <span class='ocrx_word' id='word_1_518' title='bbox 2886 5065 3016 5133; x_wconf 89' lang='lat' dir='ltr'>illis</span> <span class='ocrx_word' id='word_1_519' title='bbox 3047 5067 3268 5133; x_wconf 88' lang='lat' dir='ltr'>verbis</span> <span class='ocrx_word' id='word_1_520' title='bbox 3301 5067 3467 5133; x_wconf 90' lang='lat' dir='ltr'>insi-</span> 
     </span>
     <span class='ocr_line' id='line_1_88' title="bbox 1924 5185 2514 5252; baseline -0.002 0"><span class='ocrx_word' id='word_1_521' title='bbox 1924 5199 2078 5252; x_wconf 91' lang='lat' dir='ltr'>nuat</span> <span class='ocrx_word' id='word_1_522' title='bbox 2120 5185 2514 5252; x_wconf 88' lang='lat' dir='ltr'>Bernardus.</span> 
     </span>
    </p>

    <p class='ocr_par' dir='ltr' id='par_1_12' title="bbox 1916 5284 3810 5625">
     <span class='ocr_line' id='line_1_89' title="bbox 2009 5284 3730 5410; baseline 0 -41"><span class='ocrx_word' id='word_1_523' title='bbox 2009 5303 2191 5369; x_wconf 88' lang='lat' dir='ltr'>Unde</span> <span class='ocrx_word' id='word_1_524' title='bbox 2230 5302 2343 5389; x_wconf 88' lang='lat' dir='ltr'>qui</span> <span class='ocrx_word' id='word_1_525' title='bbox 2383 5302 2609 5369; x_wconf 89' lang='lat' dir='ltr'>dicunt</span> <span class='ocrx_word' id='word_1_526' title='bbox 2648 5324 2786 5369; x_wconf 91' lang='lat' dir='ltr'>eam</span> <span class='ocrx_word' id='word_1_527' title='bbox 2833 5302 3178 5383; x_wconf 90' lang='lat' dir='ltr'>meruisse,</span> <span class='ocrx_word' id='word_1_528' title='bbox 3224 5316 3294 5369; x_wconf 91' lang='lat' dir='ltr'>ut</span> <span class='ocrx_word' id='word_1_529' title='bbox 3345 5304 3461 5379; x_wconf 84' lang='lat' dir='ltr'>fie-</span> <span class='ocrx_word' id='word_1_530' title='bbox 3581 5284 3730 5410; x_wconf 53' lang='grc' dir='ltr'>ἐξω</span> 
     </span>
     <span class='ocr_line' id='line_1_90' title="bbox 1918 5411 3810 5525; baseline 0.002 -40"><span class='ocrx_word' id='word_1_531' title='bbox 1918 5430 2015 5485; x_wconf 91' lang='lat' dir='ltr'>ret</span> <span class='ocrx_word' id='word_1_532' title='bbox 2082 5430 2287 5485; x_wconf 88' lang='lat' dir='ltr'>mater</span> <span class='ocrx_word' id='word_1_533' title='bbox 2327 5418 2463 5497; x_wconf 89' lang='lat' dir='ltr'>Dei,</span> <span class='ocrx_word' id='word_1_534' title='bbox 2508 5419 2612 5484; x_wconf 90' lang='lat' dir='ltr'>vel</span> <span class='ocrx_word' id='word_1_535' title='bbox 2652 5431 2825 5484; x_wconf 89' lang='lat' dir='ltr'>certe</span> <span class='ocrx_word' id='word_1_536' title='bbox 2877 5440 3026 5485; x_wconf 89' lang='lat' dir='ltr'>eum</span> <span class='ocrx_word' id='word_1_537' title='bbox 3095 5421 3459 5490; x_wconf 86' lang='lat' dir='ltr'>sanctitatis</span> <span class='ocrx_word' id='word_1_538' title='bbox 3489 5411 3810 5525; x_wconf 46' lang='lat' dir='ltr'>effirffiissr</span> 
     </span>
     <span class='ocr_line' id='line_1_91' title="bbox 1916 5534 3454 5625; baseline 0.003 -23"><span class='ocrx_word' id='word_1_539' title='bbox 1916 5534 2194 5623; x_wconf 87' lang='lat' dir='ltr'>gradum</span> <span class='ocrx_word' id='word_1_540' title='bbox 2235 5536 2557 5623; x_wconf 86' lang='lat' dir='ltr'>attigisse,</span> <span class='ocrx_word' id='word_1_541' title='bbox 2616 5537 2725 5625; x_wconf 91' lang='lat' dir='ltr'>qui</span> <span class='ocrx_word' id='word_1_542' title='bbox 2780 5535 3025 5623; x_wconf 91' lang='lat' dir='ltr'>dignus</span> <span class='ocrx_word' id='word_1_543' title='bbox 3082 5538 3206 5605; x_wconf 93' lang='lat' dir='ltr'>hoc</span> <span class='ocrx_word' id='word_1_544' title='bbox 3257 5539 3454 5625; x_wconf 85' lang='lat' dir='ltr'>privi-</span> 
     </span>
    </p>
   </div>
   <div class='ocr_carea' id='block_1_10' title="bbox 3497 956 3810 1008">
    <p class='ocr_par' dir='ltr' id='par_1_13' title="bbox 3497 956 3810 1008">
     <span class='ocr_line' id='line_1_92' title="bbox 3497 956 3810 1008; baseline -0.003 0"><span class='ocrx_word' id='word_1_545' title='bbox 3497 956 3810 1008; x_wconf 80' lang='lat' dir='ltr'>Beruardus.</span> 
     </span>
    </p>
   </div>
   <div class='ocr_carea' id='block_1_11' title="bbox 3582 5539 3701 5590">
    <p class='ocr_par' dir='ltr' id='par_1_14' title="bbox 3582 5539 3701 5590">
     <span class='ocr_line' id='line_1_93' title="bbox 3582 5539 3701 5590; baseline -0.017 0"><span class='ocrx_word' id='word_1_546' title='bbox 3582 5539 3701 5590; x_wconf 71' lang='lat' dir='ltr'>Dei.</span> 
     </span>
    </p>
   </div>
  </div>
 </body>
</html>
