4255 6375
711 375 833 444 250

722 543 1124 610 oblationem
1213 551 1540 616 internam
1640 571 1767 633 per
1858 557 2268 621 voluntatem

720 659 975 735 Christi,
1033 667 1102 725 tn
1170 683 1298 746 qua
1356 672 1655 745 primario
1743 676 2041 738 consistit
2115 673 2270 736 fun-

721 776 1104 842 damentum
1163 784 1376 845 meriti
1432 788 1616 866 ejus;
1668 804 1802 851 non
1874 793 1969 852 sic
2042 795 2268 852 autem

720 890 924 960 fuisse
1014 904 1405 973 praesentem
1472 908 1626 966 ante
1715 906 2261 968 incarnationem.

452 1014 630 1063 Passio
723 1009 907 1072 Unde
949 1017 1133 1090 patet
1188 1032 1319 1095 qua
1374 1021 1628 1083 ratione
1685 1024 1902 1101 passio
1961 1024 2266 1087 habuerit

412 1091 658 1202 {32⁸3ss
723 1126 1037 1192 influxum
1084 1132 1415 1198 diversum
1456 1139 1520 1200 in
1565 1140 1963 1216 Baptismum
2021 1143 2103 1206 ab
2155 1160 2261 1219 e0,

367 1201 689 1326 οωειιῗὲιιιοω,
724 1260 925 1322 quem
1009 1248 1233 1314 habuit
1298 1257 1364 1316 in
1435 1254 2031 1321 circumcisionem.
2109 1264 2261 1323 Haec

407 1331 637 1453 ascgssta-
719 1359 954 1423 solutio
1015 1371 1116 1426 est
1167 1371 1378 1447 magis
1434 1386 1518 1431 ex
1573 1374 1900 1436 sententia
1962 1376 2259 1440 Doctoris

435 1449 625 1563 “⁰3:³¹³
718 1475 802 1537 de
846 1479 1252 1545 institutione
1297 1485 1601 1564 Baptismi
1642 1496 1793 1552 ante
1858 1492 2258 1567 passionem,

364 1573 682 1690 laffiffgffiz-
713 1595 781 1654 in
824 1595 1225 1660 distinctione
1263 1605 1555 1679 sequenti
1606 1612 1823 1683 quaest.
1862 1610 1922 1668 4.
1959 1614 2037 1669 et
2080 1613 2258 1686 patet

478 1700 573 1753 nis.
710 1723 793 1769 ex
826 1726 931 1784 e0,
979 1714 1157 1791 quod
1204 1717 1509 1780 meritum
1565 1719 1797 1784 Christi
1854 1724 2141 1801 positum
2188 1726 2254 1787 in

707 1841 840 1886 esse
869 1830 1022 1888 ante
1055 1833 1425 1905 passionem
1469 1835 1772 1898 habuerit
1800 1839 2089 1903 valorem
2119 1859 2255 1904 me·

702 1938 892 2002 rendi
939 1946 1007 2003 et
1048 1943 1514 2021 satisfaciendi,
1569 1955 1673 2013 cui
1732 1953 2120 2017 inniteretur
2164 1956 2253 2019 ef-

703 2055 924 2121 flcacia
1010 2078 1442 2145 quaecumque
1516 2069 1852 2145 Baptismi,
1936 2077 2250 2154 tanquam

702 2189 913 2238 causae
960 2178 1184 2255 positae
1226 2187 1290 2243 et
1319 2189 1682 2260 acceptatae
1725 2194 1790 2250 et
1838 2191 2251 2267 superabun-

626 2367 631 2370 Π
702 2288 905 2363 danti,
939 2296 1012 2352 ut
1041 2299 1223 2370 patet
1255 2312 1336 2358 ex
1382 2301 1710 2363 communi
1745 2301 2061 2383 dogmate
2092 2305 2249 2372 fidei

701 2407 866 2467 circa
913 2410 1203 2473 valorem
1246 2427 1525 2489 operum
1582 2417 1808 2482 Christi
1853 2424 1917 2485 in
1963 2428 2245 2505 utroque

696 2538 971 2599 genere.
1051 2524 1231 2588 Unde
1300 2530 1367 2589 in
1424 2531 1767 2614 Extravag.
1853 2540 2240 2616 Unigenitus,

699 2641 830 2699 etc.
867 2639 1100 2701 dicitur
1138 2659 1270 2705 una
1313 2650 1495 2725 gutta
1542 2654 1881 2730 sanguinis
1914 2656 2058 2736 ejus
2094 2656 2240 2722 fusa

694 2753 778 2814 ob
835 2755 1147 2818 unionem
1201 2760 1677 2840 hypostaticam
1731 2770 2074 2836 suffecisse
2118 2792 2236 2853 pro

691 2869 1151 2950 redemptione
1210 2881 1407 2941 totius
1462 2882 1740 2958 mundi;
1813 2888 1939 2948 hoc
2012 2898 2236 2954 autem

688 2991 963 3069 contigit
1009 2991 1076 3052 in
1121 2992 1631 3060 circumcisione
1679 3001 1847 3080 eJus,
1881 3022 2027 3084 quae
2068 3024 2235 3085 prae-
2273 2999 2282 3008 ’

687 3082 902 3166 οθεείῐ
970 3106 1455 3172 institutionem
1536 3114 1869 3194 Baptismi.
1960 3121 2236 3189 Accedit

687 3220 866 3299 quod
935 3223 1075 3299 ipsa
1147 3228 1364 3301 passio
1426 3228 1570 3308 jam
1636 3232 1705 3294 in
1773 3240 2231 3314 acceptatione

686 3338 894 3416 posita
939 3339 1162 3416 fuerit,
1211 3349 1276 3404 et
1317 3344 1725 3422 inchoative;
1778 3352 1958 3415 unde
2005 3356 2230 3434 Bapti-

683 3470 867 3517 smus
923 3457 1002 3519 ab
1064 3458 1303 3522 eodem
1360 3468 1662 3528 mutuare
1721 3476 1946 3545 posset
2014 3471 2229 3536 effica-

685 3571 851 3632 ciam
901 3579 967 3635 et
1007 3574 1546 3655 significationem
1588 3568 1955 3664 mysticam,
2008 3595 2080 3651 ut
2118 3608 2224 3653 re·

686 3689 787 3746 cte
835 3687 1145 3764 baptizati
1173 3694 1239 3755 in
1273 3701 1548 3759 mortem
1593 3698 1846 3778 Christi,
1900 3708 1964 3766 et
2016 3707 2228 3782 passi-

686 3819 886 3871 onem
935 3805 1309 3871 dicerentur
1356 3813 1535 3894 tingi.

374 3925 612 4040 Sagiatta
764 3934 1071 3999 Secundo
1128 3939 1517 4007 insinuando
1585 3948 1776 4010 aliam
1831 3952 2226 4016 solutionem

356 4053 647 4115 responsio.
683 4052 1073 4130 respondet,
1134 4057 1314 4136 quod
1355 4061 1773 4128 Sacramenta
1830 4085 2010 4132 novae
2056 4071 2227 4152 legis

347 4113 497 4173 Quod
535 4115 626 4168 Sa-

362 4188 625 4289 cramssnta
682 4168 1001 4245 instituta,
1063 4168 1320 4237 vivente
1381 4177 1660 4256 Christo,
1723 4185 2046 4248 minorem
2101 4189 2220 4251 ha·

443 4255 564 4290 ane

347 4303 633 4375 passiopem
681 4286 946 4350 buerint
989 4290 1370 4369 efficaciam,
1430 4313 1629 4376 quam
1677 4306 1827 4379 post
1874 4304 2019 4384 ejus
2069 4325 2221 4385 pas-

391 4365 603 4484 ,ξζζῖᾞὲζ
681 4406 956 4477 sionem,
1022 4412 1241 4470 tamen
1290 4427 1424 4474 non
1455 4420 1557 4476 est
1603 4416 2102 4496 inconveniens,
2152 4432 2226 4487 ut

355 4493 617 4553 ‘'¹¹²⁰‘'*05ae‘
678 4517 921 4584 fuerint
967 4527 1122 4586 tunc
1165 4526 1486 4603 instituta,
1532 4506 1671 4594 non.
1697 4551 1816 4611 pro
1870 4541 2048 4613 tunc,
2096 4541 2220 4603 sed

676 4641 825 4713 post
895 4640 1042 4719 ejus
1094 4650 1377 4706 mortem
1432 4647 1730 4713 habitura
1793 4654 2218 4734 principalem

672 4752 1052 4817 efficaciam.
1123 4760 1266 4821 Haec
1320 4762 1556 4824 solutio
1614 4764 1895 4846 intelligi
1968 4779 2211 4849 potest,

667 4870 771 4932 vel
816 4868 902 4932 de
957 4871 1233 4937 efficatia
1283 4883 1593 4956 respectu
1640 4882 1889 4962 gratiae,
1936 4885 2214 4966 inquan-

665 4990 804 5049 tum
831 5005 966 5051 non
996 5002 1346 5057 causarent
1374 5012 1637 5059 omnem
1665 5003 1968 5078 gratiam,
2006 5021 2211 5083 quan-

666 5106 804 5164 tum
848 5102 932 5165 ad
993 5106 1277 5185 gradum
1329 5109 1752 5188 perfectionis
1810 5122 1877 5178 et
1938 5117 2211 5181 intensi·

662 5220 807 5279 onis
881 5226 1034 5283 ante
1106 5226 1503 5301 passionem,
1591 5232 1889 5308 quamvis
1968 5234 2208 5299 virtute

663 5337 1110 5408 continebant,
1161 5344 1415 5405 ratione
1444 5360 1581 5407 suae
1609 5348 2057 5425 institutionis,
2105 5351 2208 5415 ef-

661 5441 957 5507 ficaciam
1030 5448 1361 5524 eamdem,
1422 5452 1607 5531 cujus
1654 5455 1929 5521 effectus
1991 5460 2202 5523 abun-

666 5558 923 5625 dantior
950 5568 1015 5627 et
1038 5563 1391 5647 perfectior
1436 5573 1963 5654 suspendebatur
1990 5593 2206 5659 usque

1819 392 1965 458 ΜΒ.
1996 395 2100 460 lv,
2132 396 2730 466 sssN'rssN'rutRmt

2382 558 2467 622 ad
2510 563 2883 639 passionem
2915 568 2983 627 et
3015 569 3296 628 mortem
3342 564 3575 630 Christi
3620 568 3902 645 positam,

2375 693 2414 738 a
2449 677 2638 757 cujus
2669 681 3070 745 exhibitione
3117 682 3609 761 dependebant.

2456 795 2609 856 Haec
2651 795 2890 859 solutio
2930 798 3024 861 sic
3067 798 3426 873 intellecta,
3479 801 3731 890 mitigat
3769 818 3903 865 sen·

2377 909 2649 971 tentiam
2693 912 3140 990 quorumdam
3183 914 3466 992 Patrum,
3520 917 3629 995 qui
3673 923 3904 997 negant

2374 1022 2778 1102 Baptismum
2834 1026 3087 1103 Christi,
3157 1045 3282 1091 seu
3334 1031 3537 1107 illum,
3602 1049 3728 1110 quo
3772 1040 3902 1096 ute·

2372 1138 2613 1204 bantur
2708 1142 3009 1222 discipuli
3097 1146 3364 1210 dedisse
3432 1151 3762 1226 spiritum;
3816 1149 3890 1212 de

2371 1258 2609 1337 quibus
2663 1257 2831 1321 infra
2887 1263 3032 1323 disc.
3098 1265 3388 1341 sequenti
3450 1270 3671 1342 quaesl.
3726 1267 3786 1326 4.
3833 1253 4125 1381 Etfflffi}

2369 1375 2666 1453 quamvis
2713 1373 2878 1439 forte
2928 1395 3010 1440 ex
3044 1383 3368 1444 sententia
3419 1382 3736 1460 ipsorum,
3780 1401 3900 1445 non
3954 1399 4102 1506 mgna

2367 1489 2565 1554 fuerit
2627 1496 2991 1557 institutum
3051 1502 3204 1560 ante
3267 1501 3688 1577 passionem;
3756 1504 3896 1562 rati-
3970 1490 4100 1571 poertas

2368 1622 2532 1670 ones
2605 1612 2849 1683 tamen,
2929 1612 3167 1690 quibus
3236 1615 3626 1688 innituntur,
3693 1613 3900 1678 favent

2367 1726 2671 1799 praesenti
2710 1727 3040 1800 solutioni,
3080 1717 3226 1807 quia
3273 1747 3518 1808 nempe
3550 1732 3899 1808 Baptismus

2365 1837 2597 1900 Christi
2628 1857 2666 1902 a
2692 1842 3022 1919 passione,
3077 1850 3286 1907 morte
3320 1851 3388 1907 et
3426 1849 3898 1911 resurrectione

2363 1971 2498 2018 non
2547 1957 2763 2020 solum
2812 1960 3119 2036 praevisiS,
3186 1960 3311 2022 sed
3371 1964 3598 2040 positis
3646 1964 3713 2023 in
3759 1983 3897 2041 esse,

2360 2073 2666 2140 virtutem
2714 2091 2902 2137 suam
2947 2082 3015 2138 et
3057 2077 3415 2142 efficaciam
3458 2082 3823 2144 mutuabat.

2444 2186 2628 2249 Unde
2673 2190 2801 2251 Leo
2846 2189 3017 2269 Papa
3063 2195 3336 2270 epistola
3363 2198 3426 2258 4.
3457 2213 3599 2273 cap.
3636 2201 3697 2258 3.
3737 2202 3897 2275 post·
3921 2206 4002 2257 Leo
4028 2208 4122 2274 Papa.

2360 2319 2558 2380 quam
2603 2304 2763 2367 dixit
2819 2304 3095 2369 formam
3146 2317 3211 2372 et
3252 2318 3653 2389 potestatem
3698 2315 3894 2392 bapti·

2357 2417 2545 2481 zandi
2606 2421 2911 2485 traditam
2955 2422 3178 2516 fuisse·
3216 2425 3552 2506 discipulis
3605 2436 3759 2508 post
3797 2447 3895 2493 re·

2353 2537 2862 2614 surrectionem,
2928 2540 3196 2603 subdit:
3244 2545 3321 2605 de
3365 2560 3491 2620 quo
3534 2547 3760 2623 utique
3801 2564 3896 2608 eos

2352 2656 2499 2710 ante
2546 2655 2916 2726 passionem
2991 2661 3298 2733 potuisset
3371 2662 3712 2732 instruere,
3782 2664 3901 2722 uisi

2342 2769 2617 2840 proprie
2686 2769 2987 2831 voluisset
3052 2772 3332 2850 intelliyi
3395 2778 3892 2850 reyeneralionis

2344 2883 2636 2957 qratiam
2680 2901 2764 2944 ex
2792 2902 2912 2947 sua
2941 2891 3409 2951 resurrectione
3453 2892 3735 2966 coepisse,
3769 2907 3886 2953 etc.

2345 2999 2413 3055 et
2478 2997 2802 3074 Rupertus
2865 3001 3172 3062 eamdem
3230 3006 3550 3066 rationem
3620 3005 3887 3070 adducit
3935 3034 4117 3099 num·

2343 3110 2432 3173 lib
2466 3114 2546 3174 .3.
2599 3117 2667 3174 in
2694 3117 2884 3177 loen.
2920 3116 3314 3196 Supponunt
3356 3120 3879 3203 chrysostomus
3929 3098 4106 3149 (naum

3943 3162 4104 3215 Euthm.

2342 3228 2752 3309 EuthymiuS‚
2825 3233 3353 3315 Theophylactus
3416 3246 3482 3301 et
3557 3242 3882 3321 antiquior
3913 3215 4118 3341 ffffiss

2339 3343 2774 3408 Tertullianus
2808 3347 2914 3408 lib.
2950 3352 3029 3410 de
3074 3354 3394 3427 Baptismo
3436 3371 3581 3433 cap.
3635 3358 3734 3420 ll.
3784 3362 3879 3421 cui

2337 3457 2561 3522 favent
2606 3461 2711 3522 illa
2741 3465 2927 3525 Joan.
2961 3464 3021 3524 7.
3065 3467 3363 3529 Nondum
3411 3474 3704 3547 Spiritus
3751 3481 3884 3537 erat

2338 3580 2556 3652 datus,
2591 3581 2748 3656 quia
2772 3585 2956 3642 lesus
2982 3586 3262 3645 nondum
3291 3593 3426 3647 erat
3455 3588 3881 3667 qlorislcatuae

2337 3692 2460 3755 sed
2505 3696 2715 3773 magis
2758 3695 2904 3757 loca
2933 3697 3131 3767 Pauli,
3198 3717 3341 3777 quae
3386 3702 3611 3767 dicunt
3670 3708 3879 3787 bapti·

2340 3809 2467 3870 zari
2499 3826 2618 3871 nos
2663 3813 2726 3871 in
2756 3817 3038 3876 mortem
3088 3814 3321 3879 Christi
3350 3822 3438 3882 ad
3478 3821 3802 3887 Romanos
3822 3826 3877 3887 6.

2340 3929 2406 3986 et
2431 3924 2609 3988 alias.
2648 3929 2834 4002 ltem,
2869 3929 2952 3991 ad
3003 3932 3328 3995 Romanos
3363 3936 3420 3997 4.
3458 3940 3582 4008 Qui
3604 3942 3881 4004 traditus

2338 4048 2426 4104 est
2475 4052 2745 4122 propter
2808 4046 3043 4109 delicta
3097 4056 3340 4123 nostra,
3401 4059 3458 4115 et
3516 4060 3878 4120 resurrexit

2327 4165 2599 4237 propter
2626 4162 3161 4239 justificationem
3209 4175 3504 4243 nostram,
3553 4179 3683 4235 etc.
3734 4177 3870 4254 qui·

2334 4277 2460 4339 bus
2505 4278 2874 4341 ostenditur
2916 4280 3362 4359 dependentia
3395 4287 3873 4367 justificationis

2334 4398 2571 4456 nostrae
2600 4413 2633 4456 a
2669 4401 2877 4459 morte
2923 4403 2990 4460 et
3019 4404 3525 4467 resurrectione.

2417 4508 2723 4584 Quamvis
2753 4528 2911 4591 ergo
2948 4518 3247 4578 teneatur
3290 4521 3615 4584 sententia
3666 4540 3871 4601 oppo-

2330 4625 2455 4685 sita
2493 4629 2561 4685 et
2606 4628 2968 4691 communis
3013 4630 3096 4692 de
3127 4632 3534 4698 institutione
3565 4639 3869 4718 Baptismi

2329 4747 2484 4802 ante
2532 4741 2930 4820 passionem,
2981 4748 3286 4811 sustineri
3318 4752 3515 4814 etiam
3556 4759 3779 4831 potest
3806 4763 3867 4819 et

2325 4860 2488 4920 ratio
2535 4860 2766 4936 prioris
2797 4866 3139 4929 sententiae
3158 4867 3302 4947 jam
3331 4873 3675 4947 praemissa
3722 4889 3861 4935 curn

2321 4972 2428 5036 illa
2482 4974 2893 5053 limitatione,
2953 4986 3023 5042 ut
3083 4986 3292 5063 gratia
3353 4985 3609 5064 quidem
3669 4986 3856 5051 fuerit
3897 4980 4096 5057 Apsum

3959 5085 3964 5090 .
4026 5059 4078 5093 imi

2320 5107 2587 5170 sempe,-
2618 5091 2765 5157 data
2797 5112 2917 5174 per
2964 5098 3364 5177 Baptismum
3394 5120 3432 5165 a
3463 5105 3562 5166 sui
3608 5106 3854 5169 institu·
3899 5048 4027 5157 ‹11th

2321 5207 2520 5277 tione,
2596 5209 2719 5271 sed
2780 5218 2933 5274 ante
2991 5214 3361 5291 passionem
3426 5225 3700 5299 propter
3742 5220 3853 5283 de·
3878 5173 4100 5221 somnum

2318 5321 2744 5401 pendentiam
2802 5327 2882 5389 ab
2928 5328 3092 5408 ipsa,
3138 5337 3214 5394 ut
3279 5351 3472 5397 causa
3533 5340 3747 5416 posita
3793 5340 3854 5399 in

2320 5439 2586 5518 effectu,
2635 5459 2769 5506 non
2812 5442 3014 5508 fuisse
3073 5451 3198 5509 tam
3261 5450 3738 5527 abundantem,
3782 5470 3852 5517 ac

2323 5553 2521 5622 fuerit
2575 5558 2930 5640 adimpleta
2988 5579 3206 5640 causa,
3254 5583 3493 5649 nempe
3551 5574 3850 5650 passione
