4255 6375
758 380 879 441 512

770 542 970 629 cogit,
1039 554 1108 608 ut
1169 555 1342 630 patet
1412 563 1491 609 ex
1569 543 2088 631 impugnatione,
2166 539 2318 628 quia

772 657 1099 744 obligatus
1156 681 1234 726 ex
1311 659 1527 726 officio
1600 671 1860 726 tenetur
1898 660 2096 725 etiam
2158 658 2318 725 citra

772 777 1223 843 necessitatem
1326 775 1670 863 providere
1737 775 1876 841 suis
1936 765 2215 842 subditis
2258 786 2321 840 et

768 893 954 980 gregi
993 916 1006 971 ;
1055 892 1368 979 praecisus
1412 894 1477 959 in
1535 913 1689 960 casu
1762 891 2170 959 necessitatis
2215 913 2318 978 pe·

772 1009 957 1075 rinde
1025 1020 1283 1077 tenetur
1341 1010 1678 1077 charitatis
1762 1021 2116 1095 praecepto,
2174 1007 2323 1074 licet

780 1144 907 1191 non
931 1125 1209 1218 Justitioe
1248 1125 1417 1191 sicut
1457 1126 1642 1206 alter,
1679 1125 1734 1192 si
1780 1138 1995 1191 tamen
2043 1123 2206 1191 alter
2239 1124 2322 1190 ita

779 1261 861 1305 ex
898 1239 1116 1307 officio
1147 1251 1472 1326 teneatur,
1508 1254 1578 1308 ut
1608 1241 1776 1308 infra
1821 1241 2086 1328 patebit.

571 1397 617 1446 7.
869 1355 962 1445 (d)
994 1359 1214 1422 Potest
1250 1358 1450 1423 eliam
1508 1361 1710 1443 forte,
1778 1371 1900 1424 etc.
1954 1357 2326 1425 Dubitative

781 1473 1014 1540 asserit
1065 1473 1227 1540 forte
1266 1473 1557 1541 adultum
1611 1475 1676 1540 in
1717 1496 1794 1542 eo
1851 1495 2003 1541 casu
2047 1496 2176 1541 non
2232 1486 2326 1542 te-

785 1590 920 1656 neri
987 1603 1206 1677 petere
1274 1594 1762 1659 Sacramentum
1821 1612 1857 1658 a
1935 1593 2213 1678 praeciso
2244 1591 2326 1656 ob

785 1708 1221 1774 reverentiam
1274 1708 1608 1788 Ecclesiae,
1679 1720 1743 1776 et
1819 1709 1906 1775 ita
1946 1709 2243 1775 excusari
2291 1727 2326 1773 a

784 1835 1110 1911 praecepto
1152 1825 1591 1912 adimplendO,
1630 1826 1799 1892 sicut
1829 1828 1903 1891 in
1941 1827 2229 1892 articulo
2258 1829 2320 1892 3.

786 1939 953 2008 Dicit
989 1940 1068 2006 de
1101 1940 1298 2007 simili
1335 1942 1400 2006 in
1431 1961 1587 2008 casu
1622 1962 1955 2029 expressae
1996 1941 2321 2021 simoniae,

787 2060 938 2146 quia
978 2057 1248 2145 perinde
1297 2079 1366 2124 se
1408 2058 1624 2138 habet,
1669 2080 1744 2125 ac
1792 2059 1846 2125 si
1893 2079 2021 2124 non
2060 2059 2329 2128 haberet

787 2173 1037 2260 copiam
1091 2173 1419 2257 ministri3
1463 2173 1793 2240 concludit
1831 2185 2049 2241 tamen
2091 2194 2328 2261 pensa-

790 2287 873 2353 tis
933 2284 1239 2352 omnibus
1296 2287 1506 2372 magis
1567 2287 1899 2374 expedire,
1937 2299 2009 2354 ut
2063 2299 2239 2375 petat
2269 2299 2334 2355 et

791 2401 1059 2490 recipiat
1102 2406 1590 2470 Sacramentum
1637 2426 1651 2483 ;
1714 2414 1779 2469 et
1809 2402 1951 2471 haec
2015 2416 2113 2472 est
2181 2405 2332 2472 sim-

792 2522 1043 2610 pliciter
1074 2543 1252 2603 vera,
1299 2522 1451 2609 quia
1483 2544 1625 2601 eam
1660 2525 1934 2610 probant
1976 2526 2177 2591 verba
2209 2528 2334 2592 Au-

792 2638 1067 2726 gustini,
1112 2649 1177 2706 et
1235 2638 1484 2726 reliqua
1552 2639 1801 2729 adjecta
1867 2653 2092 2708 contra
2150 2641 2333 2709 Adri·

790 2778 1012 2825 anum.

578 2896 627 2947 8.
884 2874 972 2962 (e)
1011 2876 1339 2951 Quantum
1391 2887 1609 2942 autem
1648 2877 1738 2944 ad
1785 2879 2169 2963 parvulum,
2205 2889 2328 2944 etc.

490 2957 742 3072 §3322ss
799 2989 1075 3077 Subjicit
1122 2990 1476 3058 secundam
1536 2990 2022 3059 conclusionem
2063 2991 2145 3058 de
2184 3012 2335 3078 par-

492 3084 721 3213 par‘ssffio·
802 3106 978 3194 vulO,
1022 3106 1131 3194 qui
1175 3108 1367 3174 etiam
1404 3108 1469 3173 in
1509 3128 1660 3176 casu
1696 3107 2103 3175 necessitatis
2136 3108 2334 3174 osser-

797 3222 851 3289 ri
915 3234 1127 3311 potest
1192 3225 1492 3312 praeciso,
1555 3238 1626 3292 ut
1689 3247 1838 3292 eum
1883 3226 2199 3313 baptizet;
2273 3237 2337 3292 et

795 3351 1051 3407 tenetur
1098 3342 1291 3408 etiam
1336 3343 1433 3410 sic
1475 3343 1532 3410 ei
1573 3344 1942 3431 providere,
1981 3344 2035 3410 si
2109 3344 2340 3410 subest

795 3455 1189 3542 periculum,
1226 3469 1289 3525 et
1318 3459 1487 3525 alius
1530 3458 1804 3527 idoneus
1835 3460 2165 3547 expectari
2208 3479 2336 3525 non

796 3573 1026 3660 possit.
1085 3576 1269 3640 Patet
1311 3595 1392 3641 ex
1440 3575 1694 3642 ratione
1775 3577 2137 3663 praemissa,
2186 3574 2340 3663 quia

799 3692 1005 3778 major
1062 3706 1160 3761 est
1222 3692 1573 3761 necessitas
1623 3694 1904 3781 parvuli,
1971 3693 2074 3761 cui
2152 3693 2339 3760 aliter

801 3809 1137 3877 subveniri
1182 3831 1309 3878 non
1344 3812 1572 3899 possit,
1611 3812 1738 3878 nisi
1790 3832 1904 3898 per
1963 3813 2339 3878 Sacramen-

801 3937 964 4007 tum,
994 3947 1188 4014 quam
1239 3927 1466 4009 adulti,
1505 3928 1614 4016 qui
1659 3949 1773 4015 per
1820 3926 2011 3994 fidem
2044 3940 2107 3994 et
2132 3927 2338 4014 poeni-

803 4042 1096 4123 tentiam,
1177 4065 1323 4111 cum
1378 4057 1531 4112 voto
1606 4045 2031 4124 Sacramenti,
2102 4045 2341 4112 salvari

797 4164 1032 4238 potest.
1078 4151 1395 4239 Adjungit
1440 4152 2000 4219 confirmationem
2035 4154 2236 4240 hujus
2265 4175 2348 4220 ex

797 4266 1081 4352 capitulo
1141 4269 1491 4348 Romania,
1547 4269 1629 4335 de
1694 4291 1980 4337 consecr.
2062 4270 2220 4335 dist.
2276 4275 2339 4336 4.

800 4402 950 4468 quoe
989 4382 1246 4450 abunde
1285 4383 1480 4450 etiam
1536 4384 1663 4471 peti
1739 4397 1972 4472 potest,
2029 4400 2346 4473 quantum

800 4496 879 4563 ad
910 4500 1407 4587 congruentiam
1430 4522 1512 4566 ex
1538 4502 1836 4589 pluribus
1869 4501 2029 4569 locis
2056 4505 2344 4584 Patrum,

803 4615 915 4701 qui
969 4615 1193 4683 dicunt
1265 4618 1683 4685 Sacramenta
1738 4640 1774 4686 a
1832 4616 1998 4685 malo
2048 4618 2349 4686 ministro

801 4731 948 4798 data
978 4730 1219 4801 valere.

894 4850 1017 4918 Sed
1057 4852 1251 4939 objici
1294 4863 1505 4939 potest
1559 4851 1683 4938 ipsi
1743 4852 1808 4918 in
1867 4873 1944 4919 eo
2010 4873 2165 4920 casu
2222 4875 2351 4921 non

805 4966 1031 5035 deesse
1069 4981 1511 5055 opportunum
1553 4970 1940 5050 remedium,
2001 4971 2154 5058 quia
2214 4971 2355 5058 ipse

468 5076 759 5190 effit‘ssffissu
804 5094 988 5171 patet·
1055 5096 1266 5173 potest
1331 5106 1524 5152 suum
1602 5086 1916 5154 infantem
1986 5088 2340 5175 baptizare.

451 5175 750 5314 neceiiss'itat'e
802 5201 1255 5288 Respondetur
1323 5203 1619 5289 negando
1693 5216 2126 5290 assumptum,
2202 5206 2355 5294 quia

558 5340 659 5375 non
757 5298 956 5385 'licet
996 5319 1203 5406 possit
1270 5319 1447 5387 licite
1485 5321 1677 5385 etiam
1745 5320 2071 5408 baptizare
2138 5322 2352 5389 infan-

491 5450 752 5516 eognatio-
809 5447 966 5515 tem,
1033 5436 1142 5502 ubi
1185 5437 1404 5503 nullus
1453 5436 1619 5503 alius
1650 5437 1854 5529 adest,
1901 5438 2009 5524 qui
2045 5439 2351 5526 baptizet,

475 5387 740 5438 contrahit

558 5528 672 5562 nem

452 5574 780 5641 spiritualem.
816 5573 960 5639 cap.
998 5554 1101 5619 Ad
1133 5554 1371 5620 limina
1412 5555 1606 5621 Beati
1633 5556 1842 5637 Petri,
1879 5559 1988 5623 30.
2032 5568 2254 5645 quoest.
2290 5563 2349 5627 1.

468 2205 726 2258 Resolutio

468 2268 703 2320 Doctoris
713 2308 726 2322 .

476 4824 710 4884 objectio
722 4862 736 4877 .

497 4888 741 4939 Solvitur.

541 4953 695 5001 Pater

484 5013 745 5080 baptizans

1889 379 2032 441 LlB.
2071 379 2173 440 lV.
2208 375 2808 439 SENTENTlARUM

2435 560 2554 604 nec
2630 537 2959 605 contrahit
3033 536 3128 602 sic
3195 533 3655 621 cognationem
3715 532 3921 617 spiritu·

2432 653 2622 732 alem,
2679 654 2810 720 imo
2876 665 2938 719 et
3000 653 3052 717 si
3104 652 3272 717 alius
3307 650 3483 716 desit
3537 648 3838 735 suscipere
3869 647 3925 714 ad

2434 771 2866 857 Baptismum‚
2905 792 3052 856 cap.
3089 771 3439 848 Pervenit,
3476 768 3719 846 eodem,
3765 781 3928 831 tamen

2432 887 2484 952 si
2536 886 2702 952 alius
2756 885 2962 966 adest,
3028 887 3137 973 qui
3197 886 3535 972 baptizare
3585 885 3791 970 possit,
3829 903 3931 968 pec·

2434 1014 2535 1068 cat
2617 1003 2914 1090 graviter
2987 1001 3401 1088 baptizando,
3475 1013 3543 1067 et
3597 998 3813 1092 amittit
3855 998 3933 1084 jus

2440 1119 2700 1206 petendi
2770 1118 3068 1185 debitum
3135 1119 3511 1206 conjugale,
3586 1140 3724 1204 cap.
3779 1116 3928 1180 Nosse

2435 1245 2801 1324 desider-ac,
2847 1268 2993 1332 cap.
3058 1246 3312 1312 dictum
3355 1256 3476 1323 est,
3533 1255 3596 1310 et
3633 1265 3767 1329 cap.
3810 1243 3936 1307 dem

2439 1362 2650 1448 quod,
2689 1360 2950 1439 eodem,·
2991 1382 3137 1428 cum
3180 1382 3340 1447 ergo
3380 1360 3686 1426 minister
3730 1358 3939 1424 idoneus

2438 1477 2502 1542 in
2561 1498 2715 1545 casu
2770 1477 3175 1558 necessitatis
3241 1477 3328 1543 sit
3369 1497 3693 1564 praesenS,
3743 1488 3942 1541 tenetur

2441 1592 2521 1657 ab
2560 1612 2636 1658 eo
2703 1607 2952 1679 petere,
3020 1606 3090 1659 ut
3148 1592 3497 1680 parvulum
3559 1590 3847 1677 baptizet;
3906 1590 3941 1654 si

2441 1722 2656 1776 autem
2702 1708 3005 1789 noluerit,
3055 1709 3194 1796 ipse
3243 1729 3396 1775 eum
3440 1708 3743 1794 baptizet,
3781 1718 3840 1772 ut
3869 1726 3944 1770 re-

2438 1823 2637 1889 solvit
2690 1827 2921 1891 Doctor
2964 1824 3155 1905 infra,
3204 1825 3397 1911 juxta
3445 1844 3676 1890 casum
3723 1822 3945 1888 canonis

2440 1941 2793 2026 praemissi,
2842 1941 2994 2029 quia
3050 1941 3279 2007 nolens
3357 1940 3647 2007 habetur
3710 1959 3814 2025 pro
3853 1957 3946 2003 nou

2439 2071 2790 2144 praesente.
2867 2061 3004 2123 lmo
3075 2078 3290 2145 neque
3356 2058 3424 2122 in
3493 2077 3574 2124 eo
3614 2077 3764 2123 casu
3800 2054 3945 2121 etiam

2446 2174 2673 2241 Laicus
2740 2175 2794 2240 si
2871 2173 3143 2241 adesset
3207 2185 3428 2260 posset
3458 2174 3802 2260 baptizare,
3840 2171 3953 2260 quia

2445 2290 2783 2370 Sacerdos,
2827 2290 3022 2357 etiam
3079 2291 3422 2377 praecisuS,
3479 2291 3721 2356 retinet
3776 2289 3833 2353 in
3877 2309 3953 2353 or-

2449 2522 2758 2590 Ecclesiae
2822 2544 2900 2590 ex
2942 2523 3328 2610 praemissiS,
3393 2522 3547 2611 quia
3591 2522 3672 2588 in,
3703 2543 3837 2588 casu
3872 2542 3954 2588 ne·

2447 2639 2771 2707 cessitatis
2836 2652 2933 2707 est
3000 2640 3342 2718 toleratuS,
3415 2651 3478 2706 et
3547 2650 3847 2728 praeterea
3900 2655 3955 2700 ex

2447 2754 2665 2823 officio
2717 2757 2971 2823 ratione
3025 2756 3443 2837 characteriS,
3483 2755 3549 2821 id
3595 2756 3720 2843 ipsi
3748 2774 3952 2840 compe·

2448 2873 2546 2952 tit,
2613 2896 2677 2938 c.
2752 2875 3045 2950 Constat,
3120 2873 3202 2939 de
3260 2894 3554 2939 consecr.
3602 2873 3757 2938 disc.
3806 2876 3863 2938 4.
3899 2890 3950 2935 ae

2451 2990 2721 3077 proinde
2761 2990 2959 3056 etiam
2994 3001 3279 3056 tenetur.

2540 3107 2856 3198 ReJ‘icitur
2886 3126 3000 3195 per
3042 3106 3187 3172 haec
3218 3104 3553 3186 limitatio,
3592 3126 3784 3194 quam
3814 3099 3954 3169 adhi·

2450 3226 2559 3291 bet
2605 3226 2976 3312 CajetanuS,
3029 3243 3263 3311 nempe
3313 3221 3562 3310 requiri
3621 3242 3749 3288 non
3788 3220 3954 3285 solum
4006 3226 4051 3239 “

2450 3340 2901 3407 necessitatem
2945 3338 3025 3404 de
3074 3358 3202 3425 qua
3242 3338 3603 3426 loquimur,
3650 3336 3759 3405 sed
3804 3336 3955 3402 etiam
4014 3323 4043 3330 ’

2455 3456 2826 3523 ministrum
2897 3477 3044 3522 esse
3100 3468 3397 3541 paratum
3468 3454 3554 3520 ad
3627 3458 3956 3521 Sacramen-

2451 3585 2590 3640 tum
2639 3571 2951 3653 dandum,
3017 3572 3096 3639 ad
3137 3574 3259 3639 hoc
3314 3583 3386 3641 ut
3425 3572 3606 3640 licite
3654 3575 3735 3639 ab
3771 3593 3839 3639 eo
3877 3592 3955 3658 pe-

2451 3701 2623 3755 tatur
2658 3712 2673 3768 ;
2711 3690 2852 3754 haec
2892 3709 3173 3776 namque
3219 3688 3509 3756 conditio
3540 3710 3676 3755 non
3723 3685 3955 3776 requiri-

2454 3816 2583 3889 tur,
2652 3804 2803 3892 quia
2896 3817 2967 3872 ut
3037 3803 3279 3871 dictum
3357 3815 3460 3871 est
3534 3816 3794 3872 tenetur
3844 3804 3957 3889 jure

2455 3922 2811 4002 charitatis,
2877 3935 2943 3988 et
3008 3922 3223 3989 debito
3282 3922 3536 3990 ordinis
3579 3924 3738 3990 dare
3775 3923 3955 3987 Sacra·

2459 4050 2772 4117 mentum,
2822 4059 3030 4126 neque
3087 4058 3234 4104 esse
3274 4049 3573 4127 paratum
3617 4036 3955 4127 requiritur,

2458 4168 2529 4222 ut
2612 4154 2961 4241 dispositio
3057 4154 3559 4241 praesupposita,
3660 4153 3741 4221 ad
3829 4150 3960 4217 licite

2460 4272 2836 4365 petendum,
2908 4271 3033 4338 nisi
3087 4282 3158 4338 ut
3224 4284 3637 4360 supponatur
3674 4280 3959 4357 peccatum

2451 4389 2585 4475 jam
2635 4390 3029 4477 completum
3065 4410 3147 4455 ex
3179 4400 3360 4475 parte
3400 4390 3762 4458 voluntatis
3816 4385 3961 4454 mini·

2460 4506 2601 4587 stri,
2638 4518 2701 4573 et
2749 4506 2843 4573 sic
2884 4521 3311 4574 excusaretur
3345 4518 3573 4595 petens
3627 4529 3664 4575 a
3708 4523 3962 4593 coopera-

2458 4623 2635 4690 tione
2656 4622 2733 4690 ad
2756 4623 3025 4703 malum,
3063 4622 3174 4690 sed
3214 4624 3409 4690 etiam
3434 4635 3772 4711 peccatum
3793 4621 3961 4706 majus

2460 4740 2891 4807 committitur
2974 4762 3009 4806 a
3092 4739 3393 4808 ministro
3496 4741 3713 4809 dando
3792 4740 3959 4826 ipsum

2465 4859 3000 4938 Sacramentum;
3075 4857 3129 4924 si
3202 4879 3359 4945 ergo
3436 4878 3471 4923 a
3553 4856 3960 4946 cooperatione

2464 4974 2688 5061 huJuS,
2754 4974 3108 5040 necessitas
3166 4986 3436 5041 excusat
3504 4988 3848 5062 petentem,
3893 4970 3962 5037 sic

2466 5091 2657 5159 etiam
2704 5112 2740 5157 a
2773 5092 3229 5178 cooperatione
3275 5092 3352 5158 ad
3395 5093 3675 5180 primam
3721 5094 3851 5182 ejus
3880 5087 3958 5154 de·

2465 5208 3022 5289 terminationem,
3066 5229 3195 5296 qua
3235 5207 3307 5276 fit
3346 5221 3634 5297 paratus.

2557 5326 2799 5393 Deinde
2848 5346 2976 5392 non
3016 5337 3116 5392 est
3144 5325 3251 5391 liic
3288 5326 3413 5394 alia
3469 5327 3797 5415 obligatio,
3844 5340 3953 5410 quae

2470 5443 2787 5509 redundat
2838 5444 2905 5509 in
2946 5457 3295 5530 petentem,
3359 5455 3603 5530 praeter
3630 5438 3947 5511 scandalum
4025 5432 4044 5510 ’ἶ

2468 5559 2772 5639 ministri,
2870 5557 2985 5626 sed
3043 5571 3270 5646 petens
3339 5560 3407 5626 in
3471 5581 3549 5627 ea
3624 5556 3949 5627 necessitate
4005 5537 4058 5574 ”
