4255 6375
892 414 1010 476 328

901 577 1102 657 Idem,
1146 577 1214 644 in
1262 579 1423 646 actis
1462 578 1792 645 Laurentii
1845 577 2152 665 martyris
2201 577 2444 661 legitur

899 695 1281 783 aspersione
1337 696 1699 784 baptizasse
1755 695 2039 762 instante
2096 715 2219 760 suo
2273 714 2442 760 mar·

902 811 1100 899 tyri0.
2182 898 2201 910 .

989 930 1250 997 Accedit
1304 931 1588 1019 denique
1648 930 1811 996 ratio
1879 940 1943 995 et
1982 927 2439 1014 congruentia,

901 1046 1053 1133 quia
1086 1046 1230 1113 ideo
1260 1051 1630 1133 Baptismus
1662 1047 2004 1113 institutus
2044 1056 2146 1110 est
2175 1044 2239 1109 in
2275 1062 2443 1131 aqua

902 1178 973 1231 ut
1030 1165 1296 1231 materia
1344 1166 1486 1253 ejus
1536 1177 1800 1251 propter
1847 1163 2304 1229 necessitatem
2339 1184 2447 1228 es-

896 1290 995 1346 set
1037 1280 1284 1366 pervia,
1329 1279 1482 1347 data
1525 1293 1625 1346 est
1655 1278 1925 1346 cuilibet
1983 1289 2274 1364 potestas
2335 1277 2442 1343 ba-

898 1394 1180 1481 ptizandi
1251 1395 1466 1463 valide
1532 1417 1614 1463 ex
1682 1395 1906 1462 eadem
1959 1393 2256 1470 ratione;
2331 1390 2446 1458 sed

907 1512 1090 1579 multi
1121 1521 1276 1578 sunt
1305 1531 1497 1576 casus
1532 1522 1793 1596 propter
1827 1509 2299 1585 infirmitatem,
2337 1519 2450 1573 aut

902 1628 1226 1694 defectum
1268 1646 1480 1714 aquae,
1527 1626 1592 1691 in
1628 1627 1868 1713 quibus
1901 1626 2072 1692 trina
2114 1623 2449 1690 immersio

908 1764 1036 1810 non
1093 1754 1269 1810 esset
1336 1741 1694 1830 possibiliS‚
1740 1761 1898 1827 ergo
1945 1760 2075 1806 non
2132 1740 2254 1808 fuit
2290 1760 2451 1806 con-

906 1881 1146 1947 gruum
1196 1857 1275 1925 ad
1324 1880 1465 1924 cam
1506 1857 1697 1944 ligari
1731 1860 2248 1923 Sacramentum.

998 1975 1241 2043 Deinde
1288 1974 1430 2041 sive
1469 1973 1721 2040 dicatur
1766 1973 2077 2039 denotare
2125 1986 2259 2038 tres
2310 1993 2453 2057 per·

911 2113 1128 2169 sonas,
1164 2092 1307 2159 sive
1336 2092 1531 2158 etiam
1574 2090 1977 2177 sepulturam
2018 2089 2283 2171 Christi,
2325 2109 2451 2155 non

911 2210 1289 2297 requiritur,
1351 2209 1503 2298 quia
1561 2219 1693 2274 tres
1753 2228 2051 2295 personae
2101 2205 2454 2293 perfectius

884 2341 974 2395 .et
1004 2328 1377 2413 expressius
1412 2346 1526 2412 per
1565 2325 1837 2390 sormam
1870 2324 2204 2410 Baptismi,
2258 2344 2451 2411 quam

911 2463 1027 2531 per
1084 2441 1320 2508 trinam
1384 2440 1872 2507 immersionem
1915 2439 2349 2516 denotantur:
2394 2449 2458 2504 et

912 2558 1053 2645 ipse
1120 2568 1303 2624 actus
1382 2555 1747 2641 baptizandi
1837 2556 1959 2621 sub
2044 2554 2457 2620 invocatione

909 2664 1107 2739 trium
1169 2691 1596 2759 personarum
1680 2669 2083 2737 sufficienter
2132 2668 2460 2757 significa-

910 2804 1016 2857 tur
1075 2810 1190 2877 per
1246 2787 1546 2853 formam.
1603 2790 1694 2853 Ex
1755 2786 2062 2873 Apostolo
2115 2785 2459 2871 desumpta

915 2903 1276 2973 similitudo
1338 2903 1565 2970 mortis
1635 2914 1698 2969 et
1777 2902 2136 2990 sepulturae
2216 2902 2459 2968 Christi

914 3020 1318 3089 sufficienter
1373 3018 1717 3086 denotatur
1775 3040 1890 3106 per
1949 3039 2144 3085 unam
2197 3018 2461 3084 immer-

914 3139 1191 3219 sionem,
1222 3136 1372 3226 quia
1406 3136 1691 3204 maxime
1724 3135 2110 3224 intelligitur
2142 3136 2222 3203 de
2255 3150 2461 3203 morte

914 3256 1182 3341 peccati,
1227 3265 1291 3321 et
1330 3254 1808 3321 resurrectione
1858 3254 1937 3319 ab
1986 3253 2153 3340 ipsc,
2200 3264 2271 3319 ut
2320 3254 2461 3340 ipse

913 3372 1152 3440 Paulus
1193 3371 1490 3438 insinuat
1529 3370 1608 3436 ad
1650 3371 1934 3437 Roman.
1980 3375 2045 3438 6.
2083 3391 2243 3456 ergo
2285 3370 2460 3437 nulla

913 3489 1325 3576 congruitate
1391 3486 1562 3553 trina
1629 3486 1968 3552 immersio
2027 3486 2180 3573 poni
2250 3497 2462 3573 potest

914 3605 991 3673 ad
1032 3604 1382 3671 essentiam
1425 3602 1824 3669 Sacramenti
1867 3614 2185 3688 spectare.

713 3750 760 3799 7.
1002 3724 1227 3808 Neque
1290 3720 1505 3785 obstat
1583 3718 1854 3805 epistola
1932 3718 2213 3784 Cornelii
2289 3717 2461 3805 apud

573 3810 891 3926 ἳξῗξξξξέξ’
918 3837 1272 3905 Eusebium
1340 3836 1421 3902 de
1477 3836 1803 3923 Baptismo
1862 3836 2089 3902 Novati
2152 3836 2275 3901 sub
2333 3855 2460 3901 una

921 3954 1268 4033 mersione,
1339 3952 1709 4021 revocantis
1761 3952 1827 4018 in
1893 3952 2164 4018 dubium
2245 3952 2460 4038 Bapti-

919 4090 1133 4136 smum
1175 4070 1366 4156 ejus:
1416 4070 1496 4134 Si
1550 4068 1768 4148 modo,
1812 4067 2048 4155 inquit,
2095 4070 2290 4133 talem
2341 4070 2460 4134 Ιιο-

919 4188 1164 4253 minem
1249 4187 1664 4272 Baptismum
1722 4186 2047 4271 accepisse
2104 4184 2463 4251 dicendum

919 4306 1026 4383 sit,
1074 4317 1198 4384 etc,
1234 4302 1384 4391 quia
1428 4301 1510 4367 de
1556 4302 1681 4367 ritu
1725 4321 1852 4366 non
1901 4300 2176 4378 dubitat,
2222 4302 2331 4367 sed
2385 4302 2465 4368 de

924 4420 1135 4487 fructu
1168 4418 1479 4505 Baptismi
1514 4416 1877 4506 in[homine
1909 4438 2245 4504 perversa
2284 4418 2465 4505 Obji-

920 4536 1090 4603 citur
1127 4535 1320 4602 etiam
1354 4553 1560 4600 canon
1612 4533 1925 4618 prael'atus
1974 4532 2460 4620 Apostolorum,

923 4652 1034 4722 ubi
1066 4650 1451 4738 reprobatur
1481 4650 1670 4716 unica
1701 4649 2039 4715 immersio
2079 4650 2145 4716 in
2193 4662 2464 4717 mortem

924 4768 1188 4850 Christi,
1233 4768 1404 4834 sicut
1440 4779 1505 4833 et
1543 4788 1797 4832 canone
1845 4771 1910 4833 7..
1947 4768 2179 4854 primae
2221 4767 2466 4855 Synodi

924 4884 1660 4972 Constantinopolitanae
1755 4883 2152 4950 damnantur
2254 4888 2467 4952 Euno-

928 5004 1149 5083 miani,
1223 5002 1392 5091 quod
1456 5001 1521 5067 in
1582 5021 1710 5067 una
1771 5000 2221 5082 immersione,
2277 5013 2341 5067 et
2399 5002 2467 5067 in

925 5134 1199 5190 mortem
1284 5117 1525 5185 Christi
1584 5137 1712 5182 non
1787 5117 2085 5184 invocata
2152 5117 2469 5186 Trinitate

925 5236 1357 5326 baptizarint;
1404 5235 1483 5300 de
1523 5233 1764 5322 quibus
1815 5234 2285 5313 Theodoretus‚
2351 5257 2466 5303 seu

921 5358 1002 5424 de
1048 5374 1274 5421 eorum
1335 5361 1598 5419 auctore
1663 5350 1985 5418 Eunomio
2039 5350 2218 5430 dicit,
2295 5352 2467 5438 quod

925 5473 1131 5540 sancti
1173 5469 1484 5558 Baptismi
1529 5469 1724 5535 ritum
1763 5488 1799 5535 a
1840 5468 2100 5534 Christo
2152 5479 2215 5534 et
2294 5473 2469 5554 Apo-

929 5590 1114 5657 stolis
1153 5586 1461 5656 traditum
1493 5586 1836 5653 subvertit.

558 935 858 1049 Congium-

2144 415 2288 478 LIB.
2322 415 2416 480 lV.
2455 414 3062 480 SEN'OENTIARUM

2642 576 3095 664 Respondetur
3132 598 3212 644 ex
3250 575 3468 655 dictiS,
3514 573 3653 641 dari
3695 573 4027 660 Baptismum
4053 606 4106 671 tq

2554 715 2683 761 una
2747 695 3192 775 immersione,
3257 706 3322 760 et
3380 694 3444 758 in
3508 694 3774 759 nomine
3848 693 4029 757 Christi

2553 812 2816 893 mortui,
2863 833 2979 879 seu
3021 814 3085 878 in
3128 823 3404 879 mortem
3454 810 3702 879 Christi
3753 810 3935 875 fuisse
3971 832 4032 876 re

2554 930 2938 1015 probatum;
3002 941 3140 995 tum
3229 928 3379 1016 quia
3464 928 3674 995 forma
3758 926 4034 991 subverte·

2555 1047 2767 1122 batur,
2800 1066 2949 1133 quae
3007 1045 3129 1112 fuit
3171 1044 3470 1110 Matlltaei
3516 1045 3777 1119 ultime,
3821 1055 3879 1107 et
3923 1041 4036 1107 hanc

2555 1164 2874 1229 rationem
2977 1162 3414 1230 damnationis
3516 1160 3789 1227 adducit
3889 1180 4032 1225 canon

2557 1279 3014 1364 Apostolorum
3044 1303 3059 1355 ;
3095 1292 3233 1345 tum
3278 1278 3431 1366 quia
3464 1278 3631 1343 ritus
3665 1296 3873 1342 novus
3897 1275 4031 1340 indu-

2556 1397 2825 1462 cebatur
2884 1395 2960 1461 ad
3022 1393 3217 1460 tinem
3277 1394 3546 1473 erroriS,
3606 1403 3682 1458 ut
3722 1391 4032 1458 Eunomiani

2560 1512 2903 1591 faciebant,
2948 1512 3059 1600 qui
3102 1513 3431 1599 negabant
3468 1511 3883 1588 Trinitatem,
3919 1510 4033 1575 etad

2561 1628 3034 1715 professionem
3095 1627 3241 1693 talis
3280 1626 3527 1693 erroris
3569 1625 3918 1691 utebantur
3950 1640 4037 1689 tan-

2561 1756 2700 1811 tum
2745 1765 2871 1811 una
2932 1742 3381 1819 immersione,
3445 1742 3615 1809 sicut
3699 1741 4037 1827 postmodum

2561 1861 2782 1928 Ariani
2842 1860 3015 1927 trina
3075 1859 3151 1926 ad
3206 1859 3689 1946 professionem
3748 1858 3965 1923 erroris
4006 1872 4035 1919 a

2561 1976 2994 2063 separationis
3050 1976 3247 2043 trium
3290 1996 3730 2062 personarum
3772 1975 3836 2039 in
3881 1985 4037 2038 natura

2563 2107 2627 2161 et
2657 2092 3355 2169 consubstantialitate,
3402 2102 3474 2158 ut
3500 2091 3713 2158 refert
3764 2089 4040 2176 Gregorim

2566 2212 2843 2296 Magnus
2890 2228 3113 2294 supra.

2655 2328 2817 2392 Hinc
2867 2325 3171 2412 Synodus
3230 2323 3931 2410 constantinopolitana
3972 2320 4041 2385 do·

2565 2454 2665 2509 cet
2698 2441 3140 2508 Eunomianos
3201 2442 3546 2509 redeuntes
3617 2441 3701 2507 ad
3764 2439 4106 2507 Ecclesiam&

2566 2579 2714 2624 esse
2744 2557 3186 2644 baptizandos.
3223 2556 3406 2623 Unde
3448 2557 3553 2622 illa
3594 2577 3736 2623 una
3785 2554 4040 2622 immersio
4080 2528 4106 2565 ¹¹

2569 2676 3124 2743 Eunomianorum
3168 2696 3298 2741 non
3332 2675 3453 2742 fuit
3484 2675 3915 2762 baptismalis,
3948 2671 4043 2758 quia

2571 2814 2698 2860 non
2740 2793 3091 2879 recipiebat
3146 2791 3764 2858 determinationem
3821 2812 3920 2877 per
3963 2790 4046 2854 lor·

2571 2928 2740 2973 mam
2781 2908 3171 2994 legitimam,
3208 2921 3320 2974 aut
3348 2907 3544 2972 etiam
3605 2906 3913 2972 validam.
3942 2904 4047 2979 Quia

2569 3023 2719 3091 licet
2772 3024 3071 3091 dieamus
3129 3024 3534 3111 Baptismum
3576 3022 3807 3089 datum
3865 3024 3921 3087 in
3976 3040 4049 3084 ns»-

2573 3141 2750 3208 mine
2805 3142 3044 3209 Christi
3121 3140 3340 3211 valere
3395 3140 3788 3218 etiamnum,
3850 3152 3910 3206 ut
3955 3136 4051 3225 qui·

2569 3258 2716 3325 dam
2750 3260 3002 3339 volunt,
3041 3258 3145 3325 vel
3185 3271 3359 3325 certe
3398 3278 3516 3344 pro
3554 3257 3784 3344 aliquo
3828 3268 4049 3341 tempore

2569 3376 2859 3444 valuisse
2887 3387 3189 3443 currente
3222 3376 3489 3453 motiv0,
3528 3387 3599 3440 ut
3633 3394 3826 3441 causa
3856 3374 4049 3458 dispen-

2570 3491 2842 3558 sationis
2918 3491 3123 3569 sactae,
3188 3512 3317 3556 non
3384 3503 3485 3558 est
3545 3490 3724 3557 idem
3796 3489 4048 3576 baptizare

2570 3608 2636 3673 in
2681 3607 2945 3674 nomine
2984 3620 3048 3673 et
3088 3616 3403 3694 potestate
3452 3607 3724 3686 Christi,
3783 3627 3853 3672 ac
3894 3603 4045 3689 bapti·

2568 3745 2713 3791 zare
2745 3724 2811 3790 in
2846 3738 3115 3790 mortem
3175 3723 3438 3802 Christi,
3486 3722 3588 3789 vel
3655 3722 3723 3788 in
3782 3722 4040 3789 Christum

2570 3838 3062 3926 reduplicative,
3100 3838 3483 3926 inquantum
3527 3852 3827 3904 mortuus
3863 3850 3972 3903 erat
4004 3844 4106 3988 et*

2569 3955 2887 4041 sepultus,
2959 3955 3133 4022 Licet
3200 3955 3372 4021 enim
3433 3955 3807 4040 Baptismus
3862 3971 4039 4037 reprae-
4096 3997 4106 4062 4

2571 4084 2779 4139 sentet
2832 4072 3169 4159 analogice
3257 4084 3528 4138 mortem
3586 4083 3652 4136 et
3712 4071 4036 4156 sepulturam

2572 4187 2837 4269 Christi,
2890 4208 2971 4253 ex
3030 4189 3132 4253 his
3190 4200 3404 4253 tamen
3473 4209 3603 4255 non
3655 4189 3850 4255 sumit
3882 4185 4037 4251 effica-

2572 4305 2765 4384 ciam,
2838 4304 3007 4370 sicut
3067 4325 3277 4391 neque
3349 4305 3587 4371 Christi
3664 4305 3937 4372 meritum
3987 4296 4037 4363 ad

2576 4435 2851 4488 mortem
2930 4435 2995 4488 et
3077 4422 3480 4508 sepulturam
3567 4422 3949 4494 extenditur:
4000 4427 4040 4478 et

2575 4539 2744 4605 sicut
2800 4553 3030 4605 natura
3088 4539 3372 4604 humana
3431 4538 3627 4605 desiit
3678 4560 3787 4627 per
3832 4547 4036 4602 mortem

2577 4656 2903 4722 destructa
2969 4654 3212 4721 unione
3267 4654 3505 4721 animae
3565 4656 3642 4722 ad
3706 4673 3935 4740 corpus
3976 4648 4037 4714 sie

2577 4770 2773 4837 etiam
2818 4790 3029 4856 neque
3075 4768 3373 4835 Christus
3433 4768 3577 4851 fuit,
3633 4769 3696 4834 id
3742 4763 4035 4845 est,Filius

2577 4883 2949 4952 subsistens
2990 4886 3054 4950 in
3098 4896 3326 4951 natura
3376 4884 3663 4950 humana
3722 4880 4032 4949 subsistente

2576 5024 2657 5068 ex
2709 5001 3001 5088 partibus
3060 5000 3260 5066 unitis
3311 5001 3588 5067 durante
3649 5012 3840 5066 morte
3881 5010 3932 5060 et
3964 5010 4030 5056 se·

2579 5118 2864 5205 pultura.
4024 5093 4036 5106 ’

2667 5233 2986 5301 Particula
3035 5253 3193 5299 vero
3252 5233 3323 5298 in
3379 5235 3651 5300 nomine
3695 5231 3929 5299 refertur
3969 5219 4021 5285 ad
4104 5225 4105 5268 ³

2579 5354 2908 5420 Christum
2952 5352 3444 5430 subsistentem,
3498 5352 3670 5420 sicut
3714 5363 3772 5418 et
3816 5357 4019 5435 potesfflss

2580 5470 2943 5556 designata,
2989 5466 3312 5535 invocatio
3353 5468 3550 5534 etiam
3607 5463 3898 5535 Trinitatis
3937 5458 4011 5522 im·

2583 5578 2803 5666 plicita
2833 5578 2900 5644 in
2931 5577 3197 5645 nomine
3240 5576 3508 5660 Christi,
3552 5577 3632 5644 de
3659 5595 3775 5665 qua
3820 5567 4011 5638 Ambrtr
