4255 6375
1296 397 1495 459 DlST.
1557 397 1635 458 lv
1705 396 2068 472 QUAESTIO
2102 401 2177 460 V.

210 558 572 642 iquorantia
606 558 704 622 vel
751 559 1151 641 infirmitate
1207 539 1723 637 contrahuntur,

204 681 411 736 nonut
443 673 782 758 Baptisma
841 676 1094 760 quoties
1118 687 1459 761 peccatur,
1537 677 1728 740 toties

198 798 541 875 repetatur,·
563 789 677 855 sed
707 792 870 876 quia
895 791 1041 878 ipso
1062 791 1238 877 quod
1267 793 1468 857 semel
1489 792 1718 872 datur,

193 907 279 987 fit,
355 915 419 970 ut
475 926 610 972 non
672 906 887 972 solum
942 920 1166 988 antea,
1231 930 1463 974 verum
1518 909 1724 974 etiam

185 1034 383 1109 postea
460 1025 906 1109 quorumlibet
1018 1037 1442 1112 peccatorum
1526 1027 1728 1092 venia

191 1141 471 1223 fidelibus
496 1143 911 1228 impetretur.
965 1144 1144 1220 Quid
1171 1146 1350 1210 enim
1377 1145 1727 1230 prodesset

196 1258 282 1322 vel
376 1270 528 1323 onte
593 1262 1014 1346 Baptismum
1080 1263 1513 1341 Paenitentia,
1587 1263 1727 1328 nisi

199 1374 556 1459 Baptismus
614 1377 1045 1464 sequeretur?
1114 1380 1217 1443 vel
1296 1389 1526 1465 postea
1589 1378 1728 1443 nisi

196 1490 597 1572 proecederet,
643 1503 765 1558 etc.
804 1493 979 1559 ldem
1041 1491 1199 1559 dicit
1231 1493 1345 1559 lib.
1393 1498 1456 1560 4.
1490 1506 1724 1561 contra

199 1607 346 1673 duas
448 1610 764 1695 epistolas
839 1611 1387 1699 Peloyianorum,
1454 1631 1603 1697 cap.
1652 1611 1717 1682 7.

195 1744 322 1811 quae
374 1726 573 1792 verba
641 1728 784 1815 ejus
877 1729 963 1795 ita
1039 1728 1462 1816 intelligenda
1542 1739 1719 1810 sunt,

198 1853 256 1907 ut
314 1863 508 1928 supra
567 1843 1008 1929 explicuimus
1075 1857 1302 1934 quoest.
1380 1853 1437 1917 1.
1524 1847 1725 1933 hujus

196 1957 650 2037 distinctionis,
725 1971 1049 2047 quatenus
1128 1963 1503 2051 Baptismus
1571 1962 1726 2028 facit

195 2075 545 2162 subjectum
643 2098 841 2164 capax
902 2077 1293 2160 mediorum,
1370 2101 1484 2166 per
1576 2101 1724 2166 quae

196 2193 422 2280 reliqua
500 2206 646 2282 post
705 2194 920 2282 ipsum
1000 2210 1258 2284 peecata
1354 2198 1719 2276 remittunt,

200 2319 259 2372 ut
294 2321 454 2395 patet
510 2330 589 2375 ex
621 2308 924 2377 discursu
978 2312 1355 2398 Augustini.
1400 2316 1574 2400 Ergo
1614 2333 1727 2379 va-

162 2422 317 2513 rlere
387 2426 787 2512 Baptismum
853 2426 932 2492 ad
993 2428 1445 2495 remissionem
1509 2451 1731 2517 pecca-

201 2553 395 2608 torum
428 2563 512 2609 ex
580 2553 797 2610 mente
843 2545 1220 2630 Augustini,
1257 2546 1354 2612 sie
1390 2547 1728 2613 commode

197 2659 595 2746 interpretari
637 2671 870 2748 potest,
918 2682 1046 2728 non
1107 2664 1276 2751 quod
1331 2664 1470 2750 ipse
1501 2666 1726 2730 remit-

192 2791 272 2846 tat
333 2793 593 2869 peccata
663 2782 728 2848 in
806 2803 960 2848 casu
1019 2782 1322 2867 fictioniS,
1391 2782 1503 2851 sed
1556 2783 1725 2872 quod

192 2896 397 2965 reddat
471 2900 842 2987 subjectum
912 2920 1117 2986 capax
1186 2911 1249 2966 et
1334 2900 1725 2987 dispositum

188 3029 466 3100 respectu
512 3015 943 3103 poenitentiae,
994 3036 1108 3101 per
1147 3037 1342 3103 quam
1377 3018 1726 3084 remittun-

187 3144 301 3214 tur,
335 3145 397 3201 et
439 3132 766 3222 dependet
796 3132 919 3199 hoc
977 3153 1173 3200 sensu
1232 3134 1532 3202 remissio
1583 3156 1725 3222 pec-

187 3261 459 3316 catorum
523 3270 558 3315 a
630 3248 983 3334 BaptismO,
1054 3250 1247 3315 etiam
1319 3249 1384 3315 in
1463 3246 1727 3317 fictione

193 3378 507 3454 suscepto,
555 3385 683 3431 non
726 3364 940 3432 solum
989 3386 1215 3431 eorum
1249 3387 1398 3453 quae
1432 3387 1545 3453 per
1588 3389 1725 3454 poe-

193 3482 520 3549 nitentiam
585 3502 739 3548 mox
809 3482 1021 3568 primo
1087 3483 1530 3562 remittuntur,
1612 3484 1725 3551 sed

189 3583 368 3665 etiam
421 3620 652 3665 eorum
726 3619 874 3685 quae
930 3598 1145 3667 denuo
1202 3600 1722 3681 committuntur,

191 3733 308 3779 non
364 3725 584 3782 autem
646 3711 818 3801 quod
882 3714 1253 3800 Baptismus
1284 3712 1362 3782 ad
1393 3735 1467 3781 ea
1500 3715 1724 3782 remit-

188 3832 369 3898 tenda
419 3832 661 3898 habeat
709 3832 1044 3898 virtutem.

268 3952 397 4016 Hoc
429 3948 624 4015 modo
659 3946 938 4035 intelligi
980 3949 1176 4016 etiam
1209 3959 1488 4036 possunt
1527 3951 1726 4017 ver-ba

188 4063 667 4153 subsequentia,
728 4063 810 4130 de
869 4065 1195 4151 baptismo
1265 4065 1724 4131 haereticorum

187 4192 242 4247 et
280 4180 871 4262 schismaticorum,
936 4180 1193 4268 quando
1249 4180 1406 4248 dicit
1454 4182 1593 4268 ipsa
1628 4204 1726 4250 re-

185 4300 630 4367 conciliatione
661 4311 724 4366 et
775 4319 931 4386 pace
1001 4300 1324 4386 praestari,
1381 4311 1449 4366 ut
1489 4300 1568 4366 ad
1628 4322 1725 4367 re-

188 4416 564 4483 missionem
646 4429 1065 4502 peccatorum
1125 4416 1496 4502 Baptismus
1573 4438 1727 4503 pro—

183 4532 362 4602 desse
420 4534 713 4621 incipiat.
774 4536 880 4600 Sic
941 4533 1220 4621 intelligi
1274 4544 1550 4619 possunt
1581 4534 1728 4601 alite

184 4650 596 4716 auctoritates
637 4649 782 4736 ejus
824 4647 987 4714 locis
1034 4647 1275 4728 citatiS,
1351 4658 1424 4714 ut
1505 4648 1621 4716 lib.
1657 4652 1721 4715 3.

189 4786 330 4852 cap.
414 4768 482 4834 3.
550 4766 663 4832 lib.
735 4767 799 4831 6.
853 4787 998 4851 cap.
1067 4769 1131 4830 5.
1178 4784 1325 4851 quae
1401 4763 1570 4830 idem
1625 4785 1726 4830 so-

190 4894 376 4961 nant;
423 4893 488 4949 et
538 4881 765 4949 eodem
827 4881 1020 4948 modo
1078 4880 1187 4947 alii
1240 4883 1463 4947 Patres
1529 4901 1726 4968 supra

192 4982 359 5063 c'itati
409 4997 789 5084 loquuntur.

274 5107 367 5173 Ad
413 5129 488 5174 ea
547 5127 694 5195 quae
744 5125 860 5192 pro
905 5103 1206 5192 opposito
1246 5125 1443 5191 supra
1501 5104 1727 5171 citavi-

194 5244 333 5291 mus
361 5246 442 5291 ex
474 5223 875 5303 TridentinO,
906 5220 1280 5308 responderi
1314 5233 1545 5307 potest,
1570 5225 1725 5289 Con-

193 5341 404 5411 cilium
447 5344 622 5433 loqui
666 5339 1078 5429 regulariter,
1128 5352 1192 5407 et
1231 5352 1424 5428 prout
1454 5342 1559 5407 lex
1590 5353 1726 5407 sta-

194 5462 312 5527 tuit
356 5461 793 5529 accedendum
825 5478 968 5526 esse
1005 5457 1083 5524 ad
1119 5458 1551 5545 Baptismum,
1598 5480 1728 5525 non

193 5590 400 5646 autem
458 5578 536 5647 de
593 5600 748 5647 casu
808 5576 1111 5658 fictionis,
1178 5598 1306 5665 quo
1354 5576 1719 5664 supposito,

313 5692 462 5746 Tom.
495 5695 642 5747 XVI.

3270 398 3390 459 449

1839 558 1944 626 via
1985 560 2217 627 salutis
2252 563 2606 650 quaerenda
2638 576 2735 631 est
2768 585 2881 652 per
2912 561 3390 649 poenitentiam,

1841 697 1957 762 per
2015 698 2210 765 quam
2263 678 2436 747 fictio
2498 681 2767 762 directe,
2814 694 3051 748 caetera
3109 700 3266 746 vero
3308 678 3404 753 in,

1839 792 2082 860 directe
2157 798 2619 878 remittuntur3
2676 819 2887 886 neque
2948 810 3210 886 peccata
3261 795 3393 883 pri·

1838 926 1973 988 ora,
2024 907 2110 975 ita
2153 910 2476 995 pertinent
2508 913 2803 1000 rigorose
2834 913 2910 980 ad
2954 912 3383 1000 Baptismum,

1839 1033 1909 1089 ut
1945 1024 1999 1089 si
2060 1046 2132 1092 ea
2184 1047 2311 1092 non
2362 1029 2655 1097 remittat
2693 1053 2774 1097 ex
2831 1030 3019 1117 culpa
3075 1027 3382 1109 fictionis,

1837 1140 2079 1207 remitti
2139 1143 2392 1228 possint
2439 1167 2552 1232 per
2594 1148 2994 1233 Baptismum
3048 1168 3129 1212 ex
3187 1166 3383 1231 opere

1835 1270 2098 1343 operato
2122 1257 2346 1348 (cujus
2387 1263 2599 1329 virtus
2652 1263 3141 1330 sacramentalis
3179 1273 3392 1328 trans-

1837 1381 1884 1445 it
1957 1394 2105 1440 cum
2178 1375 2319 1462 ipsa
2381 1381 2649 1446 materia
2707 1391 2768 1446 et
2830 1381 3063 1459 forma,
3134 1391 3197 1445 et
3251 1378 3395 1445 sine

1835 1489 2071 1575 quibus
2146 1512 2407 1560 manere
2462 1516 2590 1561 non
2655 1509 2864 1583 potest
2922 1495 3175 1563 sublata
3230 1494 3394 1561 ficti·

1834 1605 2009 1692 one),
2048 1606 2159 1673 sed
2202 1621 2357 1676 tunc
2386 1612 2664 1678 subsunt
2700 1611 3106 1700 poenitentiae
3142 1633 3255 1698 per
3284 1631 3394 1677 ac-

1833 1720 2056 1788 cidens
2114 1735 2227 1790 aut
2269 1725 2603 1808 indirecte,
2645 1729 2855 1816 quoad
2898 1727 3385 1808 remissionem,

1833 1838 1985 1924 quia
2042 1839 2286 1908 habent
2341 1846 2852 1931 repugnantiam
2920 1867 3070 1912 cum
3149 1846 3387 1912 effectu

1837 1953 2274 2039 poenitentiae.

1925 2090 2048 2156 Sed
2089 2093 2245 2178 quid
2306 2094 2386 2160 de
2426 2115 2620 2182 poena
2672 2097 2930 2163 illorum
2972 2107 3386 2184 peccatorum
3544 2120 3624 2194 42.

1835 2215 1966 2270 tam
2034 2219 2279 2274 aeterna
2344 2231 2539 2297 quam
2620 2212 2961 2298 temporali
3038 2212 3387 2279 dicendum
3454 2184 3696 2316 (ἓξὲξ

1837 2321 1980 2388 est?
2023 2326 2316 2412 vasquez
2362 2328 2599 2394 asserit
2648 2329 2890 2395 remitti
2926 2350 3185 2415 poenam
3233 2341 3392 2395 tem·
3446 2309 3705 2437 detgztjzgn

1839 2439 2129 2525 poralem
2210 2462 2324 2527 per
2391 2445 2820 2530 Baptismum,
2895 2446 3104 2513 citans
3173 2447 3392 2512 Gabri-
3429 2434 3733 2548 regffflffir·

1839 2554 2005 2621 elem
2059 2569 2124 2622 et
2194 2570 2485 2625 nostrum
2539 2565 2876 2628 Ductorem
2930 2562 2996 2627 in
3053 2583 3193 2629 eam
3245 2584 3388 2629 sen·
3449 2559 3714 2685 ξῖῗζξῖῗζῑῑᾶ

1840 2672 2134 2754 tentiam,
2181 2685 2243 2739 et
2307 2675 2638 2743 Alensem.
2704 2679 2825 2745 Sed
2882 2684 3114 2745 Doctor
3159 2679 3221 2744 id
3265 2699 3392 2744 non
3452 2685 3719 2798 lmffitgsna·

1840 2785 2004 2853 dixit
2044 2788 2110 2854 in
2145 2791 2419 2876 praefato
2460 2793 2625 2875 locO,
2704 2815 2916 2882 neque
2955 2795 3134 2875 alibi,
3190 2817 3393 2883 quan·
3629 2785 3641 2798 ’

1838 2917 1975 2971 turn
2008 2926 2124 2992 pro
2177 2928 2351 2974 nune
2391 2910 2696 2990 occurrit,
2745 2932 2980 2999 neque,
3035 2933 3179 2978 meo
3211 2912 3394 2979 vide-

1840 3021 1918 3098 ri,
1972 3036 2452 3111 consequenter
2494 3024 2621 3092 dici
2673 3039 2905 3113 potest,
2953 3049 3100 3095 nam
3164 3029 3219 3095 si
3260 3041 3390 3095 tota

1841 3137 2141 3207 remissio
2212 3139 2283 3207 fit
2349 3142 2559 3230 quoad
2603 3142 2859 3230 culpam
2895 3166 3009 3231 per
3075 3144 3395 3232 poeniten-

1840 3255 2019 3333 tiam,
2117 3256 2212 3323 sic
2272 3259 2467 3325 etiam
2521 3261 2737 3326 omnis
2789 3262 3092 3329 remissio
3146 3262 3217 3328 lit
3276 3283 3392 3348 per

1837 3373 2115 3459 gratiam
2181 3375 2720 3460 poenitentialem,
2776 3400 2925 3466 qua}
2967 3379 3144 3445 nullo
3204 3379 3395 3446 modo

1839 3490 2034 3555 habet
2064 3489 2240 3557 hunc
2271 3492 2601 3572 effectum,
2640 3506 2710 3562 ut
2742 3496 3032 3563 decernit
3063 3496 3391 3563 Tridenti-

1840 3627 1996 3673 num
2028 3631 2186 3675 sess.
2236 3613 2341 3676 14.
2387 3632 2511 3696 cap
2551 3615 2615 3679 2.
2657 3611 2722 3677 in
2758 3610 2908 3694 fine,
2959 3613 3082 3680 nisi
3130 3612 3215 3679 sit
3247 3634 3387 3700 per-

1839 3722 2218 3804 fectissima,
2284 3747 2433 3812 quae
2480 3747 2608 3792 non
2665 3729 3023 3815 requiritur
3080 3729 3158 3795 ad
3199 3729 3396 3796 remi-

1838 3839 2089 3907 sionem
2127 3840 2441 3909 fictionis,
2491 3847 2569 3908 Et
2609 3845 2945 3930 probatur,
3001 3846 3151 3933 quia
3184 3868 3397 3933 poenae

1838 3967 2102 4022 aeternae
2135 3956 2282 4023 talis
2315 3970 2415 4025 est
2464 3960 2790 4039 remissiO,
2828 3962 3043 4048 qualis
3105 3974 3206 4028 est
3257 3964 3398 4030 vir-

1837 4082 1941 4137 tus
2007 4092 2246 4150 causae,
2314 4094 2427 4158 per
2476 4094 2669 4160 quam
2747 4077 3101 4142 remittitur
3170 4079 3380 4165 culpa,

1839 4188 1990 4276 quia
2023 4199 2092 4255 ut
2124 4188 2583 4255 Tridentinum
2624 4212 2777 4257 sess.
2825 4194 2888 4257 6.
2946 4214 3093 4278 cap.
3146 4197 3255 4260 14.
3303 4194 3397 4259 di-

1840 4306 1952 4385 cit,
1999 4324 2260 4390 poenam
2313 4315 2627 4371 aeternam
2697 4328 2810 4393 per
2876 4309 3392 4392 Sacramentum,

1838 4434 1947 4490 aut
2010 4424 2413 4487 Sacramenti
2481 4433 2636 4488 voto
2694 4424 2938 4489 remitti
2999 4424 3197 4490 simul
3246 4447 3396 4492 cum

1839 4536 2070 4623 culpa;
2125 4537 2239 4602 sed
2310 4538 2701 4604 Poenitentia
2750 4559 2877 4604 non
2946 4540 3142 4607 habet
3198 4541 3393 4607 talem
3434 4553 3749 4605 Poenitentia

1840 4644 2195 4711 efficaciam
2273 4647 2642 4713 remittendi
2704 4647 2958 4734 culpam
3011 4659 3073 4714 et
3132 4669 3392 4734 poenam
3426 4622 3751 4732 ἒὲἓζξεῗᾷξὲι

1839 4774 2153 4828 aeternam
2187 4764 2397 4851 quoad
2449 4778 2783 4850 peccatum
2819 4766 3030 4852 ipsum
3083 4765 3388 4845 lictioniS,
3445 4748 3731 4858 cfficssffiffi

1839 4879 2009 4944 circa
2076 4879 2248 4967 quod
2318 4880 2530 4967 primo
2591 4893 2653 4947 et
2726 4903 2840 4968 per
2907 4903 2978 4948 se
3061 4895 3391 4969 operatur,
3453 4882 3742 4995 teffigssali.

1839 4995 1998 5082 quin
2042 5008 2302 5062 mancat
2348 5018 2541 5083 poena
2596 4998 3011 5085 temporalis;
3069 5020 3226 5085 ergo
3272 4999 3397 5065 mi-

1835 5132 1964 5178 nus
2037 5124 2253 5198 potest
2344 5113 2678 5181 remittere
2759 5136 3018 5200 poenam
3086 5126 3399 5181 aeternam

1839 5247 2092 5307 eorum,
2130 5227 2207 5293 ad
2241 5248 2390 5314 quae
2421 5229 2673 5294 ratione
2717 5228 2986 5295 effectus
3026 5230 3404 5297 extenditur

1841 5365 1957 5430 per
2003 5344 2331 5421 accidens,
2396 5343 2484 5410 ita
2544 5358 2613 5410 ut
2647 5366 2773 5410 non
2840 5360 3175 5413 remaneat
3212 5368 3404 5433 poena

1837 5456 2059 5545 aliqua
2108 5459 2490 5547 temporalis
2531 5482 2647 5547 pro
2688 5461 2851 5549 ipsis
2896 5462 3232 5529 solvenda.
3290 5466 3403 5530 Pa-

1843 5587 1933 5643 tet
2015 5579 2504 5666 consequentia,
2565 5578 2717 5666 quia
2765 5579 2969 5666 gratia
3031 5580 3403 5666 poenitenti-

3167 5694 3228 5744 29
