4255 6375
1424 350 1626 416 Dls'r.
1661 350 1706 413 l.
1755 347 2119 427 QUAESTIO
2163 349 2241 414 V.

265 517 733 592 necessitas
793 517 982 591 talis
1041 516 1407 597 virtutis,
1462 534 1635 608 quae
1693 514 1832 585 fin·

266 635 510 728 gitur
544 637 625 708 in
665 637 1225 717 SacramentO,
1270 652 1524 725 neque
1558 652 1833 704 secun·

265 754 470 826 dum
541 753 945 826 rationem
1016 752 1506 832 naturalem,
1579 747 1833 821 mani-

267 870 580 946 festum
620 874 772 953 est,
807 890 1063 962 neque
1105 868 1540 941 secundum
1569 867 1829 947 fidem,

269 987 474 1079 quia
507 987 719 1061 sicut
751 985 1119 1080 sequenti
1160 984 1566 1057 rationem
1606 986 1837 1056 natu-

96 1113 217 1157 sunt
269 1103 545 1175 ralem
615 1123 775 1175 non
880 1105 1066 1175 sunt
1140 1099 1499 1193 ponenda
1568 1098 1829 1191 plura,

64 1189 151 1221 [11⁸2

64 1237 212 1306 enda.
268 1219 440 1291 nisi
477 1241 650 1311 quae
699 1219 912 1291 ratio
953 1216 1356 1290 naturalis
1399 1215 1831 1295 concludit,

64 1306 242 1410 '322⁰'
269 1334 394 1407 ita
443 1335 813 1427 sequenti
853 1334 1084 1407 fidem
1129 1355 1286 1406 non
1321 1336 1508 1406 sunt
1540 1352 1832 1426 ponen-

64 1432 198 1473 ⁸⁸'¹‘·
262 1452 369 1523 da.
416 1452 684 1544 plura,
722 1470 964 1544 quam
995 1450 1304 1523 veritas
1349 1450 1526 1522 fidei
1571 1447 1833 1539 requi-

265 1571 437 1642 rat.
471 1569 802 1643 Veritas
837 1572 1108 1643 autem
1143 1567 1319 1640 fidei
1353 1587 1514 1640 non
1565 1563 1833 1659 requi-

260 1687 379 1759 rit
439 1708 743 1781 ponere
795 1687 1045 1761 talem
1103 1685 1497 1759 virtutem
1551 1705 1832 1777 super-

258 1804 740 1878 naturalem
787 1802 865 1874 in
927 1822 1162 1895 aqua,
1214 1801 1343 1875 vel
1397 1802 1476 1874 in
1530 1801 1826 1885 verbis,

261 1925 357 1994 ut
447 1920 798 2013 patebitx
852 1919 1193 1992 inferius
1240 1945 1256 2002 ;
1335 1938 1479 1991 neo
1557 1917 1831 2009 aliqua

261 2036 492 2110 ratio
535 2036 758 2128 cogit
802 2036 897 2108 ad
931 2036 1174 2110 istam
1223 2034 1824 2128 pluralitatem;

261 2174 505 2247 ergo,
542 2159 701 2227 etc.

65 2286 130 2335 ¹0-
359 2272 789 2365 Exempla,
864 2292 1036 2365 quae
1095 2270 1436 2342 adducta
1496 2273 1682 2343 sunt
1739 2270 1832 2342 de

64 2354 205 2475 {¹3¹1ss
266 2388 591 2463 virtute
676 2391 1004 2479 recepta
1082 2385 1160 2458 in
1258 2387 1826 2467 instrumento,

64 2473 243 2587 Jhssffi
270 2524 442 2576 non
474 2502 989 2577 concludunt.
1047 2500 1412 2572 Primum
1452 2499 1543 2571 de
1586 2497 1832 2570 sensi·

64 2613 245 2711 2¹13„
269 2620 415 2693 bili
462 2639 843 2692 sermone
887 2617 1183 2710 accipit
1224 2614 1651 2719 manifeste
1693 2612 1833 2685 fal·

65 2723 200 2849 §25¹
271 2758 487 2820 sum,
576 2757 765 2809 nam
849 2754 1121 2808 sermo
1216 2730 1591 2804 audibilis
1668 2750 1829 2801 non

64 2848 191 2905 ³⁰³⁶·
263 2853 517 2928 habet
595 2854 677 2926 in
755 2872 840 2925 se
917 2849 1386 2924 formaliter
1470 2848 1828 2939 aliquam

269 2969 814 3043 intentionem
880 2966 1215 3047 animae;
1271 2965 1477 3057 quod
1537 2963 1829 3055 proba—

262 3089 431 3166 tur,
472 3085 667 3178 quia
716 3104 988 3157 sermo
1031 3103 1194 3155 non
1243 3080 1677 3174 impositus
1733 3078 1829 3151 ad

260 3204 779 3296 signandum,
822 3201 1134 3274 nullam
1175 3199 1423 3274 talem
1471 3196 1824 3269 formam

257 3319 508 3394 habet
568 3319 650 3392 in
714 3338 825 3402 se,
882 3318 1110 3410 patet
1181 3314 1331 3387 hoo
1405 3311 1820 3393 omnibus;

263 3459 408 3532 per
465 3435 1084 3529 impositionem
1146 3437 1419 3505 autem
1475 3450 1635 3503 non
1710 3451 1827 3503 re·

261 3556 465 3648 cipit
510 3553 872 3645 aliquam
922 3549 1380 3622 absolutam
1441 3547 1820 3630 formam,

260 3694 406 3747 nec
452 3670 969 3751 relationem,
1005 3668 1164 3740 nisi
1198 3668 1412 3741 forte
1446 3665 1819 3740 rationis.

264 3796 438 3870 Hoc
500 3796 755 3869 etiam
819 3791 1223 3885 probatur
1291 3787 1561 3868 aliter,
1635 3785 1824 3888 quia

259 3912 546 3984 eodem
585 3910 988 3984 existente
1032 3906 1325 3997 agente
1358 3901 1819 3997 principali,

258 4029 336 4099 et
395 4028 957 4100 instrumento
1019 4020 1499 4101 sufficiente,
1565 4014 1826 4108 sequi-

260 4143 400 4213 tur
466 4140 745 4213 eadem
824 4136 1070 4210 actio.
1144 4132 1292 4208 Sed
1354 4132 1422 4204 si
1483 4129 1822 4203 Latinus

261 4256 640 4349 proferat
668 4253 919 4326 verba
953 4250 1247 4324 Latina
1278 4251 1588 4329 Graeco,
1618 4246 1821 4317 idem

261 4377 383 4447 est
425 4390 683 4465 agens
716 4366 1173 4463 principale
1205 4367 1285 4438 et
1322 4364 1590 4437 instru
1606 4381 1822 4433 men-

261 4495 458 4572 tum,
508 4486 717 4581 quod
748 4488 990 4566 esset,
1038 4482 1109 4554 si
1158 4481 1637 4571 loqueretur
1677 4477 1819 4549 alii

261 4605 582 4685 Latino,
643 4607 917 4676 tamen
981 4619 1144 4671 non
1195 4595 1571 4688 sequitur
1637 4591 1823 4666 effe-

260 4725 462 4803 ctus,
512 4720 705 4814 quia
737 4718 1010 4791 nullus
1056 4717 1492 4805 conceptus
1545 4729 1822 4783 causa-

260 4837 392 4907 tur
463 4835 541 4906 in
605 4835 890 4907 Graeco
952 4828 1370 4909 audiente;
1431 4844 1630 4916 ergo
1684 4822 1820 4898 ille

263 4973 530 5025 sermo
588 4970 754 5022 non
794 4951 977 5020 erat
1033 4945 1669 5018 instrumentum
1720 4961 1820 5012 ex

270 5093 349 5143 se
432 5070 531 5142 ad
599 5064 1103 5140 causandum
1181 5058 1474 5131 animae
1542 5076 1821 5129 conce-

65 5239 227 5287 modo
274 5192 496 5279 ptum
530 5182 610 5255 in
645 5180 1043 5256 audiente.

64 5311 232 5412 ξξῗζό
359 5301 610 5375 Fallit
658 5317 858 5390 ergo
909 5292 1397 5385 exemplum,
1445 5310 1593 5382 pro
1645 5294 1822 5363 tan-

64 5431 239 5494 mptum
276 5422 382 5502 to,
448 5419 658 5511 quod
716 5432 994 5489 sermo
1065 5406 1437 5482 audibilis
1513 5410 1638 5479 est
1714 5404 1821 5477 si-

64 5499 520 5628 mliloezgnum
618 5524 1347 5605 rememorativum
1446 5525 1816 5615 respectu

3403 354 3517 423 159

1947 516 2412 604 conceptus,
2459 512 2575 586 ita
2609 515 2816 606 quod
2863 514 3083 591 facta
3121 514 3497 591 immuta-

1949 627 2169 700 tione
2228 650 2513 703 sensus
2553 631 2654 705 ab
2714 632 2892 727 ipso
2955 653 3356 716 sermone,
3419 638 3502 708 et

1950 744 2298 819 ulterius
2385 746 2802 821 intellecta
2897 753 3199 824 natura
3294 749 3499 841 eJuS,

1950 859 2430 953 inquantum
2470 864 2662 937 talis
2723 869 3026 940 natura
3078 869 3228 948 est,
3271 866 3504 941 intel·

1948 978 2208 1054 lectus
2261 999 2763 1073 cognoscens
2813 982 3080 1076 ipsum
3128 1004 3310 1057 esse
3359 984 3507 1057 im-

1948 1095 2308 1188 positum
2387 1098 2481 1170 ad
2559 1097 3173 1191 significandum
3253 1100 3501 1174 talem

1948 1218 2356 1299 naturam,
2466 1237 2567 1290 ex
2634 1218 3072 1292 collatione
3140 1217 3319 1310 ejus
3406 1218 3503 1291 ad

1947 1328 2142 1404 illud
2218 1332 2457 1415 aliud,
2532 1334 2920 1427 intelligit
2988 1335 3183 1408 illud
3249 1336 3489 1415 aliud,

1946 1466 2105 1517 non
2169 1447 2283 1521 ita
2346 1450 2550 1541 quod
2613 1471 2884 1524 sermo
2937 1472 3083 1544 per
3139 1451 3501 1543 aliquam

1946 1562 2298 1637 formam
2359 1586 2552 1640 caus
2586 1572 2641 1640 t
2692 1572 3173 1660 conceptum
3223 1569 3316 1640 de
3361 1570 3503 1641 ali-

1947 1701 2103 1771 qua
2160 1702 2269 1765 re,
2326 1684 2457 1756 sed
2511 1704 2781 1757 sermo
2830 1687 2953 1756 est
3007 1684 3360 1777 praevius
3403 1686 3497 1757 ad

1945 1800 2427 1890 conceptum
2469 1799 2560 1871 de
2596 1820 2708 1883 re,
2759 1800 2851 1872 de
2896 1820 3052 1891 qua
3084 1803 3501 1884 causatur,

1947 1933 2090 2005 per
2177 1914 2597 2005 propriam
2690 1915 3041 2006 speciem
3138 1916 3291 1999 rei,
3369 1918 3502 1990 vel

1946 2027 2435 2120 phantasma
2476 2029 2556 2100 in
2600 2030 2898 2102 anima.
2964 2034 3182 2113 Quod
3246 2038 3497 2125 patet,

1948 2145 2135 2235 quia
2188 2149 2930 2239 quantumcumque
2997 2168 3269 2221 sermo
3322 2170 3504 2242 pro-

1947 2256 2331 2339 ferretur,
2372 2257 2439 2329 si
2481 2260 2811 2332 audiens
2851 2280 3010 2333 non
3052 2260 3386 2337 haberet
3419 2264 3502 2336 in

1947 2395 2031 2446 se
2068 2374 2418 2466 speciem
2455 2376 2573 2448 rei
2609 2377 2978 2469 prolatae,
3016 2379 3287 2451 nullus
3321 2401 3503 2454 con-

1945 2493 2229 2582 ceptus
2270 2499 2761 2567 causaretur
2802 2493 2882 2566 in
2916 2515 3010 2567 eo
3072 2495 3162 2567 de
3199 2495 3342 2568 illa
3383 2517 3497 2570 re.

1943 2607 2163 2680 Unde
2224 2628 2369 2700 per
2423 2629 2666 2682 voces
2735 2630 2896 2682 non
2963 2610 3504 2705 intelligimus

1945 2739 2103 2806 reS,
2139 2722 2298 2795 nisi
2342 2743 2688 2816 quarum
2729 2724 3118 2798 habemus
3154 2727 3492 2820 specieS,

1946 2839 2081 2911 sed
2140 2839 2344 2932 quod
2421 2840 2860 2914 actualiter
2917 2861 3055 2914 eas
3147 2843 3507 2916 conside-

1948 2976 2249 3039 remus,
2322 2956 2476 3029 hoc
2551 2960 2702 3039 est,
2786 2961 3128 3050 propter
3190 2959 3502 3034 collati-

1945 3093 2178 3146 onem
2210 3073 2420 3165 signi
2463 3073 2559 3145 ad
2593 3073 3033 3166 signatum.

2033 3191 2482 3264 Secundum
2532 3192 2991 3283 exemplum
3051 3193 3143 3266 de
3202 3193 3498 3268 instru-
3533 3204 3703 3277 Serra,
3725 3204 3855 3278 reihil

1944 3312 2216 3382 mento
2248 3307 2592 3380 artificis
2655 3328 2813 3380 non
2846 3310 3276 3386 concludit.
3312 3313 3493 3385 Val-
3599 3272 3799 3382 ῧῧῗρέἷι

1937 3424 2030 3497 de
2070 3424 2288 3496 enim
2338 3423 2875 3517 improbabile
2903 3425 3248 3510 videtur,
3287 3430 3493 3520 quod

3526 3410 3554 3443 e
3591 3394 3814 3444 activam
3829 3427 3847 3455 ,

3632 3473 3751 3521 quia

1939 3541 2213 3634 aliqua
2264 3541 2532 3614 forma
2574 3544 2821 3617 toties
2874 3550 3361 3619 causaretur
3411 3545 3495 3619 in
3588 3522 3791 3631 ‘issiff

1942 3679 2203 3740 serra,
2244 3658 2559 3752 quoties
2597 3663 2974 3732 movetur
3013 3662 3111 3734 ab
3154 3663 3490 3745 artifice,
3564 3644 3823 3770 ᾗξζῗῖῗᾶ-

1935 3780 2015 3848 et
2056 3774 2303 3849 toties
2334 3775 2650 3849 desinat
2687 3797 2890 3858 esse,
2928 3778 3247 3869 quoties
3298 3780 3495 3852 desi·
3584 3772 3794 3884 mtgffiffi·

1934 3892 2056 3966 nit
2123 3898 2312 3967 actu
2380 3893 2718 3966 moveri.
2802 3895 3170 3967 Tertium
3237 3917 3499 3969 exem-

1941 4010 2159 4102 plum
2190 4010 2282 4081 de
2328 4014 2548 4083 motu
2585 4028 2746 4082 non
2788 4010 3036 4102 cogit,
3086 4011 3274 4103 quia
3308 4033 3503 4105 quo-

1939 4125 2525 4215 modocumque
2603 4125 3079 4199 substantiae
3158 4147 3496 4200 causen-

1936 4246 2074 4316 tur
2120 4262 2167 4313 a
2210 4241 2436 4324 coelo,
2504 4242 2794 4315 saltem
2860 4248 3131 4316 motus
3203 4244 3489 4317 localis

1935 4356 2112 4430 coeli
2181 4376 2341 4428 non
2377 4359 2643 4448 potest
2677 4377 2856 4428 esse
2890 4357 3236 4431 formale
3280 4360 3493 4453 prin-

1934 4472 2236 4566 cipium
2282 4472 2767 4565 producendi
2820 4492 2983 4545 eas.
3039 4477 3141 4548 Et
3204 4474 3490 4549 simili-

1934 4595 2064 4664 ter
2092 4590 2185 4661 de
2236 4592 2529 4680 quarto
2597 4590 2971 4681 exemplo
3013 4591 3105 4664 de
3156 4611 3490 4683 genera·

1935 4705 2157 4779 tione
2252 4701 2756 4787 animalium,
2846 4726 3119 4799 quaere
3206 4710 3273 4781 2.
3369 4712 3485 4780 lib.

1932 4824 2088 4891 dist.
2137 4822 2245 4893 18.

2021 4941 2168 5012 Est
2231 4942 2312 5012 et
2370 4937 2533 5011 alia
2619 4938 2892 5031 opinio
2970 4943 3064 5016 ad
3137 4944 3489 5038 primam
3646 4972 3722 5024 11.

1934 5055 2510 5148 quaestionem,
2595 5075 2867 5146 quaere
2935 5057 3015 5130 in
3106 5061 3490 5148 Henrico,

1943 5175 2260 5250 Quodlib.
2306 5173 2371 5243 3.
2408 5194 2470 5260 q.
2506 5174 2632 5241 ule.

2022 5290 2195 5355 Nota
2224 5289 2399 5377 quod
2433 5289 2782 5372 muricus,
2839 5292 2955 5360 ubi
2988 5315 3219 5382 snpra,
3267 5298 3493 5385 tripli·
3573 5307 3803 5363 Additio.

1930 5427 2068 5472 cem
2105 5406 2495 5492 opinionem
2531 5409 2728 5493 ponit
2777 5408 2861 5474 de
2918 5411 3373 5480 Sacramenlis
3417 5415 3493 5480 in

1929 5522 2435 5607 comparatione
2508 5521 2600 5587 ad
2665 5525 2985 5610 qratiam.
3060 5527 3298 5594 Prima
3372 5539 3489 5614 est,
