4255 6375
1397 452 1592 515 DlST.
1640 454 1739 513 vl.
1789 454 2150 528 QUAESTIO
2184 456 2284 517 lv.

251 609 582 701 aliquem
643 610 891 684 talem
934 612 1324 693 invenire,
1372 611 1779 706 praecipue

249 725 367 817 qui
417 725 638 818 prius
699 727 1130 819 aliquando
1181 728 1631 820 cogitasset
1689 728 1780 799 de

245 844 672 935 Ba'ptismo,
720 844 906 937 quia
938 846 1064 917 vel
1099 851 1286 920 tunc
1331 845 1778 939 placuisset

243 958 379 1031 sibi
428 959 853 1051 baptizari,
908 961 1036 1033 vel
1088 982 1249 1033 non
1301 962 1770 1055 placuisset,

241 1074 390 1146 imo
439 1075 1012 1168 displicuisset,
1061 1082 1138 1150 et
1183 1078 1615 1151 secundum
1661 1077 1773 1149 ul-

241 1190 513 1263 timum
585 1191 908 1264 modum
988 1193 1501 1285 judicaretur
1583 1194 1774 1266 talis

237 1308 659 1382 habitualis
702 1330 1145 1383 consensus
1189 1310 1313 1383 vel
1357 1311 1771 1385 dissensus

235 1446 398 1497 esse
459 1427 539 1498 in
596 1432 1042 1519 posterum,
1097 1432 1369 1501 tamen
1453 1429 1520 1500 si
1595 1429 1772 1521 quis

233 1550 435 1618 esset
470 1546 799 1618 omnino
840 1566 1002 1618 non
1045 1546 1587 1628 consentienS‚
1624 1568 1771 1619 nec

231 1660 727 1746 dissentiens,
783 1668 950 1737 tam
1024 1664 1463 1738 actualiter
1532 1684 1772 1757 quam

231 1775 773 1860 habitualiter‚
821 1785 902 1854 et
953 1785 1224 1854 tamen
1280 1788 1511 1854 utens
1577 1783 1773 1855 rati·

234 1915 392 1974 one,
451 1916 610 1967 non
687 1901 903 1970 esset
998 1917 1253 1990 capax
1341 1898 1765 1991 Baptismi‚

232 2009 405 2102 quia
444 2032 540 2082 ex
607 2032 761 2104 quo
815 2011 1080 2085 utitur
1139 2014 1483 2094 ratione,
1537 2034 1771 2106 opor-

228 2131 334 2200 tet
396 2130 602 2219 quod
673 2128 966 2201 habeat
1025 2129 1535 2231 devotiqnem
1630 2129 1773 2202 ali-

229 2263 455 2335 quam
512 2245 606 2316 ad
676 2247 1323 2327 Sacramentum,
1402 2246 1469 2318 si
1542 2247 1770 2321 debet

229 2358 370 2431 sibi
400 2359 705 2440 valere,
805 2358 1050 2434 aliter
1089 2361 1304 2433 enim
1349 2361 1772 2437 videretur

231 2481 768 2548 contemnere.

311 2593 419 2663 Ad
492 2593 849 2685 primum
935 2599 1506 2685 argumentum
1562 2594 1765 2676 dico,

190 2709 426 2798 'quod
497 2708 579 2779 in
628 2708 1052 2801 Baptismo
1115 2709 1373 2800 magis
1437 2708 1768 2801 proprie

230 2828 342 2897 est
380 2823 706 2917 adoptio
752 2824 830 2895 in
871 2822 1151 2906 filium,
1198 2844 1436 2917 quam
1481 2825 1769 2898 Matri-

231 2938 604 3019 monium,
645 2939 834 3031 quia
871 2940 1258 3031 parvulus
1300 2960 1459 3011 non
1499 2945 1767 3033 potest

225 3053 365 3126 dici
410 3056 748 3148 proprie
811 3056 1299 3129 contrahere
1346 3056 1767 3130 Matrimo-

225 3169 461 3255 nium,
562 3192 746 3245 cum
814 3193 976 3244 non
1058 3177 1343 3248 utatur
1415 3172 1762 3257 ratione,

230 3288 446 3378 cujus
511 3309 704 3360 usus
774 3288 1236 3381 requiritur
1297 3290 1390 3361 ad
1443 3309 1763 3362 omnem

225 3412 772 3487 contractum;
849 3408 928 3480 in
994 3408 1424 3500 adoptione
1491 3412 1764 3481 autem

227 3520 517 3595 sufficit
552 3521 774 3595 solus
824 3527 1054 3596 actus
1100 3523 1763 3615 adoptantis,etsi

227 3640 525 3711 nullum
586 3638 876 3712 habeat
918 3638 1387 3731 adoptatus.

304 3757 410 3829 Ad
455 3755 890 3828 secundum
941 3755 1142 3836 dico,
1199 3756 1405 3847 quod
1450 3756 1765 3830 malitia

178 3875 485 3962 ‚potest
545 3892 720 3943 esse
819 3871 1199 3955 ministri,
1284 3871 1762 3963 inquantum

178 3988 619 4102 „ministen
695 3987 1010 4062 scilicet
1080 3989 1158 4060 in
1231 3989 1441 4061 male
1493 3988 1763 4061 minis-

178 4107 534 4186 tuendo,
578 4105 708 4177 vel
753 4103 954 4196 'quia
1012 4125 1172 4176 non
1240 4105 1435 4177 bene
1478 4105 1756 4188 credit,

178 4259 194 4288 .,
228 4219 342 4291 vel
385 4220 574 4313 quia
616 4241 773 4292 non
819 4220 1160 4294 intendit
1200 4221 1578 4293 conferre
1623 4226 1761 4296 Sa-

226 4341 762 4416 cramentum;
808 4341 889 4409 et
957 4335 1125 4407 haec
1197 4336 1536 4420 malitia,
1599 4357 1760 4409 ma-

223 4450 424 4525 xime
495 4472 653 4525 uon
704 4452 1180 4531 intendendi.
1238 4452 1567 4546 impedit
1628 4458 1760 4529 Sa·

227 4575 725 4640 eramentum
779 4568 1166 4649 conferri,
1206 4570 1471 4658 magis
1516 4588 1754 4661 quam

227 4683 530 4757 malitia
599 4685 857 4755 moris
950 4685 1030 4756 in
1094 4685 1612 4776 suscipiente,
1675 4689 1756 4758 et

225 4798 423 4871 ratio
511 4799 826 4871 dicetur
897 4800 974 4871 in
1050 4799 1566 4872 distinctione
1636 4822 1756 4872 se-

227 4915 507 5004 quenti.
554 4915 736 4987 Alia
771 4920 1042 4989 autom
1079 4920 1348 5010 potest
1382 4938 1559 4989 esse
1597 4937 1754 4989 ma-

224 5026 387 5102 litia
429 5032 815 5113 ministri,
873 5052 1030 5103 non
1094 5031 1572 5124 inquantum
1618 5033 1756 5104 mi-

223 5144 493 5232 nister,
530 5149 662 5221 sed
694 5147 1280 5230 concomitans,
1320 5152 1518 5241 puta
1550 5149 1755 5241 quod

228 5266 341 5335 est
372 5264 451 5335 in
494 5268 825 5357 peccato
869 5265 1241 5346 mortali;
1289 5268 1365 5337 et
1400 5265 1549 5337 hoc
1593 5285 1754 5338 non

229 5375 542 5471 impedit
639 5385 1259 5455 Sacramentum
1365 5382 1749 5455 conferri.

232 5493 445 5571 Patet
487 5517 688 5589 ergo
742 5498 944 5590 quod
987 5518 1145 5570 non
1200 5498 1543 5572 intentio
1617 5500 1756 5571 mi-

229 5609 456 5685 nistri
525 5614 883 5706 impedit,
958 5615 1092 5685 sed
1161 5633 1324 5685 non
1382 5613 1760 5706 quaelibet

3328 457 3440 521 421

1891 612 2054 685 alia
2097 584 2438 689 malitia.
2502 617 2681 687 Non
2740 620 3012 689 autem
3067 617 3439 708 sequitur

1891 750 1990 801 ex
2047 729 2225 814 hoc,
2298 723 2498 823 ergo
2556 754 2716 805 non
2786 733 3129 808 intentio
3191 735 3437 807 susci-

1891 847 2189 938 pientis
2279 848 2635 941 impedit,
2720 848 2909 941 quia
2984 850 3064 921 in
3143 856 3435 942 agente

1891 964 2262 1059 secundo,
2360 965 2611 1039 etiam
2688 966 3155 1058 requiritur
3232 968 3433 1060 quod

1891 1098 2035 1170 per
2069 1101 2153 1152 se
2208 1081 2560 1174 pertinet
2603 1083 2698 1154 ad
2749 1100 3021 1173 agenS,
3072 1084 3279 1175 quod
3310 1088 3433 1155 est

1890 1196 2304 1270 intendere
2345 1197 2426 1270 in
2469 1203 2759 1289 agente
2793 1219 2939 1291 per
2989 1200 3428 1281 rationem3

1890 1311 2235 1386 intentio
2304 1319 2578 1387 autem
2676 1334 2836 1386 non
2911 1335 3057 1407 per
3144 1337 3231 1387 se
3308 1322 3433 1391 est

1889 1430 2436 1523 suscipientis,
2581 1432 3060 1524 inquantum
3159 1432 3432 1526 hujus-

1888 1545 2126 1617 modi.

1974 1664 2088 1735 Ad
2158 1663 2524 1744 tertium,
2600 1663 3015 1737 dicendum
3089 1666 3291 1758 quod
3363 1666 3427 1737 si
3531 1682 3610 1731 Ad
3639 1683 3692 1735 3.

1887 1777 2207 1850 adultus
2276 1779 2830 1871 baptizandus,
2895 1803 2992 1852 ex
3039 1785 3233 1853 voto
3313 1781 3425 1853 in-

1888 1896 2138 1969 tendit
2184 1896 2657 1971 renuntiare
2714 1898 3055 1970 Diabolo
3089 1902 3171 1971 et
3214 1919 3431 1991 pom-

1888 2011 2007 2105 pis
2067 2012 2269 2104 ejus‚
2326 2019 2597 2087 tamen
2643 2013 3178 2088 illud-votum
3232 2036 3431 2108 prae-

1882 2130 2164 2202 cedens
2205 2150 2366 2201 non
2423 2134 2545 2203 est
2605 2129 2696 2202 de
2754 2133 3245 2205 necessitate
3298 2136 3430 2208 Sa-

1882 2247 2308 2329 cramenti‚
2356 2248 2489 2319 sed
2531 2248 2948 2340 pertinens
2981 2252 3300 2322 tantum
3334 2250 3430 2322 ad
3500 2286 3509 2293 ·

1880 2364 2056 2457 ejus
2099 2362 2728 2438 solemnitatem.

1989 2481 2101 2552 Ad
2139 2479 2377 2561 aliud,
2417 2483 2769 2554 concedo
2817 2483 3031 2572 quod
3091 2502 3429 2554 consue·
3530 2496 3613 2545 Ad
3640 2497 3693 2548 4.

1881 2598 2071 2671 tudo
2116 2597 2503 2670 Ecclesiae
2547 2598 2751 2670 bona
2803 2602 2952 2680 est,
3024 2601 3225 2691 quod
3257 2600 3430 2671 nul-

1881 2713 2049 2786 lum
2119 2714 2483 2790 adultum
2578 2716 2961 2817 baptiza-t,
3036 2715 3192 2788 nisi
3266 2737 3429 2788 res-

1886 2832 2230 2924 pondeat
2272 2853 2421 2924 pro
2474 2832 2769 2925 seipSO‚
2803 2837 2885 2906 et
2926 2837 3050 2905 est
3093 2854 3428 2906 consue-

1880 2948 2072 3020 tudo
2124 2947 2552 3021 laudabilis
2603 2954 2684 3024 et
2750 2950 3290 3032 rationabiliS,
3341 2952 3427 3022 ut

1882 3063 2144 3135 solum
2206 3064 2486 3137 volens
2547 3065 3058 3138 adscribatur
3098 3063 3429 3136 familiae

1882 3180 2214 3254 Christi.
2260 3182 2401 3257 Sed
2436 3181 2626 3256 licet
2665 3204 2825 3254 non
2870 3183 3424 3276 responderet,

1881 3299 2069 3388 quia
2112 3298 2424 3372 scilicet
2475 3319 2633 3370 non
2668 3304 3043 3373 uteretur
3079 3299 3422 3381 ratione,

1882 3417 1967 3487 ut
2043 3415 2481 3497 dormiens,
2573 3421 2849 3507 posset
2920 3415 3069 3488 sibi
3148 3421 3429 3490 Sacra--

1878 3536 2243 3604 mentum
2286 3532 2673 3614 conferri,
2737 3532 2923 3603 dum
2994 3536 3267 3604 tamen
3301 3554 3425 3603 es-

1882 3651 2002 3720 set
2100 3647 2634 3722 habitualiter
2674 3650 3232 3728 consentiens;
3292 3647 3425 3721 sed

1877 3764 2052 3847 hoc,
2103 3770 2190 3838 ut
2238 3765 2539 3838 dictum
2601 3770 2724 3838 est
2790 3765 3039 3858 prius,
3103 3786 3262 3836 non
3295 3787 3423 3837 ex-

1880 3883 2089 3975 pedit
2161 3881 2453 3961 facere,
2534 3882 2666 3954 sed
2727 3887 3161 3974 expectare
3230 3888 3423 3956 tem-

1878 4021 2050 4093 pus,
2154 4019 2309 4091 quo
2406 3997 2844 4072 actualiter
2930 3999 3412 4073 consentiat.

2330 4253 2965 4316 COMMENTARIUS.

1951 4465 2046 4549 (b)
2077 4457 2167 4528 De
2235 4467 2421 4528 tertio
2491 4463 2803 4537 membro,
2866 4469 2991 4525 etc.
3038 4464 3420 4541 Respondet
3577 4510 3604 4564 3

1875 4588 2140 4655 Doctor,
2203 4579 2382 4659 quod
2441 4579 2836 4641 dissentiens
2907 4580 3213 4658 negative
3306 4584 3417 4641 aut
3442 4568 3754 4684 ὀξέὃῗῐῑὶεῑξὲῗιέ

1875 4698 2196 4758 contrarie
2237 4708 2369 4755 non
2428 4693 2793 4770 baptizatur
2846 4692 3086 4754 valide.
3133 4693 3240 4752 Est
3280 4695 3409 4752 Au·
3485 4697 3734 4769 negativa,

1869 4813 2114 4894 guslini
2160 4812 2304 4872 loco
2364 4825 2562 4886 supra
2621 4808 2813 4869 citato
2860 4811 2928 4869 in
2971 4825 3130 4870 com.
3170 4825 3412 4885 praece·
3440 4766 3762 4892 autgganuve

1873 4933 2065 5003 denti,
2113 4947 2197 4990 ea:
2240 4929 2352 4989 lib.
2386 4928 2444 4986 4.
2478 4932 2556 4990 de
2594 4930 2944 5003 BceptismO,
3005 4942 3145 5002 cap.
3207 4927 3307 4987 24.
3341 4928 3417 4987 Et
3442 4889 3752 4951 bapnzatur.

1872 5046 2106 5125 probat
2139 5062 2223 5106 ex
2252 5043 2357 5106 illo
2399 5045 2667 5105 ,loannis
2696 5048 2756 5106 9.
2791 5049 3038 5105 aecatem
3067 5043 3418 5118 habecst'pse

1863 5178 1988 5239 pro
2034 5179 2099 5224 se
2152 5162 2533 5246 respondeat
2550 5182 2572 5234 ,·
2628 5158 2780 5221 ideo
2839 5165 3063 5221 autem
3133 5158 3416 5220 infantes

1867 5279 2008 5341 sine
2097 5291 2424 5340 consensu
2495 5275 2906 5353 baptizantur
2960 5273 3213 5349 valide,
3266 5275 3416 5352 quia

1867 5395 2167 5458 nondum
2211 5391 2432 5455 arbitri
2480 5393 2788 5471 suiipsius
2839 5408 2920 5453 ex
2971 5391 3237 5454 defectu
3265 5400 3416 5454 aeta·

1873 5511 1952 5572 tis
1984 5531 1999 5583 ;
2052 5526 2140 5571 an
2175 5515 2397 5572 autem
2428 5510 2800 5586 requiratur
2827 5508 2892 5568 in
2926 5510 3019 5569 eis
3054 5522 3416 5568 consensus

1874 5630 2226 5706 parentum
2297 5632 2407 5687 aut
2480 5628 2763 5686 tutorum
2825 5623 2910 5686 ad
2952 5623 3240 5687 valorem
3298 5624 3411 5684 Sa-
