4255 6375
1334 354 1540 419 DIST.
1587 354 1692 419 Vl.
1730 352 2092 430 QuAESTlo
2120 356 2198 416 V.

144 518 622 606 respectu
663 514 934 588 ultimi
965 514 1149 587 finis
1190 508 1615 608 Baptismi‚
1662 512 1794 584 sed

152 636 623 724 respectu
677 633 1103 725 Baptismi.

268 749 415 822 Ad
479 751 928 824 secundum
980 750 1181 833 dico,
1251 750 1452 843 quod
1505 750 1598 822 ad
1648 750 1792 819 Ba-

148 863 633 957 ptismum
742 866 1158 960 pertinent
1252 866 1524 959 aliqua
1625 865 1795 937 tan·

151 1001 468 1075 quam
537 983 1008 1065 intrinseca,
1074 986 1150 1055 et
1210 984 1617 1076 aliquant
1668 1004 1793 1054 ex-

150 1098 627 1181 ‘trinseca3
672 1104 753 1174 et
787 1102 1137 1173 concedo
1183 1100 1388 1191 quod
1436 1099 1638 1172 nihil
1682 1100 1790 1171 in-

158 1212 596 1288 trinsece
641 1217 995 1307 pertinet
1037 1216 1130 1287 ad
1181 1215 1472 1309 ipsum,
1525 1216 1652 1288 vel
1699 1216 1790 1287 ad

160 1327 850 1404 fundamentum
905 1331 1108 1423 ejus,
1171 1330 1328 1403 nisi
1383 1330 1785 1403 sensibile.

160 1449 541 1519 Tamen
576 1446 788 1520 sicut
839 1466 1086 1519 causa
1132 1447 1486 1520 efficiens
1531 1447 1792 1539 requi-

167 1565 440 1639 ritur
527 1565 996 1638 necessario
1078 1565 1171 1636 ad
1253 1564 1543 1657 ipsum,
1622 1568 1792 1636 tan-

164 1701 467 1773 quam
542 1703 790 1756 causa
862 1682 1353 1762 extrinseca,
1423 1681 1539 1752 ita
1599 1680 1790 1753 illud

170 1798 423 1888 quod
491 1802 616 1871 est
679 1798 909 1889 quasi
971 1797 1461 1890 principium
1506 1796 1787 1887 agendi

166 1914 347 1987 tali
439 1936 723 1988 causae
790 1915 1203 1988 effectivae.
1284 1914 1784 2007 Principium

174 2036 506 2106 autem
641 2032 1111 2105 ultimatum
1239 2031 1789 2104 determinans

179 2166 475 2238 agens
564 2147 1113 2221 intellectuale
1184 2148 1277 2219 ad
1364 2148 1783 2238 agendum,

179 2268 333 2339 est
407 2263 789 2347 intentio,
861 2264 1049 2355 quia
1106 2264 1273 2335 tale
1335 2283 1583 2355 agens
1644 2284 1790 2355 per

186 2380 671 2473 imperium
740 2380 1215 2461 voluntatis,
1319 2383 1443 2452 est
1539 2400 1787 2451 causa

186 2498 500 2571 activa
584 2499 895 2572 motiva
1001 2498 1354 2571 aliarum
1446 2498 1784 2590 potenti-

186 2633 499 2698 arum,
538 2634 714 2705 quae
767 2612 1188 2705 subjacent
1249 2611 1594 2704 irnperio
1645 2618 1785 2683 v'o-

186 2730 604 2805 luntatis.
717 2731 1043 2813 Quando
1146 2748 1344 2820 ergo
1454 2728 1779 2810 dicitur,

195 2845 431 2936 quod
495 2845 698 2919 nihil
771 2847 1123 2939 pertinet
1183 2846 1275 2917 ad
1320 2849 1784 2919 Sacramen-

202 2966 424 3042 tum,
498 2962 657 3035 nisi
720 2962 826 3037 sit
886 2962 1183 3055 aliquid
1240 2962 1780 3044 sacramenti,

202 3078 342 3149 vel
395 3100 536 3150 res
579 3079 779 3170 ejus,
818 3099 1102 3151 verum
1147 3084 1273 3153 est
1313 3080 1403 3151 de
1435 3100 1530 3151 eo
1581 3080 1783 3172 quod

208 3201 344 3271 est-
401 3197 944 3272 intrinsecum
1016 3197 1271 3290 ipsius
1325 3196 1782 3271 fundamen-

212 3313 306 3393 ti,
368 3315 505 3386 vel
560 3314 864 3406 signati
916 3313 1171 3408 ipsius
1244 3313 1777 3388 Sacramenti.

214 3433 369 3503 Sed
444 3432 788 3506 intentio
849 3436 1140 3505 neutro
1206 3433 1438 3505 modo
1500 3437 1625 3505 est
1676 3432 1784 3503 in-

214 3547 703 3630 trinsecum,
799 3548 1251 3641 requiritur
1327 3554 1597 3622 tamen
1682 3569 1778 3620 ex

220 3668 469 3757 parte
505 3665 852 3756 agentis.

312 3784 433 3855 Ad
472 3782 817 3875 primum
851 3781 1303 3876 principale
1334 3780 1533 3865 dico,
1573 3782 1776 3875 quod

134 3897 184 3950 1·
221 3919 386 3971 non
450 3898 751 3971 habens
799 3899 1031 3972 fidem
1091 3899 1181 3970 de
1239 3898 1394 3970 fine
1455 3898 1769 3979 ultimo,

220 4034 383 4088 non
466 4015 807 4090 intendit
874 4015 1253 4089 ordinare
1322 4015 1569 4087 istum
1631 4035 1774 4106 per

220 4132 735 4226 Baptismum
807 4134 902 4203 ad
971 4132 1201 4204 illum
1268 4131 1506 4203 finem
1586 4131 1774 4204 ulti-

220 4269 485 4330 mum;
552 4249 884 4321 credens
954 4252 1227 4322 tamen
1289 4269 1468 4320 eum
1532 4268 1772 4341 posse

218 4383 364 4455 per
471 4365 981 4459 Baptismum
1077 4365 1425 4438 adscribi
1527 4367 1766 4438 sectae
1883 4386 2271 4466 principium
2304 4399 2387 4445 ex
2431 4386 2615 4461 parte
2663 4385 2921 4461 agentis
2976 4401 3012 4444 a
3057 4391 3420 4464 proposito,
3464 4371 3765 4439 intentione·

221 4480 905 4564 Christianorum,
942 4481 1110 4553 sive
1153 4483 1428 4555 credat
1462 4487 1765 4557 sectam

222 4598 447 4672 illam
505 4601 804 4681 valere,
871 4599 1040 4671 sive
1079 4618 1266 4681 non,
1332 4604 1598 4692 potest
1658 4601 1764 4670 in-

222 4718 545 4790 tendere
604 4714 1065 4790 adscribere
1139 4716 1387 4789 istum
1452 4716 1570 4788 illi
1649 4739 1764 4789 se-

226 4837 414 4918 ctae3
485 4835 614 4908 vel
682 4832 1145 4925 generalius
1193 4836 1455 4926 potest
1510 4834 1758 4907 inten-

228 4948 404 5023 dere
446 4951 713 5025 facere
748 4970 894 5043 per
927 4955 1197 5023 actum
1251 4949 1499 5023 istum
1534 4951 1757 5023 circa

226 5061 449 5148 hunc,
532 5065 736 5159 quod
812 5064 1259 5140 Christiani
1336 5067 1756 5140 intendunt

226 5177 483 5256 facere
584 5181 807 5255 circa
894 5182 1123 5255 tales.
1246 5184 1751 5275 Exemplum,

230 5314 534 5386 possem
568 5300 782 5372 enim
834 5319 1008 5391 ego,
1055 5300 1385 5372 credens
1437 5301 1480 5372 J
1491 5301 1755 5374 udaeos

230 5432 363 5503 per
423 5416 1136 5490 circumcisionem
1208 5417 1599 5509 distingui
1658 5419 1789 5502 ab,

232 5529 424 5616 aliis,
501 5532 916 5607 intendere
1007 5531 1218 5606 hunc
1328 5535 1751 5627 parvulum

3345 357 3464 420 567

1910 515 2154 586 sectae
2196 514 2659 588 Judaeorum
2712 516 3198 596 adscribere,
3244 521 3326 593 et
3358 517 3467 589 fa-

1908 650 2095 702 cere
2165 631 2391 706 circa
2445 653 2654 714 eum,
2741 634 2942 725 quod
3019 634 3273 706 Judaei
3357 634 3466 708 fa-

1907 745 2131 818 ciunt
2237 747 2460 822 circa
2590 770 2781 821 suos
2900 751 3459 835 circumcisos,

1906 862 2233 937 etiamsi
2292 885 2453 937 non
2539 866 2955 957 crederem
3035 867 3466 943 circumci-

1907 980 2218 1052 sionem
2281 978 2505 1053 illam
2578 981 2856 1054 valere
2922 981 3016 1053 ad
3086 983 3461 1056 salutem.

1908 1096 2079 1167 Hoc
2178 1095 2427 1167 etiam
2500 1097 2730 1169 modo
2831 1098 3103 1191 aliqua
3186 1099 3456 1182 verba,

1907 1212 2194 1305 quibus
2267 1216 2611 1286 utuntur
2681 1215 2900 1306 magi
2988 1218 3117 1287 vel
3168 1217 3460 1308 magiae

1906 1328 2445 1409 incantantes,
2529 1335 2806 1422 posset
2858 1331 3151 1423 aliquis
3226 1333 3456 1405 bonae

1903 1445 2081 1518 fidei
2190 1444 2566 1539 proferre
2684 1446 2904 1520 circa
3021 1449 3454 1521 materiam

1906 1562 2157 1640 illam,
2232 1562 2455 1634 circa
2535 1582 2772 1654 quam
2861 1562 3001 1634 alii
3079 1567 3450 1647 utuntur,

1908 1677 2324 1749 intendens
2389 1677 2470 1750 in
2546 1679 2910 1769 generali
2984 1679 3253 1752 facere
3315 1681 3456 1752 illa

1905 1792 1997 1862 ad
2050 1791 2282 1864 illum
2336 1792 2601 1875 finem,
2658 1794 2752 1866 ad
2816 1815 3048 1886 quem
3095 1795 3213 1867 illi
3276 1815 3454 1887 pro-

1907 1905 2205 1981 ferunt.

1996 2024 2108 2097 Ad
2171 2026 2601 2098 secundum
2661 2025 2864 2107 dico,
2925 2027 3130 2118 quod
3199 2027 3453 2100 ebrio-

1905 2161 2041 2212 sus
2083 2144 2233 2223 est,
2290 2141 2420 2232 qui
2472 2144 2595 2213 est
2637 2147 3011 2214 assuetus
3054 2142 3148 2213 ad
3199 2143 3450 2215 ebrie·

1904 2258 2181 2337 tatem,
2273 2262 2352 2330 et
2441 2257 2594 2331 iste
2681 2278 2840 2330 non
2930 2279 3252 2351 semper
3326 2264 3448 2334 est

1901 2372 2200 2455 ebrius,
2258 2374 2446 2465 quia
2512 2394 2671 2445 non
2739 2396 3061 2468 semper
3121 2376 3451 2469 impedi-

1900 2490 2031 2561 tus
2084 2489 2182 2561 ab
2228 2492 2411 2564 actu
2469 2491 2842 2563 rationis.
2895 2494 3199 2564 Verum
3247 2514 3447 2586 ergo

1899 2605 2090 2681 dicit
2152 2608 2656 2699 Augustinus
2727 2634 2740 2676 τ
2801 2613 2948 2678 Non.
3019 2615 3214 2678 timeo
3271 2614 3447 2679 ebri-

1898 2748 2106 2807 osum,
2146 2723 2217 2795 id
2259 2729 2407 2809 est,
2467 2731 2885 2798 assuetum
2946 2726 3447 2817 generaliter

1900 2842 1994 2914 ad
2059 2841 2565 2927 ebrietatem,
2641 2843 2826 2936 quia
2899 2844 3035 2916 illa
3108 2865 3445 2917 consue-

1901 2961 2088 3033 tudo
2136 2961 2366 3041 mala,
2403 2981 2563 3033 non
2615 2961 3008 3054 prohibet,
3061 2960 3247 3054 quin
3299 2962 3442 3032 Ba-

1902 3076 2250 3170 ptismus
2302 3078 2399 3150 ab
2443 3099 2537 3150 eo
2591 3078 2941 3152 collatus
2986 3079 3093 3152 sit
3153 3077 3435 3164 bonus,

1896 3216 2056 3267 non
2113 3199 2386 3268 tamen
2443 3199 2752 3288 quando
2803 3202 2927 3272 est
2995 3198 3294 3269 ebrius.
3341 3200 3444 3271 Et

1897 3313 2046 3387 hoc
2124 3316 2295 3388 dico
2378 3311 2757 3408 perfecte,
2838 3317 3148 3407 quando
3235 3318 3441 3388 tota-

1895 3431 2089 3505 liter
2194 3432 2631 3525 impeditur
2708 3433 2947 3514 ratio,
3023 3433 3155 3505 sed
3233 3434 3438 3505 alias

1895 3550 2209 3641 quando
2267 3554 2391 3624 est
2451 3569 2612 3622 non
2654 3549 3111 3642 impedituS,
3151 3553 3437 3643 potens

1895 3668 2217 3742 ratione
2259 3668 2404 3742 uti.

2327 3887 2962 3952 COMMENTARIUS.

1964 4151 2051 4234 (a)
2082 4151 2179 4212 Ad
2202 4136 2393 4212 islam
2425 4149 2855 4226 quaesczbnem,
2891 4153 3016 4211 etc.
3055 4150 3168 4213 Hic
3214 4152 3432 4232 agitur

1886 4271 1968 4333 de
2011 4268 2402 4338 intentione,
2462 4268 2854 4342 inquantum
2925 4269 3302 4347 requiritur,
3353 4276 3428 4332 ut

1882 4503 2089 4585 qualis
2135 4509 2233 4564 est
2286 4500 2618 4575 minister;
2681 4505 2985 4578 superius
3029 4509 3247 4566 autem
3309 4523 3419 4566 ex-

1879 4621 2039 4682 clusi
2085 4622 2235 4678 sunt
2280 4622 2578 4678 amentes
2631 4624 2696 4678 et
2745 4620 3093 4695 incapaces
3154 4621 3422 4685 rationis

1879 4753 1916 4796 a
1974 4733 2332 4797 ministerio
2379 4734 2809 4808 sacramenti,
2858 4735 3011 4813 quia
3049 4736 3130 4798 ab
3176 4737 3254 4798 iis
3286 4753 3418 4800 non

1872 4856 2091 4933 potest
2147 4848 2512 4928 procedere
2561 4852 2727 4913 actio
2787 4851 3096 4927 humana,
3143 4855 3247 4915 vel
3287 4856 3412 4916 hoc

1872 4964 2304 5027 ministerium
2374 4962 2571 5026 modo
2629 4964 2943 5038 humane,
2997 4967 3108 5044 qui
3175 4973 3276 5029 est
3345 4974 3417 5030 ut

1869 5080 2191 5160 procedat
2244 5078 2578 5140 mediante
2636 5080 3000 5143 intentione
3034 5087 3102 5144 et
3141 5084 3415 5148 scientia

1871 5216 1991 5279 per
2036 5196 2309 5260 modum
2332 5196 2563 5276 judicii
2596 5201 2660 5257 et
2693 5195 3128 5274 discretioniS,
3163 5205 3229 5261 et
3280 5219 3413 5265 non

1869 5316 2150 5378 fortuitae
2181 5319 2292 5375 aut
2319 5330 2515 5376 mera}
2544 5314 3111 5392 apprehensioniS,
3161 5321 3226 5377 et
3266 5319 3409 5381 sine

1870 5433 2048 5495 omni
2096 5447 2224 5491 usu
2260 5430 2548 5492 rationis.
2604 5431 2744 5490 Non
2786 5432 3003 5510 agitur
3049 5437 3272 5494 autem
3303 5435 3408 5497 hic

1870 5548 1952 5610 de
1999 5547 2306 5626 qualitate
2336 5548 2738 5621 intentioniS‚
2783 5547 2902 5610 sed
2949 5548 3031 5610 de
3065 5547 3203 5626 eJ'us
3245 5551 3402 5612 sub-

3560 2137 3644 2187 Ad
3671 2140 3726 2190 2.

3595 4251 3641 4302 1.

3579 4314 3658 4365 De
