<?xml version="1.0" encoding="UTF-8"?>
<!DOCTYPE html PUBLIC "-//W3C//DTD XHTML 1.0 Transitional//EN"
    "http://www.w3.org/TR/xhtml1/DTD/xhtml1-transitional.dtd">
<html xmlns="http://www.w3.org/1999/xhtml" xml:lang="en" lang="en">
 <head>
  <title>
</title>
<meta http-equiv="Content-Type" content="text/html;charset=utf-8" />
  <meta name='ocr-system' content='tesseract 3.04.00' />
  <meta name='ocr-capabilities' content='ocr_page ocr_carea ocr_par ocr_line ocrx_word'/>
</head>
<body>
  <div class='ocr_page' id='page_1' title='image "./joannisdunsscot02waddgoog_0441.png"; bbox 0 0 4255 6375; ppageno 0'>
   <div class='ocr_carea' id='block_1_1' title="bbox 1361 453 3480 529">
    <p class='ocr_par' dir='ltr' id='par_1_1' title="bbox 1361 453 3480 529">
     <span class='ocr_line' id='line_1_1' title="bbox 1361 453 3480 529; baseline -0.001 -11"><span class='ocrx_word' id='word_1_1' title='bbox 1361 456 1559 519; x_wconf 78' lang='lat' dir='ltr'>DlS&#39;i&#39;.</span> <span class='ocrx_word' id='word_1_2' title='bbox 1605 456 1701 518; x_wconf 79' lang='lat' dir='ltr'>iv.</span> <span class='ocrx_word' id='word_1_3' title='bbox 1752 453 2114 529; x_wconf 76' lang='lat' dir='ltr'>QUAESTlo</span> <span class='ocrx_word' id='word_1_4' title='bbox 2159 456 2231 516; x_wconf 82' lang='lat' dir='ltr'>V.</span> <span class='ocrx_word' id='word_1_5' title='bbox 3361 462 3480 524; x_wconf 86' lang='grc'>437</span> 
     </span>
    </p>
   </div>
   <div class='ocr_carea' id='block_1_2' title="bbox 171 616 3467 1224">
    <p class='ocr_par' dir='ltr' id='par_1_2' title="bbox 172 616 3467 1181">
     <span class='ocr_line' id='line_1_2' title="bbox 172 616 3467 788; baseline 0.003 -102"><span class='ocrx_word' id='word_1_6' title='bbox 172 630 227 788; x_wconf 49' lang='grc' dir='ltr'>Ξ,</span> <span class='ocrx_word' id='word_1_7' title='bbox 275 635 409 688; x_wconf 89' lang='lat' dir='ltr'>nec</span> <span class='ocrx_word' id='word_1_8' title='bbox 473 616 633 689; x_wconf 88' lang='lat' dir='ltr'>alia</span> <span class='ocrx_word' id='word_1_9' title='bbox 692 621 879 692; x_wconf 92' lang='lat' dir='ltr'>sunt</span> <span class='ocrx_word' id='word_1_10' title='bbox 929 618 1212 699; x_wconf 88' lang='lat' dir='ltr'>deleta,</span> <span class='ocrx_word' id='word_1_11' title='bbox 1294 622 1374 690; x_wconf 91' lang='lat' dir='ltr'>et</span> <span class='ocrx_word' id='word_1_12' title='bbox 1444 618 1618 690; x_wconf 88' lang='lat' dir='ltr'>ideo</span> <span class='ocrx_word' id='word_1_13' title='bbox 1682 637 1804 687; x_wconf 87' lang='lat' dir='ltr'>ra-</span> <span class='ocrx_word' id='word_1_14' title='bbox 1923 620 2195 690; x_wconf 83' lang='lat' dir='ltr'>omnia</span> <span class='ocrx_word' id='word_1_15' title='bbox 2249 638 2498 711; x_wconf 88' lang='lat' dir='ltr'>opera</span> <span class='ocrx_word' id='word_1_16' title='bbox 2543 639 2689 691; x_wconf 88' lang='lat' dir='ltr'>sua</span> <span class='ocrx_word' id='word_1_17' title='bbox 2734 626 3063 695; x_wconf 89' lang='lat' dir='ltr'>mortua</span> <span class='ocrx_word' id='word_1_18' title='bbox 3116 627 3344 704; x_wconf 90' lang='lat' dir='ltr'>sunt;</span> <span class='ocrx_word' id='word_1_19' title='bbox 3400 623 3467 695; x_wconf 90' lang='lat' dir='ltr'>si</span> 
     </span>
     <span class='ocr_line' id='line_1_3' title="bbox 217 733 3466 827; baseline 0.002 -20.134"><span class='ocrx_word' id='word_1_20' title='bbox 217 733 651 807; x_wconf 82' lang='lat' dir='ltr'>-tionabile</span> <span class='ocrx_word' id='word_1_21' title='bbox 726 739 878 814; x_wconf 88' lang='lat' dir='ltr'>est</span> <span class='ocrx_word' id='word_1_22' title='bbox 909 737 1116 827; x_wconf 90' lang='lat' dir='ltr'>quod</span> <span class='ocrx_word' id='word_1_23' title='bbox 1187 741 1562 827; x_wconf 90' lang='lat' dir='ltr'>respectu</span> <span class='ocrx_word' id='word_1_24' title='bbox 1623 734 1800 827; x_wconf 90' lang='lat' dir='ltr'>ejus</span> <span class='ocrx_word' id='word_1_25' title='bbox 1919 739 2193 808; x_wconf 87' lang='lat' dir='ltr'>autem</span> <span class='ocrx_word' id='word_1_26' title='bbox 2263 757 2422 809; x_wconf 91' lang='lat' dir='ltr'>non</span> <span class='ocrx_word' id='word_1_27' title='bbox 2500 737 2791 812; x_wconf 87' lang='lat' dir='ltr'>fuisset</span> <span class='ocrx_word' id='word_1_28' title='bbox 2848 739 3110 821; x_wconf 87' lang='lat' dir='ltr'>fictus,</span> <span class='ocrx_word' id='word_1_29' title='bbox 3174 739 3466 814; x_wconf 87' lang='lat' dir='ltr'>fuisset</span> 
     </span>
     <span class='ocr_line' id='line_1_4' title="bbox 173 849 3457 950; baseline 0.003 -30.081"><span class='ocrx_word' id='word_1_30' title='bbox 173 870 420 921; x_wconf 85' lang='lat' dir='ltr'>umnon</span> <span class='ocrx_word' id='word_1_31' title='bbox 473 849 764 925; x_wconf 88' lang='lat' dir='ltr'>habeat</span> <span class='ocrx_word' id='word_1_32' title='bbox 817 853 1289 944; x_wconf 83' lang='lat' dir='ltr'>Baptismus</span> <span class='ocrx_word' id='word_1_33' title='bbox 1321 850 1800 932; x_wconf 85' lang='lat' dir='ltr'>efficaciam,</span> <span class='ocrx_word' id='word_1_34' title='bbox 1919 856 2141 933; x_wconf 86' lang='lat' dir='ltr'>tunc,</span> <span class='ocrx_word' id='word_1_35' title='bbox 2206 857 2288 927; x_wconf 91' lang='lat' dir='ltr'>et</span> <span class='ocrx_word' id='word_1_36' title='bbox 2346 858 2532 945; x_wconf 91' lang='lat' dir='ltr'>post</span> <span class='ocrx_word' id='word_1_37' title='bbox 2606 876 2858 947; x_wconf 89' lang='lat' dir='ltr'>usque</span> <span class='ocrx_word' id='word_1_38' title='bbox 2944 857 3038 929; x_wconf 87' lang='lat' dir='ltr'>ad</span> <span class='ocrx_word' id='word_1_39' title='bbox 3111 857 3457 950; x_wconf 87' lang='lat' dir='ltr'>lapsum,</span> 
     </span>
     <span class='ocr_line' id='line_1_5' title="bbox 175 967 3453 1066; baseline 0.003 -31"><span class='ocrx_word' id='word_1_40' title='bbox 175 988 222 1034; x_wconf 74' lang='lat' dir='ltr'>n·</span> <span class='ocrx_word' id='word_1_41' title='bbox 266 967 390 1039; x_wconf 90' lang='lat' dir='ltr'>sed</span> <span class='ocrx_word' id='word_1_42' title='bbox 453 972 826 1065; x_wconf 88' lang='lat' dir='ltr'>respectu</span> <span class='ocrx_word' id='word_1_43' title='bbox 872 968 1252 1052; x_wconf 89' lang='lat' dir='ltr'>aliorum,</span> <span class='ocrx_word' id='word_1_44' title='bbox 1311 987 1800 1063; x_wconf 89' lang='lat' dir='ltr'>qu1a1psum</span> <span class='ocrx_word' id='word_1_45' title='bbox 1912 969 2129 1042; x_wconf 91' lang='lat' dir='ltr'>filius</span> <span class='ocrx_word' id='word_1_46' title='bbox 2184 972 2450 1061; x_wconf 86' lang='lat' dir='ltr'>regni</span> <span class='ocrx_word' id='word_1_47' title='bbox 2532 977 2614 1046; x_wconf 91' lang='lat' dir='ltr'>et</span> <span class='ocrx_word' id='word_1_48' title='bbox 2683 994 2931 1066; x_wconf 89' lang='lat' dir='ltr'>opera</span> <span class='ocrx_word' id='word_1_49' title='bbox 2992 973 3166 1065; x_wconf 84' lang='lat' dir='ltr'>ejus</span> <span class='ocrx_word' id='word_1_50' title='bbox 3242 975 3453 1055; x_wconf 88' lang='lat' dir='ltr'>viva,</span> 
     </span>
     <span class='ocr_line' id='line_1_6' title="bbox 171 1085 3446 1224; baseline 0.003 -69.218"><span class='ocrx_word' id='word_1_51' title='bbox 171 1085 717 1224; x_wconf 67' lang='lat' dir='ltr'>teformaliter</span> <span class='ocrx_word' id='word_1_52' title='bbox 767 1088 1182 1181; x_wconf 89' lang='lat' dir='ltr'>impedivit</span> <span class='ocrx_word' id='word_1_53' title='bbox 1222 1087 1605 1161; x_wconf 83' lang='lat' dir='ltr'>effectum</span> <span class='ocrx_word' id='word_1_54' title='bbox 1648 1088 1797 1156; x_wconf 90' lang='lat' dir='ltr'>Ba-</span> <span class='ocrx_word' id='word_1_55' title='bbox 1914 1087 2197 1179; x_wconf 92' lang='lat' dir='ltr'>quibus</span> <span class='ocrx_word' id='word_1_56' title='bbox 2254 1088 2691 1162; x_wconf 89' lang='lat' dir='ltr'>meruisset</span> <span class='ocrx_word' id='word_1_57' title='bbox 2760 1095 3286 1180; x_wconf 87' lang='lat' dir='ltr'>augmentum</span> <span class='ocrx_word' id='word_1_58' title='bbox 3366 1093 3446 1163; x_wconf 89' lang='lat' dir='ltr'>et</span> 
     </span>
    </p>
   </div>
   <div class='ocr_carea' id='block_1_3' title="bbox 168 1202 3780 1539">
    <p class='ocr_par' dir='ltr' id='par_1_3' title="bbox 168 1202 3731 1539">
     <span class='ocr_line' id='line_1_7' title="bbox 170 1202 2712 1299; baseline 0 -23"><span class='ocrx_word' id='word_1_59' title='bbox 170 1257 182 1290; x_wconf 70' lang='grc'><strong>,</strong></span> <span class='ocrx_word' id='word_1_60' title='bbox 261 1202 561 1295; x_wconf 89' lang='lat' dir='ltr'>ptismi,</span> <span class='ocrx_word' id='word_1_61' title='bbox 616 1204 778 1276; x_wconf 85' lang='lat' dir='ltr'>alia</span> <span class='ocrx_word' id='word_1_62' title='bbox 812 1225 994 1276; x_wconf 91' lang='lat' dir='ltr'>non.</span> <span class='ocrx_word' id='word_1_63' title='bbox 1043 1208 1143 1278; x_wconf 89' lang='lat' dir='ltr'>Et</span> <span class='ocrx_word' id='word_1_64' title='bbox 1183 1211 1374 1279; x_wconf 88' lang='lat' dir='ltr'>tunc</span> <span class='ocrx_word' id='word_1_65' title='bbox 1427 1205 1570 1278; x_wconf 90' lang='lat' dir='ltr'>illa</span> <span class='ocrx_word' id='word_1_66' title='bbox 1614 1226 1792 1299; x_wconf 89' lang='lat' dir='ltr'>pro·</span> <span class='ocrx_word' id='word_1_67' title='bbox 1911 1202 2202 1293; x_wconf 80' lang='lat' dir='ltr'>gratiae</span> <span class='ocrx_word' id='word_1_68' title='bbox 2261 1209 2340 1277; x_wconf 89' lang='lat' dir='ltr'>et</span> <span class='ocrx_word' id='word_1_69' title='bbox 2401 1204 2712 1295; x_wconf 81' lang='lat' dir='ltr'>glor-iae.</span> 
     </span>
     <span class='ocr_line' id='line_1_8' title="bbox 261 1319 3749 1414; baseline -0.001 -22"><span class='ocrx_word' id='word_1_70' title='bbox 261 1321 558 1413; x_wconf 87' lang='lat' dir='ltr'>positio</span> <span class='ocrx_word' id='word_1_71' title='bbox 616 1348 629 1392; x_wconf 90' lang='lat'><strong>:</strong></span> <span class='ocrx_word' id='word_1_72' title='bbox 686 1326 1039 1390; x_wconf 76' lang='lat' dir='ltr'><strong><em>Peccatum</em></strong></span> <span class='ocrx_word' id='word_1_73' title='bbox 1115 1327 1395 1391; x_wconf 79' lang='lat' dir='ltr'><em>mortale</em></span> <span class='ocrx_word' id='word_1_74' title='bbox 1454 1338 1602 1412; x_wconf 78' lang='lat' dir='ltr'>post</span> <span class='ocrx_word' id='word_1_75' title='bbox 1661 1328 1790 1391; x_wconf 82' lang='lat' dir='ltr'>Ba-</span> <span class='ocrx_word' id='word_1_76' title='bbox 1996 1319 2261 1392; x_wconf 89' lang='lat' dir='ltr'>Aliter</span> <span class='ocrx_word' id='word_1_77' title='bbox 2318 1324 2585 1413; x_wconf 88' lang='lat' dir='ltr'>potest</span> <span class='ocrx_word' id='word_1_78' title='bbox 2654 1322 2833 1404; x_wconf 88' lang='lat' dir='ltr'>dici,</span> <span class='ocrx_word' id='word_1_79' title='bbox 2900 1323 3105 1414; x_wconf 90' lang='lat' dir='ltr'>quod</span> <span class='ocrx_word' id='word_1_80' title='bbox 3164 1323 3232 1395; x_wconf 89' lang='lat' dir='ltr'>si</span> <span class='ocrx_word' id='word_1_81' title='bbox 3292 1339 3585 1396; x_wconf 74' lang='lat' dir='ltr'>nonnes</span> <span class='ocrx_word' id='word_1_82' title='bbox 3591 1356 3749 1405; x_wconf 71' lang='lat' dir='ltr'>ureng</span> 
     </span>
     <span class='ocr_line' id='line_1_9' title="bbox 168 1359 3780 1539; baseline 0.002 -32"><span class='ocrx_word' id='word_1_83' title='bbox 168 1441 562 1539; x_wconf 54' lang='lat' dir='ltr'>§ispcisnmm</span> <span class='ocrx_word' id='word_1_84' title='bbox 603 1462 736 1507; x_wconf 81' lang='lat' dir='ltr'>non</span> <span class='ocrx_word' id='word_1_85' title='bbox 778 1441 1060 1521; x_wconf 74' lang='lat' dir='ltr'>deletur,</span> <span class='ocrx_word' id='word_1_86' title='bbox 1103 1444 1239 1507; x_wconf 78' lang='lat' dir='ltr'>nisi</span> <span class='ocrx_word' id='word_1_87' title='bbox 1293 1464 1417 1529; x_wconf 79' lang='lat' dir='ltr'>per</span> <span class='ocrx_word' id='word_1_88' title='bbox 1469 1445 1790 1529; x_wconf 67' lang='lat' dir='ltr'>poeniten·</span> <span class='ocrx_word' id='word_1_89' title='bbox 1906 1433 2197 1509; x_wconf 80' lang='lat' dir='ltr'>fuisset</span> <span class='ocrx_word' id='word_1_90' title='bbox 2256 1437 2517 1519; x_wconf 78' lang='lat' dir='ltr'>fictus,</span> <span class='ocrx_word' id='word_1_91' title='bbox 2582 1443 2660 1510; x_wconf 76' lang='lat' dir='ltr'>et</span> <span class='ocrx_word' id='word_1_92' title='bbox 2706 1443 2988 1531; x_wconf 79' lang='lat' dir='ltr'>postea</span> <span class='ocrx_word' id='word_1_93' title='bbox 3032 1440 3334 1532; x_wconf 78' lang='lat' dir='ltr'>lapsus,</span> <span class='ocrx_word' id='word_1_94' title='bbox 3367 1447 3530 1515; x_wconf 72' lang='lat' dir='ltr'>etr</span> <span class='ocrx_word' id='word_1_95' title='bbox 3504 1416 3651 1466; x_wconf 72' lang='lat' dir='ltr'>necp</span> <span class='ocrx_word' id='word_1_96' title='bbox 3656 1359 3780 1454; x_wconf 56' lang='lat' dir='ltr'>cnosi</span> 
     </span>
    </p>
   </div>
   <div class='ocr_carea' id='block_1_4' title="bbox 168 1477 3792 1652">
    <p class='ocr_par' dir='ltr' id='par_1_4' title="bbox 168 1477 3792 1652">
     <span class='ocr_line' id='line_1_10' title="bbox 168 1477 3792 1652; baseline 0.02 -35"><span class='ocrx_word' id='word_1_97' title='bbox 168 1521 432 1635; x_wconf 42' lang='lat' dir='ltr'>muium,</span> <span class='ocrx_word' id='word_1_98' title='bbox 525 1554 753 1626; x_wconf 89' lang='lat' dir='ltr'>debet</span> <span class='ocrx_word' id='word_1_99' title='bbox 822 1553 1171 1646; x_wconf 77' lang='lat' dir='ltr'>intelligi</span> <span class='ocrx_word' id='word_1_100' title='bbox 1276 1554 1365 1625; x_wconf 91' lang='lat' dir='ltr'>de</span> <span class='ocrx_word' id='word_1_101' title='bbox 1455 1559 1788 1646; x_wconf 76' lang='lat' dir='ltr'>Deccato</span> <span class='ocrx_word' id='word_1_102' title='bbox 1904 1559 2191 1645; x_wconf 66' lang='lat' dir='ltr'>postea</span> <span class='ocrx_word' id='word_1_103' title='bbox 2272 1555 2719 1647; x_wconf 55' lang='grc' dir='ltr'>ΡΟΘΠῙῘᾸΡῬΘἱ</span> <span class='ocrx_word' id='word_1_104' title='bbox 2813 1576 2891 1627; x_wconf 77' lang='lat' dir='ltr'>m</span> <span class='ocrx_word' id='word_1_105' title='bbox 3000 1557 3536 1652; x_wconf 64' lang='lat' dir='ltr'>poemtendog</span> <span class='ocrx_word' id='word_1_106' title='bbox 3503 1477 3792 1642; x_wconf 37' lang='lat'>‘5¹¹⁶‘</span> 
     </span>
    </p>
   </div>
   <div class='ocr_carea' id='block_1_5' title="bbox 239 1669 1788 2118">
    <p class='ocr_par' dir='ltr' id='par_1_5' title="bbox 239 1669 1788 2118">
     <span class='ocr_line' id='line_1_11' title="bbox 247 1669 1788 1763; baseline 0.001 -22"><span class='ocrx_word' id='word_1_107' title='bbox 247 1669 682 1742; x_wconf 88' lang='lat' dir='ltr'>commisso</span> <span class='ocrx_word' id='word_1_108' title='bbox 770 1674 956 1762; x_wconf 91' lang='lat' dir='ltr'>post</span> <span class='ocrx_word' id='word_1_109' title='bbox 1032 1670 1568 1763; x_wconf 87' lang='lat' dir='ltr'>Baptismum,</span> <span class='ocrx_word' id='word_1_110' title='bbox 1662 1670 1788 1742; x_wconf 91' lang='lat' dir='ltr'>vel</span> 
     </span>
     <span class='ocr_line' id='line_1_12' title="bbox 249 1788 1785 1871; baseline 0.002 -13"><span class='ocrx_word' id='word_1_111' title='bbox 249 1788 573 1862; x_wconf 91' lang='lat' dir='ltr'>omnino</span> <span class='ocrx_word' id='word_1_112' title='bbox 673 1788 1142 1871; x_wconf 71' lang='lat' dir='ltr'>inhaerente,</span> <span class='ocrx_word' id='word_1_113' title='bbox 1252 1790 1367 1862; x_wconf 93' lang='lat' dir='ltr'>sic</span> <span class='ocrx_word' id='word_1_114' title='bbox 1473 1789 1785 1862; x_wconf 88' lang='lat' dir='ltr'>scilicet</span> 
     </span>
     <span class='ocr_line' id='line_1_13' title="bbox 249 1906 1777 2001; baseline 0.002 -24"><span class='ocrx_word' id='word_1_115' title='bbox 249 1906 452 1997; x_wconf 92' lang='lat' dir='ltr'>quod</span> <span class='ocrx_word' id='word_1_116' title='bbox 502 1907 595 1978; x_wconf 90' lang='lat' dir='ltr'>de</span> <span class='ocrx_word' id='word_1_117' title='bbox 635 1907 811 2001; x_wconf 82' lang='lat' dir='ltr'>ipso</span> <span class='ocrx_word' id='word_1_118' title='bbox 846 1928 990 1981; x_wconf 89' lang='lat' dir='ltr'>nec</span> <span class='ocrx_word' id='word_1_119' title='bbox 1051 1907 1299 1981; x_wconf 86' lang='lat' dir='ltr'>fuerit</span> <span class='ocrx_word' id='word_1_120' title='bbox 1359 1907 1777 1990; x_wconf 89' lang='lat' dir='ltr'>contritio,</span> 
     </span>
     <span class='ocr_line' id='line_1_14' title="bbox 239 2024 1781 2118; baseline 0.003 -24"><span class='ocrx_word' id='word_1_121' title='bbox 239 2043 376 2097; x_wconf 92' lang='lat' dir='ltr'>nec</span> <span class='ocrx_word' id='word_1_122' title='bbox 483 2024 836 2107; x_wconf 84' lang='lat' dir='ltr'>attritiO,</span> <span class='ocrx_word' id='word_1_123' title='bbox 931 2025 1005 2097; x_wconf 93' lang='lat' dir='ltr'>in</span> <span class='ocrx_word' id='word_1_124' title='bbox 1105 2025 1551 2118; x_wconf 89' lang='lat' dir='ltr'>Baptismo,</span> <span class='ocrx_word' id='word_1_125' title='bbox 1637 2047 1781 2100; x_wconf 93' lang='lat' dir='ltr'>nec</span> 
     </span>
    </p>
   </div>
   <div class='ocr_carea' id='block_1_6' title="bbox 245 2142 1033 2235">
    <p class='ocr_par' dir='ltr' id='par_1_6' title="bbox 245 2142 1033 2235">
     <span class='ocr_line' id='line_1_15' title="bbox 245 2142 1033 2235; baseline 0.001 -23"><span class='ocrx_word' id='word_1_126' title='bbox 245 2148 423 2233; x_wconf 92' lang='lat' dir='ltr'>post</span> <span class='ocrx_word' id='word_1_127' title='bbox 495 2142 1033 2235; x_wconf 87' lang='lat' dir='ltr'>Baptismum.</span> 
     </span>
    </p>
   </div>
   <div class='ocr_carea' id='block_1_7' title="bbox 224 2259 1778 3288">
    <p class='ocr_par' dir='ltr' id='par_1_7' title="bbox 224 2259 1778 3288">
     <span class='ocr_line' id='line_1_16' title="bbox 324 2259 1778 2354; baseline -0.001 -22"><span class='ocrx_word' id='word_1_128' title='bbox 324 2259 591 2333; x_wconf 82' lang='lat' dir='ltr'>Aliter</span> <span class='ocrx_word' id='word_1_129' title='bbox 625 2263 895 2352; x_wconf 89' lang='lat' dir='ltr'>potest</span> <span class='ocrx_word' id='word_1_130' title='bbox 926 2259 1080 2332; x_wconf 89' lang='lat' dir='ltr'>dici</span> <span class='ocrx_word' id='word_1_131' title='bbox 1117 2261 1239 2350; x_wconf 86' lang='lat' dir='ltr'>(e),</span> <span class='ocrx_word' id='word_1_132' title='bbox 1289 2259 1494 2351; x_wconf 90' lang='lat' dir='ltr'>quod</span> <span class='ocrx_word' id='word_1_133' title='bbox 1539 2280 1778 2354; x_wconf 91' lang='lat' dir='ltr'>quan-</span> 
     </span>
     <span class='ocr_line' id='line_1_17' title="bbox 239 2375 1777 2468; baseline 0.001 -21"><span class='ocrx_word' id='word_1_134' title='bbox 239 2377 330 2447; x_wconf 89' lang='lat' dir='ltr'>do</span> <span class='ocrx_word' id='word_1_135' title='bbox 371 2397 567 2447; x_wconf 87' lang='lat' dir='ltr'>vere</span> <span class='ocrx_word' id='word_1_136' title='bbox 612 2375 963 2468; x_wconf 80' lang='lat' dir='ltr'>aliquem</span> <span class='ocrx_word' id='word_1_137' title='bbox 1018 2376 1355 2468; x_wconf 86' lang='lat' dir='ltr'>poenitet</span> <span class='ocrx_word' id='word_1_138' title='bbox 1393 2377 1482 2449; x_wconf 91' lang='lat' dir='ltr'>de</span> <span class='ocrx_word' id='word_1_139' title='bbox 1526 2376 1777 2450; x_wconf 87' lang='lat' dir='ltr'>fictio-</span> 
     </span>
     <span class='ocr_line' id='line_1_18' title="bbox 236 2492 1774 2587; baseline 0.001 -23"><span class='ocrx_word' id='word_1_140' title='bbox 236 2514 327 2564; x_wconf 88' lang='lat' dir='ltr'>ne</span> <span class='ocrx_word' id='word_1_141' title='bbox 370 2493 541 2579; x_wconf 88' lang='lat' dir='ltr'>illa,</span> <span class='ocrx_word' id='word_1_142' title='bbox 608 2492 883 2584; x_wconf 87' lang='lat' dir='ltr'>gratia</span> <span class='ocrx_word' id='word_1_143' title='bbox 925 2493 1375 2568; x_wconf 85' lang='lat' dir='ltr'>infunditur</span> <span class='ocrx_word' id='word_1_144' title='bbox 1407 2494 1557 2568; x_wconf 91' lang='lat' dir='ltr'>sibi</span> <span class='ocrx_word' id='word_1_145' title='bbox 1607 2515 1774 2587; x_wconf 89' lang='lat' dir='ltr'>per-</span> 
     </span>
     <span class='ocr_line' id='line_1_19' title="bbox 237 2609 1776 2703; baseline 0.002 -23"><span class='ocrx_word' id='word_1_146' title='bbox 237 2609 552 2692; x_wconf 86' lang='lat' dir='ltr'>fectior,</span> <span class='ocrx_word' id='word_1_147' title='bbox 599 2631 838 2702; x_wconf 88' lang='lat' dir='ltr'>quam</span> <span class='ocrx_word' id='word_1_148' title='bbox 892 2613 1105 2683; x_wconf 88' lang='lat' dir='ltr'>esset</span> <span class='ocrx_word' id='word_1_149' title='bbox 1157 2610 1298 2684; x_wconf 88' lang='lat' dir='ltr'>illa</span> <span class='ocrx_word' id='word_1_150' title='bbox 1341 2630 1514 2703; x_wconf 80' lang='lat' dir='ltr'>quae</span> <span class='ocrx_word' id='word_1_151' title='bbox 1569 2631 1776 2702; x_wconf 75' lang='lat' dir='ltr'>prae-</span> 
     </span>
     <span class='ocr_line' id='line_1_20' title="bbox 234 2724 1772 2819; baseline 0.003 -24"><span class='ocrx_word' id='word_1_152' title='bbox 234 2724 394 2795; x_wconf 91' lang='lat' dir='ltr'>cise</span> <span class='ocrx_word' id='word_1_153' title='bbox 435 2725 754 2798; x_wconf 89' lang='lat' dir='ltr'>virtute</span> <span class='ocrx_word' id='word_1_154' title='bbox 797 2726 1288 2819; x_wconf 79' lang='lat' dir='ltr'>poenitentiae</span> <span class='ocrx_word' id='word_1_155' title='bbox 1324 2726 1772 2799; x_wconf 85' lang='lat' dir='ltr'>infundere-</span> 
     </span>
     <span class='ocr_line' id='line_1_21' title="bbox 235 2841 1773 2933; baseline 0.003 -22"><span class='ocrx_word' id='word_1_156' title='bbox 235 2844 390 2921; x_wconf 90' lang='lat' dir='ltr'>tur,</span> <span class='ocrx_word' id='word_1_157' title='bbox 470 2841 592 2915; x_wconf 84' lang='lat' dir='ltr'>ita</span> <span class='ocrx_word' id='word_1_158' title='bbox 636 2843 842 2933; x_wconf 87' lang='lat' dir='ltr'>quod</span> <span class='ocrx_word' id='word_1_159' title='bbox 881 2841 1048 2913; x_wconf 86' lang='lat' dir='ltr'>illa</span> <span class='ocrx_word' id='word_1_160' title='bbox 1127 2843 1477 2917; x_wconf 91' lang='lat' dir='ltr'>includit</span> <span class='ocrx_word' id='word_1_161' title='bbox 1548 2844 1627 2916; x_wconf 92' lang='lat' dir='ltr'>in</span> <span class='ocrx_word' id='word_1_162' title='bbox 1690 2865 1773 2916; x_wconf 90' lang='lat' dir='ltr'>se</span> 
     </span>
     <span class='ocr_line' id='line_1_22' title="bbox 233 2959 1771 3053; baseline 0.004 -26"><span class='ocrx_word' id='word_1_163' title='bbox 233 2959 814 3049; x_wconf 73' lang='lat' dir='ltr'>perfectionem</span> <span class='ocrx_word' id='word_1_164' title='bbox 859 2961 1150 3051; x_wconf 78' lang='lat' dir='ltr'>gratiae</span> <span class='ocrx_word' id='word_1_165' title='bbox 1193 2961 1771 3053; x_wconf 89' lang='lat' dir='ltr'>poenitentialis</span> 
     </span>
     <span class='ocr_line' id='line_1_23' title="bbox 224 3076 1770 3176; baseline 0.003 -30"><span class='ocrx_word' id='word_1_166' title='bbox 224 3079 299 3147; x_wconf 90' lang='lat' dir='ltr'>et</span> <span class='ocrx_word' id='word_1_167' title='bbox 337 3076 910 3169; x_wconf 85' lang='lat' dir='ltr'>Baptismalis;</span> <span class='ocrx_word' id='word_1_168' title='bbox 967 3083 1047 3152; x_wconf 91' lang='lat' dir='ltr'>et</span> <span class='ocrx_word' id='word_1_169' title='bbox 1088 3078 1239 3152; x_wconf 90' lang='lat' dir='ltr'>hoc</span> <span class='ocrx_word' id='word_1_170' title='bbox 1287 3081 1520 3153; x_wconf 87' lang='lat' dir='ltr'>modo</span> <span class='ocrx_word' id='word_1_171' title='bbox 1571 3083 1770 3176; x_wconf 87' lang='lat' dir='ltr'>Bap-</span> 
     </span>
     <span class='ocr_line' id='line_1_24' title="bbox 226 3191 1767 3288; baseline 0.005 -24"><span class='ocrx_word' id='word_1_172' title='bbox 226 3191 520 3265; x_wconf 89' lang='lat' dir='ltr'>tismus</span> <span class='ocrx_word' id='word_1_173' title='bbox 563 3193 801 3268; x_wconf 89' lang='lat' dir='ltr'>habet</span> <span class='ocrx_word' id='word_1_174' title='bbox 834 3194 1235 3278; x_wconf 86' lang='lat' dir='ltr'>effectum,</span> <span class='ocrx_word' id='word_1_175' title='bbox 1275 3197 1462 3288; x_wconf 86' lang='lat' dir='ltr'>quia</span> <span class='ocrx_word' id='word_1_176' title='bbox 1495 3199 1767 3288; x_wconf 86' lang='lat' dir='ltr'>gratia-</span> 
     </span>
    </p>
   </div>
   <div class='ocr_carea' id='block_1_8' title="bbox 207 3308 1761 5042">
    <p class='ocr_par' dir='ltr' id='par_1_8' title="bbox 220 3308 1761 3734">
     <span class='ocr_line' id='line_1_25' title="bbox 223 3308 1760 3407; baseline 0.007 -30"><span class='ocrx_word' id='word_1_177' title='bbox 223 3308 713 3400; x_wconf 83' lang='lat' dir='ltr'>aequivalens</span> <span class='ocrx_word' id='word_1_178' title='bbox 849 3312 1143 3403; x_wconf 80' lang='lat' dir='ltr'>gratiae</span> <span class='ocrx_word' id='word_1_179' title='bbox 1249 3315 1760 3407; x_wconf 88' lang='lat' dir='ltr'>Baptismali,</span> 
     </span>
     <span class='ocr_line' id='line_1_26' title="bbox 220 3423 1761 3518; baseline 0.007 -23"><span class='ocrx_word' id='word_1_180' title='bbox 220 3423 451 3499; x_wconf 90' lang='lat' dir='ltr'>datur</span> <span class='ocrx_word' id='word_1_181' title='bbox 497 3426 915 3518; x_wconf 85' lang='lat' dir='ltr'>poenitenti</span> <span class='ocrx_word' id='word_1_182' title='bbox 974 3430 1065 3501; x_wconf 90' lang='lat' dir='ltr'>de</span> <span class='ocrx_word' id='word_1_183' title='bbox 1123 3429 1474 3514; x_wconf 88' lang='lat' dir='ltr'>fictione,</span> <span class='ocrx_word' id='word_1_184' title='bbox 1521 3434 1761 3506; x_wconf 93' lang='lat' dir='ltr'>simul</span> 
     </span>
     <span class='ocr_line' id='line_1_27' title="bbox 224 3542 1760 3642; baseline 0.008 -31"><span class='ocrx_word' id='word_1_185' title='bbox 224 3561 399 3615; x_wconf 89' lang='lat' dir='ltr'>cum</span> <span class='ocrx_word' id='word_1_186' title='bbox 464 3542 608 3614; x_wconf 87' lang='lat' dir='ltr'>illa</span> <span class='ocrx_word' id='word_1_187' title='bbox 653 3564 889 3636; x_wconf 90' lang='lat' dir='ltr'>quam</span> <span class='ocrx_word' id='word_1_188' title='bbox 945 3551 1309 3620; x_wconf 86' lang='lat' dir='ltr'>meretur</span> <span class='ocrx_word' id='word_1_189' title='bbox 1365 3550 1454 3621; x_wconf 93' lang='lat' dir='ltr'>de</span> <span class='ocrx_word' id='word_1_190' title='bbox 1526 3552 1760 3642; x_wconf 91' lang='lat' dir='ltr'>poeni-</span> 
     </span>
     <span class='ocr_line' id='line_1_28' title="bbox 223 3662 478 3734; baseline 0.004 -1"><span class='ocrx_word' id='word_1_191' title='bbox 223 3662 478 3734; x_wconf 87' lang='lat' dir='ltr'>tendo.</span> 
     </span>
    </p>

    <p class='ocr_par' dir='ltr' id='par_1_9' title="bbox 207 3777 1756 5042">
     <span class='ocr_line' id='line_1_29' title="bbox 304 3777 1752 3872; baseline 0.003 -24"><span class='ocrx_word' id='word_1_192' title='bbox 304 3777 450 3849; x_wconf 89' lang='lat' dir='ltr'>Sed</span> <span class='ocrx_word' id='word_1_193' title='bbox 549 3781 840 3852; x_wconf 89' lang='lat' dir='ltr'>contra</span> <span class='ocrx_word' id='word_1_194' title='bbox 928 3777 1076 3851; x_wconf 89' lang='lat' dir='ltr'>hoc</span> <span class='ocrx_word' id='word_1_195' title='bbox 1169 3780 1554 3871; x_wconf 77' lang='lat' dir='ltr'>arguitur</span> <span class='ocrx_word' id='word_1_196' title='bbox 1624 3781 1752 3872; x_wconf 82' lang='lat' dir='ltr'>(f),</span> 
     </span>
     <span class='ocr_line' id='line_1_30' title="bbox 216 3890 1756 3996; baseline 0.005 -34"><span class='ocrx_word' id='word_1_197' title='bbox 216 3890 395 3982; x_wconf 84' lang='lat' dir='ltr'>quia</span> <span class='ocrx_word' id='word_1_198' title='bbox 436 3897 633 3966; x_wconf 91' lang='lat' dir='ltr'>tunc</span> <span class='ocrx_word' id='word_1_199' title='bbox 678 3893 832 3996; x_wconf 27' lang='lat' dir='ltr'>ille,</span> <span class='ocrx_word' id='word_1_200' title='bbox 862 3894 1193 3968; x_wconf 89' lang='lat' dir='ltr'>haberet</span> <span class='ocrx_word' id='word_1_201' title='bbox 1245 3898 1756 3969; x_wconf 88' lang='lat' dir='ltr'>commodum</span> 
     </span>
     <span class='ocr_line' id='line_1_31' title="bbox 214 4009 1755 4106; baseline 0.006 -27"><span class='ocrx_word' id='word_1_202' title='bbox 214 4009 297 4080; x_wconf 85' lang='lat' dir='ltr'>de</span> <span class='ocrx_word' id='word_1_203' title='bbox 363 4009 696 4086; x_wconf 87' lang='lat' dir='ltr'>fictione</span> <span class='ocrx_word' id='word_1_204' title='bbox 776 4033 945 4096; x_wconf 88' lang='lat' dir='ltr'>sua,</span> <span class='ocrx_word' id='word_1_205' title='bbox 1034 4015 1297 4105; x_wconf 88' lang='lat' dir='ltr'>majus</span> <span class='ocrx_word' id='word_1_206' title='bbox 1359 4035 1599 4106; x_wconf 89' lang='lat' dir='ltr'>quarn</span> <span class='ocrx_word' id='word_1_207' title='bbox 1687 4016 1755 4088; x_wconf 91' lang='lat' dir='ltr'>si</span> 
     </span>
     <span class='ocr_line' id='line_1_32' title="bbox 214 4127 1752 4225; baseline 0.007 -29"><span class='ocrx_word' id='word_1_208' title='bbox 214 4128 394 4199; x_wconf 90' lang='lat' dir='ltr'>tunc</span> <span class='ocrx_word' id='word_1_209' title='bbox 465 4147 628 4198; x_wconf 90' lang='lat' dir='ltr'>non</span> <span class='ocrx_word' id='word_1_210' title='bbox 689 4127 980 4202; x_wconf 88' lang='lat' dir='ltr'>fuisset</span> <span class='ocrx_word' id='word_1_211' title='bbox 1063 4129 1325 4210; x_wconf 89' lang='lat' dir='ltr'>fictus,</span> <span class='ocrx_word' id='word_1_212' title='bbox 1399 4136 1480 4204; x_wconf 90' lang='lat' dir='ltr'>et</span> <span class='ocrx_word' id='word_1_213' title='bbox 1569 4138 1752 4225; x_wconf 89' lang='lat' dir='ltr'>post</span> 
     </span>
     <span class='ocr_line' id='line_1_33' title="bbox 217 4242 1749 4335; baseline 0.005 -21"><span class='ocrx_word' id='word_1_214' title='bbox 217 4242 289 4314; x_wconf 94' lang='lat' dir='ltr'>in</span> <span class='ocrx_word' id='word_1_215' title='bbox 330 4247 758 4335; x_wconf 88' lang='lat' dir='ltr'>peccatum</span> <span class='ocrx_word' id='word_1_216' title='bbox 819 4245 1242 4319; x_wconf 77' lang='lat' dir='ltr'>cecidisset</span> <span class='ocrx_word' id='word_1_217' title='bbox 1321 4247 1585 4320; x_wconf 89' lang='lat' dir='ltr'>simile</span> <span class='ocrx_word' id='word_1_218' title='bbox 1629 4248 1749 4322; x_wconf 90' lang='lat' dir='ltr'>illi</span> 
     </span>
     <span class='ocr_line' id='line_1_34' title="bbox 211 4358 1746 4446; baseline 0.005 -16"><span class='ocrx_word' id='word_1_219' title='bbox 211 4358 540 4442; x_wconf 79' lang='lat' dir='ltr'>fictioni3</span> <span class='ocrx_word' id='word_1_220' title='bbox 579 4381 766 4433; x_wconf 90' lang='lat' dir='ltr'>nam</span> <span class='ocrx_word' id='word_1_221' title='bbox 803 4363 871 4434; x_wconf 91' lang='lat' dir='ltr'>si</span> <span class='ocrx_word' id='word_1_222' title='bbox 914 4363 1361 4446; x_wconf 84' lang='lat' dir='ltr'>cecidisset,</span> <span class='ocrx_word' id='word_1_223' title='bbox 1398 4369 1478 4438; x_wconf 90' lang='lat' dir='ltr'>et</span> <span class='ocrx_word' id='word_1_224' title='bbox 1515 4368 1746 4438; x_wconf 93' lang='lat' dir='ltr'>modo</span> 
     </span>
     <span class='ocr_line' id='line_1_35' title="bbox 213 4480 1746 4574; baseline 0.004 -24"><span class='ocrx_word' id='word_1_225' title='bbox 213 4480 657 4569; x_wconf 88' lang='lat' dir='ltr'>poeniteret,</span> <span class='ocrx_word' id='word_1_226' title='bbox 708 4501 867 4553; x_wconf 92' lang='lat' dir='ltr'>non</span> <span class='ocrx_word' id='word_1_227' title='bbox 908 4480 1241 4554; x_wconf 88' lang='lat' dir='ltr'>haberet</span> <span class='ocrx_word' id='word_1_228' title='bbox 1277 4484 1508 4555; x_wconf 89' lang='lat' dir='ltr'>modo</span> <span class='ocrx_word' id='word_1_229' title='bbox 1559 4501 1746 4574; x_wconf 89' lang='lat' dir='ltr'>gra—</span> 
     </span>
     <span class='ocr_line' id='line_1_36' title="bbox 211 4595 1745 4693; baseline 0.004 -27"><span class='ocrx_word' id='word_1_230' title='bbox 211 4595 426 4680; x_wconf 84' lang='lat' dir='ltr'>tiam,</span> <span class='ocrx_word' id='word_1_231' title='bbox 508 4596 669 4668; x_wconf 88' lang='lat' dir='ltr'>nisi</span> <span class='ocrx_word' id='word_1_232' title='bbox 738 4601 1054 4671; x_wconf 86' lang='lat' dir='ltr'>tantum</span> <span class='ocrx_word' id='word_1_233' title='bbox 1126 4598 1435 4672; x_wconf 90' lang='lat' dir='ltr'>virtute</span> <span class='ocrx_word' id='word_1_234' title='bbox 1504 4601 1745 4693; x_wconf 87' lang='lat' dir='ltr'>poeni-</span> 
     </span>
     <span class='ocr_line' id='line_1_37' title="bbox 216 4713 1740 4811; baseline 0.004 -28"><span class='ocrx_word' id='word_1_235' title='bbox 216 4714 502 4788; x_wconf 64' lang='lat' dir='ltr'>tentiae.</span> <span class='ocrx_word' id='word_1_236' title='bbox 589 4716 698 4786; x_wconf 87' lang='lat' dir='ltr'>Tu</span> <span class='ocrx_word' id='word_1_237' title='bbox 755 4719 1026 4788; x_wconf 89' lang='lat' dir='ltr'>autem</span> <span class='ocrx_word' id='word_1_238' title='bbox 1059 4713 1283 4797; x_wconf 90' lang='lat' dir='ltr'>dicis,</span> <span class='ocrx_word' id='word_1_239' title='bbox 1332 4715 1561 4788; x_wconf 90' lang='lat' dir='ltr'>illum</span> <span class='ocrx_word' id='word_1_240' title='bbox 1606 4717 1740 4811; x_wconf 92' lang='lat' dir='ltr'>qui</span> 
     </span>
     <span class='ocr_line' id='line_1_38' title="bbox 209 4826 1740 4922; baseline 0.002 -21"><span class='ocrx_word' id='word_1_241' title='bbox 209 4834 386 4902; x_wconf 90' lang='lat' dir='ltr'>tunc</span> <span class='ocrx_word' id='word_1_242' title='bbox 417 4826 574 4902; x_wconf 85' lang='lat' dir='ltr'>fuit</span> <span class='ocrx_word' id='word_1_243' title='bbox 631 4829 868 4903; x_wconf 85' lang='lat' dir='ltr'>fictus</span> <span class='ocrx_word' id='word_1_244' title='bbox 925 4830 1004 4902; x_wconf 90' lang='lat' dir='ltr'>in</span> <span class='ocrx_word' id='word_1_245' title='bbox 1073 4829 1518 4922; x_wconf 88' lang='lat' dir='ltr'>Baptismo,</span> <span class='ocrx_word' id='word_1_246' title='bbox 1601 4831 1740 4904; x_wconf 89' lang='lat' dir='ltr'>ha-</span> 
     </span>
     <span class='ocr_line' id='line_1_39' title="bbox 207 4945 1737 5042; baseline 0.005 -25"><span class='ocrx_word' id='word_1_247' title='bbox 207 4945 384 5019; x_wconf 88' lang='lat' dir='ltr'>bere</span> <span class='ocrx_word' id='word_1_248' title='bbox 444 4949 525 5021; x_wconf 90' lang='lat' dir='ltr'>in</span> <span class='ocrx_word' id='word_1_249' title='bbox 577 4947 1024 5041; x_wconf 89' lang='lat' dir='ltr'>poenitendo</span> <span class='ocrx_word' id='word_1_250' title='bbox 1060 4945 1289 5038; x_wconf 80' lang='lat' dir='ltr'>quasi</span> <span class='ocrx_word' id='word_1_251' title='bbox 1340 4948 1737 5042; x_wconf 88' lang='lat' dir='ltr'>duplicem</span> 
     </span>
    </p>
   </div>
   <div class='ocr_carea' id='block_1_9' title="bbox 208 5065 1734 5267">
    <p class='ocr_par' dir='ltr' id='par_1_10' title="bbox 208 5065 1734 5267">
     <span class='ocr_line' id='line_1_40' title="bbox 208 5065 580 5152; baseline 0.003 -20"><span class='ocrx_word' id='word_1_252' title='bbox 208 5065 580 5152; x_wconf 84' lang='lat' dir='ltr'>gratiam.</span> 
     </span>
     <span class='ocr_line' id='line_1_41' title="bbox 289 5172 1734 5267; baseline 0.003 -24"><span class='ocrx_word' id='word_1_253' title='bbox 289 5172 435 5246; x_wconf 82' lang='lat' dir='ltr'>Hic</span> <span class='ocrx_word' id='word_1_254' title='bbox 479 5175 749 5266; x_wconf 90' lang='lat' dir='ltr'>potest</span> <span class='ocrx_word' id='word_1_255' title='bbox 799 5172 954 5246; x_wconf 92' lang='lat' dir='ltr'>dici</span> <span class='ocrx_word' id='word_1_256' title='bbox 998 5194 1155 5246; x_wconf 92' lang='lat' dir='ltr'>uno</span> <span class='ocrx_word' id='word_1_257' title='bbox 1217 5173 1476 5256; x_wconf 93' lang='lat' dir='ltr'>modo,</span> <span class='ocrx_word' id='word_1_258' title='bbox 1533 5176 1734 5267; x_wconf 90' lang='lat' dir='ltr'>quod</span> 
     </span>
    </p>
   </div>
   <div class='ocr_carea' id='block_1_10' title="bbox 204 5289 1737 5735">
    <p class='ocr_par' dir='ltr' id='par_1_11' title="bbox 204 5289 1737 5735">
     <span class='ocr_line' id='line_1_42' title="bbox 204 5289 1734 5384; baseline 0.006 -28"><span class='ocrx_word' id='word_1_259' title='bbox 204 5306 352 5359; x_wconf 90' lang='lat' dir='ltr'>non</span> <span class='ocrx_word' id='word_1_260' title='bbox 394 5289 631 5362; x_wconf 88' lang='lat' dir='ltr'>habet</span> <span class='ocrx_word' id='word_1_261' title='bbox 694 5292 1233 5373; x_wconf 88' lang='lat' dir='ltr'>commodum,</span> <span class='ocrx_word' id='word_1_262' title='bbox 1288 5293 1420 5364; x_wconf 89' lang='lat' dir='ltr'>sed</span> <span class='ocrx_word' id='word_1_263' title='bbox 1474 5293 1734 5384; x_wconf 91' lang='lat' dir='ltr'>magis</span> 
     </span>
     <span class='ocr_line' id='line_1_43' title="bbox 207 5403 1736 5502; baseline 0.005 -28"><span class='ocrx_word' id='word_1_264' title='bbox 207 5403 799 5489; x_wconf 86' lang='lat' dir='ltr'>detrimentum,</span> <span class='ocrx_word' id='word_1_265' title='bbox 884 5408 1067 5501; x_wconf 90' lang='lat' dir='ltr'>quia</span> <span class='ocrx_word' id='word_1_266' title='bbox 1149 5413 1516 5502; x_wconf 86' lang='lat' dir='ltr'>tempore</span> <span class='ocrx_word' id='word_1_267' title='bbox 1593 5411 1736 5482; x_wconf 88' lang='lat' dir='ltr'>Ba-</span> 
     </span>
     <span class='ocr_line' id='line_1_44' title="bbox 213 5520 1737 5619; baseline 0.007 -28"><span class='ocrx_word' id='word_1_268' title='bbox 213 5520 503 5610; x_wconf 89' lang='lat' dir='ltr'>ptismi,</span> <span class='ocrx_word' id='word_1_269' title='bbox 542 5527 622 5596; x_wconf 91' lang='lat' dir='ltr'>et</span> <span class='ocrx_word' id='word_1_270' title='bbox 691 5525 1058 5615; x_wconf 88' lang='lat' dir='ltr'>sequenti</span> <span class='ocrx_word' id='word_1_271' title='bbox 1122 5546 1372 5617; x_wconf 92' lang='lat' dir='ltr'>usque</span> <span class='ocrx_word' id='word_1_272' title='bbox 1433 5526 1526 5598; x_wconf 89' lang='lat' dir='ltr'>ad</span> <span class='ocrx_word' id='word_1_273' title='bbox 1579 5547 1737 5619; x_wconf 89' lang='lat' dir='ltr'>poe-</span> 
     </span>
     <span class='ocr_line' id='line_1_45' title="bbox 206 5636 1737 5735; baseline 0.01 -31"><span class='ocrx_word' id='word_1_274' title='bbox 206 5636 648 5723; x_wconf 89' lang='lat' dir='ltr'>nitentiam,</span> <span class='ocrx_word' id='word_1_275' title='bbox 715 5645 841 5715; x_wconf 90' lang='lat' dir='ltr'>est</span> <span class='ocrx_word' id='word_1_276' title='bbox 899 5641 1115 5715; x_wconf 87' lang='lat' dir='ltr'>filius</span> <span class='ocrx_word' id='word_1_277' title='bbox 1176 5641 1582 5735; x_wconf 81' lang='lat' dir='ltr'>gehennae,</span> <span class='ocrx_word' id='word_1_278' title='bbox 1656 5651 1737 5720; x_wconf 89' lang='lat' dir='ltr'>et</span> 
     </span>
    </p>
   </div>
   <div class='ocr_carea' id='block_1_11' title="bbox 1904 1653 3725 1763">
    <p class='ocr_par' dir='ltr' id='par_1_12' title="bbox 1904 1653 3725 1763">
     <span class='ocr_line' id='line_1_46' title="bbox 1904 1653 3725 1763; baseline -0.001 -24"><span class='ocrx_word' id='word_1_279' title='bbox 1904 1669 2309 1762; x_wconf 87' lang='lat' dir='ltr'>reciperet</span> <span class='ocrx_word' id='word_1_280' title='bbox 2379 1673 2690 1743; x_wconf 81' lang='lat' dir='ltr'>tantam</span> <span class='ocrx_word' id='word_1_281' title='bbox 2746 1672 3130 1759; x_wconf 80' lang='lat' dir='ltr'>gratiam,</span> <span class='ocrx_word' id='word_1_282' title='bbox 3205 1694 3448 1763; x_wconf 85' lang='lat' dir='ltr'>quan·</span> <span class='ocrx_word' id='word_1_283' title='bbox 3495 1667 3582 1715; x_wconf 46' lang='grc' dir='ltr'>’ω’</span> <span class='ocrx_word' id='word_1_284' title='bbox 3556 1653 3725 1703; x_wconf 56' lang='lat' dir='ltr'>”idm</span> 
     </span>
    </p>
   </div>
   <div class='ocr_carea' id='block_1_12' title="bbox 1848 1786 3447 5745">
    <p class='ocr_par' dir='ltr' id='par_1_13' title="bbox 1848 1786 3447 5745">
     <span class='ocr_line' id='line_1_47' title="bbox 1904 1786 3446 1880; baseline 0.002 -21"><span class='ocrx_word' id='word_1_285' title='bbox 1904 1788 2101 1876; x_wconf 54' lang='lat' dir='ltr'>tam?</span> <span class='ocrx_word' id='word_1_286' title='bbox 2130 1806 2340 1858; x_wconf 86' lang='lat' dir='ltr'>nunc</span> <span class='ocrx_word' id='word_1_287' title='bbox 2407 1786 2694 1879; x_wconf 83' lang='lat' dir='ltr'>recipit</span> <span class='ocrx_word' id='word_1_288' title='bbox 2739 1787 3134 1880; x_wconf 86' lang='lat' dir='ltr'>poenitens</span> <span class='ocrx_word' id='word_1_289' title='bbox 3176 1790 3266 1860; x_wconf 87' lang='lat' dir='ltr'>de</span> <span class='ocrx_word' id='word_1_290' title='bbox 3318 1790 3446 1862; x_wconf 87' lang='lat' dir='ltr'>fic-</span> 
     </span>
     <span class='ocr_line' id='line_1_48' title="bbox 1901 1902 3447 1998; baseline 0.002 -23"><span class='ocrx_word' id='word_1_291' title='bbox 1901 1902 2146 1984; x_wconf 86' lang='lat' dir='ltr'>tione,</span> <span class='ocrx_word' id='word_1_292' title='bbox 2222 1902 2409 1994; x_wconf 88' lang='lat' dir='ltr'>quia</span> <span class='ocrx_word' id='word_1_293' title='bbox 2498 1923 2939 1994; x_wconf 82' lang='lat' dir='ltr'>resurgens</span> <span class='ocrx_word' id='word_1_294' title='bbox 3002 1925 3148 1997; x_wconf 91' lang='lat' dir='ltr'>per</span> <span class='ocrx_word' id='word_1_295' title='bbox 3208 1907 3447 1998; x_wconf 86' lang='lat' dir='ltr'>poeni-</span> 
     </span>
     <span class='ocr_line' id='line_1_49' title="bbox 1899 2022 3443 2111; baseline 0 -18"><span class='ocrx_word' id='word_1_296' title='bbox 1899 2022 2243 2095; x_wconf 87' lang='lat' dir='ltr'>tentiam</span> <span class='ocrx_word' id='word_1_297' title='bbox 2290 2039 2336 2090; x_wconf 89' lang='lat' dir='ltr'>a</span> <span class='ocrx_word' id='word_1_298' title='bbox 2406 2023 2738 2111; x_wconf 89' lang='lat' dir='ltr'>peccato</span> <span class='ocrx_word' id='word_1_299' title='bbox 2792 2022 3155 2103; x_wconf 89' lang='lat' dir='ltr'>mortali,</span> <span class='ocrx_word' id='word_1_300' title='bbox 3223 2042 3443 2094; x_wconf 91' lang='lat' dir='ltr'>recu-</span> 
     </span>
     <span class='ocr_line' id='line_1_50' title="bbox 1898 2143 3445 2235; baseline 0 -21"><span class='ocrx_word' id='word_1_301' title='bbox 1898 2147 2132 2234; x_wconf 88' lang='lat' dir='ltr'>perat</span> <span class='ocrx_word' id='word_1_302' title='bbox 2184 2146 2445 2216; x_wconf 90' lang='lat' dir='ltr'>totam</span> <span class='ocrx_word' id='word_1_303' title='bbox 2505 2143 2861 2234; x_wconf 85' lang='lat' dir='ltr'>gratiam</span> <span class='ocrx_word' id='word_1_304' title='bbox 2918 2164 2964 2214; x_wconf 89' lang='lat' dir='ltr'>a</span> <span class='ocrx_word' id='word_1_305' title='bbox 3024 2163 3180 2235; x_wconf 84' lang='lat' dir='ltr'>qua</span> <span class='ocrx_word' id='word_1_306' title='bbox 3239 2143 3445 2216; x_wconf 89' lang='lat' dir='ltr'>ceci-</span> 
     </span>
     <span class='ocr_line' id='line_1_51' title="bbox 1891 2258 3435 2352; baseline 0.001 -22"><span class='ocrx_word' id='word_1_307' title='bbox 1891 2258 2031 2341; x_wconf 91' lang='lat' dir='ltr'>dit,</span> <span class='ocrx_word' id='word_1_308' title='bbox 2095 2261 2175 2330; x_wconf 91' lang='lat' dir='ltr'>et</span> <span class='ocrx_word' id='word_1_309' title='bbox 2244 2260 2601 2352; x_wconf 87' lang='lat' dir='ltr'>aliquam</span> <span class='ocrx_word' id='word_1_310' title='bbox 2685 2260 2906 2333; x_wconf 89' lang='lat' dir='ltr'>ultra</span> <span class='ocrx_word' id='word_1_311' title='bbox 2976 2280 3120 2352; x_wconf 91' lang='lat' dir='ltr'>per</span> <span class='ocrx_word' id='word_1_312' title='bbox 3199 2261 3435 2352; x_wconf 86' lang='lat' dir='ltr'>poeni·</span> 
     </span>
     <span class='ocr_line' id='line_1_52' title="bbox 1893 2374 3440 2457; baseline -0.003 -7"><span class='ocrx_word' id='word_1_313' title='bbox 1893 2376 2262 2457; x_wconf 86' lang='lat' dir='ltr'>tentiam,</span> <span class='ocrx_word' id='word_1_314' title='bbox 2337 2377 2415 2447; x_wconf 87' lang='lat' dir='ltr'>et</span> <span class='ocrx_word' id='word_1_315' title='bbox 2486 2375 2636 2447; x_wconf 88' lang='lat' dir='ltr'>hoc</span> <span class='ocrx_word' id='word_1_316' title='bbox 2700 2375 2826 2446; x_wconf 89' lang='lat' dir='ltr'>vel</span> <span class='ocrx_word' id='word_1_317' title='bbox 2896 2374 2974 2446; x_wconf 89' lang='lat' dir='ltr'>in</span> <span class='ocrx_word' id='word_1_318' title='bbox 3032 2396 3143 2455; x_wconf 87' lang='lat' dir='ltr'>re,</span> <span class='ocrx_word' id='word_1_319' title='bbox 3190 2376 3316 2447; x_wconf 92' lang='lat' dir='ltr'>vel</span> <span class='ocrx_word' id='word_1_320' title='bbox 3361 2375 3440 2446; x_wconf 93' lang='lat' dir='ltr'>in</span> 
     </span>
     <span class='ocr_line' id='line_1_53' title="bbox 1889 2491 3439 2583; baseline -0.001 -20"><span class='ocrx_word' id='word_1_321' title='bbox 1889 2491 2159 2564; x_wconf 89' lang='lat' dir='ltr'>divina</span> <span class='ocrx_word' id='word_1_322' title='bbox 2211 2491 2706 2583; x_wconf 88' lang='lat' dir='ltr'>acceptione;</span> <span class='ocrx_word' id='word_1_323' title='bbox 2784 2492 2915 2563; x_wconf 84' lang='lat' dir='ltr'>sed</span> <span class='ocrx_word' id='word_1_324' title='bbox 2971 2492 3061 2563; x_wconf 92' lang='lat' dir='ltr'>de</span> <span class='ocrx_word' id='word_1_325' title='bbox 3109 2491 3261 2563; x_wconf 90' lang='lat' dir='ltr'>hoc</span> <span class='ocrx_word' id='word_1_326' title='bbox 3330 2492 3439 2562; x_wconf 89' lang='lat' dir='ltr'>in-</span> 
     </span>
     <span class='ocr_line' id='line_1_54' title="bbox 1889 2607 3345 2682; baseline -0.001 -3"><span class='ocrx_word' id='word_1_327' title='bbox 1889 2607 2143 2680; x_wconf 87' lang='lat' dir='ltr'>ferius</span> <span class='ocrx_word' id='word_1_328' title='bbox 2180 2608 2257 2680; x_wconf 91' lang='lat' dir='ltr'>in</span> <span class='ocrx_word' id='word_1_329' title='bbox 2315 2609 2661 2681; x_wconf 80' lang='lat' dir='ltr'>materia</span> <span class='ocrx_word' id='word_1_330' title='bbox 2701 2609 2791 2680; x_wconf 90' lang='lat' dir='ltr'>de</span> <span class='ocrx_word' id='word_1_331' title='bbox 2838 2609 3345 2682; x_wconf 87' lang='lat' dir='ltr'>Poenitentia.</span> 
     </span>
     <span class='ocr_line' id='line_1_55' title="bbox 1975 2725 3436 2819; baseline 0.001 -22"><span class='ocrx_word' id='word_1_332' title='bbox 1975 2726 2252 2799; x_wconf 90' lang='lat' dir='ltr'>Tertio</span> <span class='ocrx_word' id='word_1_333' title='bbox 2352 2727 2583 2798; x_wconf 90' lang='lat' dir='ltr'>modo</span> <span class='ocrx_word' id='word_1_334' title='bbox 2654 2727 2783 2817; x_wconf 89' lang='lat' dir='ltr'>(g)</span> <span class='ocrx_word' id='word_1_335' title='bbox 2858 2725 3436 2819; x_wconf 87' lang='lat' dir='ltr'>principaliter</span> 
     </span>
     <span class='ocr_line' id='line_1_56' title="bbox 1889 2841 3433 2935; baseline 0.001 -22"><span class='ocrx_word' id='word_1_336' title='bbox 1889 2845 2158 2935; x_wconf 89' lang='lat' dir='ltr'>potest</span> <span class='ocrx_word' id='word_1_337' title='bbox 2208 2841 2391 2922; x_wconf 84' lang='lat' dir='ltr'>dici,</span> <span class='ocrx_word' id='word_1_338' title='bbox 2439 2843 2644 2934; x_wconf 87' lang='lat' dir='ltr'>quod</span> <span class='ocrx_word' id='word_1_339' title='bbox 2708 2843 2843 2914; x_wconf 89' lang='lat' dir='ltr'>ille</span> <span class='ocrx_word' id='word_1_340' title='bbox 2906 2842 3300 2934; x_wconf 86' lang='lat' dir='ltr'>poenitens</span> <span class='ocrx_word' id='word_1_341' title='bbox 3342 2844 3433 2915; x_wconf 90' lang='lat' dir='ltr'>de</span> 
     </span>
     <span class='ocr_line' id='line_1_57' title="bbox 1879 2958 3429 3051; baseline 0.001 -22"><span class='ocrx_word' id='word_1_342' title='bbox 1879 2959 2204 3032; x_wconf 85' lang='lat' dir='ltr'>fictione</span> <span class='ocrx_word' id='word_1_343' title='bbox 2298 2963 2616 3032; x_wconf 89' lang='lat' dir='ltr'>tantum</span> <span class='ocrx_word' id='word_1_344' title='bbox 2697 2958 2989 3051; x_wconf 87' lang='lat' dir='ltr'>recipit</span> <span class='ocrx_word' id='word_1_345' title='bbox 3068 2959 3429 3049; x_wconf 84' lang='lat' dir='ltr'>gratiam</span> 
     </span>
     <span class='ocr_line' id='line_1_58' title="bbox 1880 3076 3430 3169; baseline 0.002 -26"><span class='ocrx_word' id='word_1_346' title='bbox 1880 3076 2187 3149; x_wconf 89' lang='lat' dir='ltr'>virtute</span> <span class='ocrx_word' id='word_1_347' title='bbox 2270 3076 2782 3169; x_wconf 78' lang='lat' dir='ltr'>poenitentiae,</span> <span class='ocrx_word' id='word_1_348' title='bbox 2895 3080 2975 3149; x_wconf 91' lang='lat' dir='ltr'>et</span> <span class='ocrx_word' id='word_1_349' title='bbox 3076 3077 3191 3148; x_wconf 89' lang='lat' dir='ltr'>ita</span> <span class='ocrx_word' id='word_1_350' title='bbox 3267 3096 3430 3147; x_wconf 92' lang='lat' dir='ltr'>non</span> 
     </span>
     <span class='ocr_line' id='line_1_59' title="bbox 1884 3193 3425 3285; baseline 0.003 -22"><span class='ocrx_word' id='word_1_351' title='bbox 1884 3193 2311 3284; x_wconf 88' lang='lat' dir='ltr'>maj0rem,</span> <span class='ocrx_word' id='word_1_352' title='bbox 2405 3214 2645 3285; x_wconf 88' lang='lat' dir='ltr'>quam</span> <span class='ocrx_word' id='word_1_353' title='bbox 2732 3194 2796 3265; x_wconf 90' lang='lat' dir='ltr'>si</span> <span class='ocrx_word' id='word_1_354' title='bbox 2896 3213 3055 3264; x_wconf 89' lang='lat' dir='ltr'>non</span> <span class='ocrx_word' id='word_1_355' title='bbox 3134 3193 3425 3267; x_wconf 84' lang='lat' dir='ltr'>fuisset</span> 
     </span>
     <span class='ocr_line' id='line_1_60' title="bbox 1878 3308 3423 3402; baseline 0.003 -24"><span class='ocrx_word' id='word_1_356' title='bbox 1878 3308 2117 3381; x_wconf 86' lang='lat' dir='ltr'>fictus</span> <span class='ocrx_word' id='word_1_357' title='bbox 2165 3309 2241 3380; x_wconf 90' lang='lat' dir='ltr'>in</span> <span class='ocrx_word' id='word_1_358' title='bbox 2286 3309 2733 3401; x_wconf 81' lang='lat' dir='ltr'>Baptismo,</span> <span class='ocrx_word' id='word_1_359' title='bbox 2771 3314 2851 3383; x_wconf 90' lang='lat' dir='ltr'>et</span> <span class='ocrx_word' id='word_1_360' title='bbox 2897 3315 3081 3402; x_wconf 92' lang='lat' dir='ltr'>post</span> <span class='ocrx_word' id='word_1_361' title='bbox 3152 3310 3423 3401; x_wconf 86' lang='lat' dir='ltr'>Bapti-</span> 
     </span>
     <span class='ocr_line' id='line_1_61' title="bbox 1881 3427 3422 3519; baseline 0.003 -24"><span class='ocrx_word' id='word_1_362' title='bbox 1881 3446 2146 3497; x_wconf 92' lang='lat' dir='ltr'>smum</span> <span class='ocrx_word' id='word_1_363' title='bbox 2212 3427 2499 3499; x_wconf 89' lang='lat' dir='ltr'>cadens</span> <span class='ocrx_word' id='word_1_364' title='bbox 2546 3430 3019 3517; x_wconf 86' lang='lat' dir='ltr'>resurgeret</span> <span class='ocrx_word' id='word_1_365' title='bbox 3086 3448 3229 3519; x_wconf 86' lang='lat' dir='ltr'>per</span> <span class='ocrx_word' id='word_1_366' title='bbox 3271 3447 3422 3519; x_wconf 89' lang='lat' dir='ltr'>poe-</span> 
     </span>
     <span class='ocr_line' id='line_1_62' title="bbox 1877 3542 3420 3634; baseline 0.001 -21"><span class='ocrx_word' id='word_1_367' title='bbox 1877 3542 2333 3616; x_wconf 90' lang='lat' dir='ltr'>nitentiam.</span> <span class='ocrx_word' id='word_1_368' title='bbox 2392 3546 2569 3616; x_wconf 92' lang='lat' dir='ltr'>Non</span> <span class='ocrx_word' id='word_1_369' title='bbox 2613 3549 2737 3618; x_wconf 91' lang='lat' dir='ltr'>est</span> <span class='ocrx_word' id='word_1_370' title='bbox 2771 3543 3420 3634; x_wconf 75' lang='lat' dir='ltr'>enimverisimi-</span> 
     </span>
     <span class='ocr_line' id='line_1_63' title="bbox 1878 3659 3421 3754; baseline 0.001 -23"><span class='ocrx_word' id='word_1_371' title='bbox 1878 3659 1974 3742; x_wconf 91' lang='lat' dir='ltr'>le,</span> <span class='ocrx_word' id='word_1_372' title='bbox 2068 3662 2273 3752; x_wconf 90' lang='lat' dir='ltr'>quod</span> <span class='ocrx_word' id='word_1_373' title='bbox 2355 3683 2580 3754; x_wconf 79' lang='lat' dir='ltr'>aeque</span> <span class='ocrx_word' id='word_1_374' title='bbox 2651 3660 3098 3754; x_wconf 87' lang='lat' dir='ltr'>poenitenti,</span> <span class='ocrx_word' id='word_1_375' title='bbox 3182 3664 3261 3732; x_wconf 90' lang='lat' dir='ltr'>et</span> <span class='ocrx_word' id='word_1_376' title='bbox 3330 3662 3421 3732; x_wconf 92' lang='lat' dir='ltr'>de</span> 
     </span>
     <span class='ocr_line' id='line_1_64' title="bbox 1873 3775 3417 3869; baseline 0 -23"><span class='ocrx_word' id='word_1_377' title='bbox 1873 3776 2162 3865; x_wconf 84' lang='lat' dir='ltr'>aequali</span> <span class='ocrx_word' id='word_1_378' title='bbox 2228 3782 2586 3869; x_wconf 80' lang='lat' dir='ltr'>peccatO,</span> <span class='ocrx_word' id='word_1_379' title='bbox 2656 3777 2781 3849; x_wconf 90' lang='lat' dir='ltr'>vel</span> <span class='ocrx_word' id='word_1_380' title='bbox 2864 3775 3186 3857; x_wconf 88' lang='lat' dir='ltr'>minori,</span> <span class='ocrx_word' id='word_1_381' title='bbox 3260 3797 3417 3847; x_wconf 92' lang='lat' dir='ltr'>non</span> 
     </span>
     <span class='ocr_line' id='line_1_65' title="bbox 1871 3892 3417 3986; baseline 0.002 -23"><span class='ocrx_word' id='word_1_382' title='bbox 1871 3892 2107 3965; x_wconf 88' lang='lat' dir='ltr'>detur</span> <span class='ocrx_word' id='word_1_383' title='bbox 2167 3894 2503 3985; x_wconf 80' lang='lat' dir='ltr'>aequalis</span> <span class='ocrx_word' id='word_1_384' title='bbox 2575 3895 2889 3986; x_wconf 88' lang='lat' dir='ltr'>gratia;</span> <span class='ocrx_word' id='word_1_385' title='bbox 2942 3893 3076 3966; x_wconf 88' lang='lat' dir='ltr'>illc</span> <span class='ocrx_word' id='word_1_386' title='bbox 3146 3894 3417 3966; x_wconf 87' lang='lat' dir='ltr'>autem</span> 
     </span>
     <span class='ocr_line' id='line_1_66' title="bbox 1870 4009 3416 4105; baseline 0.001 -25"><span class='ocrx_word' id='word_1_387' title='bbox 1870 4009 2149 4102; x_wconf 88' lang='lat' dir='ltr'>lapsus</span> <span class='ocrx_word' id='word_1_388' title='bbox 2182 4018 2360 4104; x_wconf 90' lang='lat' dir='ltr'>post</span> <span class='ocrx_word' id='word_1_389' title='bbox 2388 4013 2925 4105; x_wconf 87' lang='lat' dir='ltr'>Baptismum,</span> <span class='ocrx_word' id='word_1_390' title='bbox 2956 4010 3145 4083; x_wconf 87' lang='lat' dir='ltr'>licet</span> <span class='ocrx_word' id='word_1_391' title='bbox 3175 4032 3416 4102; x_wconf 86' lang='lat' dir='ltr'>quan-</span> 
     </span>
     <span class='ocr_line' id='line_1_67' title="bbox 1871 4128 3408 4220; baseline 0 -20"><span class='ocrx_word' id='word_1_392' title='bbox 1871 4130 2044 4200; x_wconf 90' lang='lat' dir='ltr'>tum</span> <span class='ocrx_word' id='word_1_393' title='bbox 2071 4128 2162 4199; x_wconf 89' lang='lat' dir='ltr'>ad</span> <span class='ocrx_word' id='word_1_394' title='bbox 2200 4128 2525 4220; x_wconf 88' lang='lat' dir='ltr'>aliquid,</span> <span class='ocrx_word' id='word_1_395' title='bbox 2555 4130 2890 4219; x_wconf 88' lang='lat' dir='ltr'>gravius</span> <span class='ocrx_word' id='word_1_396' title='bbox 2921 4129 3408 4219; x_wconf 88' lang='lat' dir='ltr'>peccaverit,</span> 
     </span>
     <span class='ocr_line' id='line_1_68' title="bbox 1869 4245 3406 4337; baseline -0.001 -20"><span class='ocrx_word' id='word_1_397' title='bbox 1869 4265 2108 4337; x_wconf 87' lang='lat' dir='ltr'>quam</span> <span class='ocrx_word' id='word_1_398' title='bbox 2180 4245 2440 4326; x_wconf 85' lang='lat' dir='ltr'>fictus,</span> <span class='ocrx_word' id='word_1_399' title='bbox 2527 4248 2797 4316; x_wconf 73' lang='lat' dir='ltr'>tamen</span> <span class='ocrx_word' id='word_1_400' title='bbox 2862 4245 3097 4318; x_wconf 85' lang='lat' dir='ltr'>fictus</span> <span class='ocrx_word' id='word_1_401' title='bbox 3170 4264 3406 4336; x_wconf 87' lang='lat' dir='ltr'>quan-</span> 
     </span>
     <span class='ocr_line' id='line_1_69' title="bbox 1865 4361 3400 4453; baseline -0.001 -18"><span class='ocrx_word' id='word_1_402' title='bbox 1865 4366 2037 4435; x_wconf 88' lang='lat' dir='ltr'>tum</span> <span class='ocrx_word' id='word_1_403' title='bbox 2090 4362 2184 4433; x_wconf 84' lang='lat' dir='ltr'>ad</span> <span class='ocrx_word' id='word_1_404' title='bbox 2248 4361 2572 4452; x_wconf 89' lang='lat' dir='ltr'>aliquid,</span> <span class='ocrx_word' id='word_1_405' title='bbox 2620 4361 2955 4452; x_wconf 86' lang='lat' dir='ltr'>gravius</span> <span class='ocrx_word' id='word_1_406' title='bbox 3010 4361 3400 4453; x_wconf 88' lang='lat' dir='ltr'>peccavit,</span> 
     </span>
     <span class='ocr_line' id='line_1_70' title="bbox 1865 4477 3403 4572; baseline 0.001 -23"><span class='ocrx_word' id='word_1_407' title='bbox 1865 4478 2051 4572; x_wconf 87' lang='lat' dir='ltr'>quia</span> <span class='ocrx_word' id='word_1_408' title='bbox 2160 4482 2687 4550; x_wconf 72' lang='lat' dir='ltr'>sacramento</span> <span class='ocrx_word' id='word_1_409' title='bbox 2776 4477 3403 4551; x_wconf 85' lang='lat' dir='ltr'>irreverentiam</span> 
     </span>
     <span class='ocr_line' id='line_1_71' title="bbox 1860 4594 3405 4685; baseline 0 -19"><span class='ocrx_word' id='word_1_410' title='bbox 1860 4595 2077 4667; x_wconf 85' lang='lat' dir='ltr'>fecit.</span> <span class='ocrx_word' id='word_1_411' title='bbox 2127 4598 2226 4668; x_wconf 84' lang='lat' dir='ltr'>Et</span> <span class='ocrx_word' id='word_1_412' title='bbox 2288 4599 2475 4668; x_wconf 90' lang='lat' dir='ltr'>tunc</span> <span class='ocrx_word' id='word_1_413' title='bbox 2546 4595 2687 4666; x_wconf 89' lang='lat' dir='ltr'>illa</span> <span class='ocrx_word' id='word_1_414' title='bbox 2737 4594 3008 4676; x_wconf 87' lang='lat' dir='ltr'>verba,</span> <span class='ocrx_word' id='word_1_415' title='bbox 3059 4615 3232 4685; x_wconf 84' lang='lat' dir='ltr'>quae</span> <span class='ocrx_word' id='word_1_416' title='bbox 3297 4595 3405 4666; x_wconf 88' lang='lat' dir='ltr'>di-</span> 
     </span>
     <span class='ocr_line' id='line_1_72' title="bbox 1856 4711 3401 4802; baseline -0.001 -19"><span class='ocrx_word' id='word_1_417' title='bbox 1856 4716 2157 4784; x_wconf 83' lang='lat' dir='ltr'>cuntur</span> <span class='ocrx_word' id='word_1_418' title='bbox 2195 4712 2285 4784; x_wconf 86' lang='lat' dir='ltr'>de</span> <span class='ocrx_word' id='word_1_419' title='bbox 2327 4712 2613 4783; x_wconf 83' lang='lat' dir='ltr'>effectu</span> <span class='ocrx_word' id='word_1_420' title='bbox 2680 4711 3109 4802; x_wconf 88' lang='lat' dir='ltr'>Baptismi,</span> <span class='ocrx_word' id='word_1_421' title='bbox 3168 4731 3401 4801; x_wconf 88' lang='lat' dir='ltr'>quem</span> 
     </span>
     <span class='ocr_line' id='line_1_73' title="bbox 1855 4825 3401 4920; baseline -0.001 -21"><span class='ocrx_word' id='word_1_422' title='bbox 1855 4828 2210 4902; x_wconf 91' lang='lat' dir='ltr'>sortitur</span> <span class='ocrx_word' id='word_1_423' title='bbox 2267 4827 2657 4920; x_wconf 85' lang='lat' dir='ltr'>poenitens</span> <span class='ocrx_word' id='word_1_424' title='bbox 2715 4827 2804 4898; x_wconf 90' lang='lat' dir='ltr'>de</span> <span class='ocrx_word' id='word_1_425' title='bbox 2862 4825 3211 4906; x_wconf 88' lang='lat' dir='ltr'>fictione,</span> <span class='ocrx_word' id='word_1_426' title='bbox 3285 4827 3401 4898; x_wconf 91' lang='lat' dir='ltr'>in-</span> 
     </span>
     <span class='ocr_line' id='line_1_74' title="bbox 1853 4945 3396 5037; baseline 0 -19"><span class='ocrx_word' id='word_1_427' title='bbox 1853 4945 2291 5036; x_wconf 86' lang='lat' dir='ltr'>telligenda</span> <span class='ocrx_word' id='word_1_428' title='bbox 2350 4948 2560 5027; x_wconf 89' lang='lat' dir='ltr'>sunt,</span> <span class='ocrx_word' id='word_1_429' title='bbox 2616 4964 2775 5015; x_wconf 90' lang='lat' dir='ltr'>non</span> <span class='ocrx_word' id='word_1_430' title='bbox 2848 4947 3053 5035; x_wconf 89' lang='lat' dir='ltr'>quod</span> <span class='ocrx_word' id='word_1_431' title='bbox 3116 4947 3194 5017; x_wconf 93' lang='lat' dir='ltr'>in</span> <span class='ocrx_word' id='word_1_432' title='bbox 3248 4967 3396 5037; x_wconf 85' lang='lat' dir='ltr'>poe-</span> 
     </span>
     <span class='ocr_line' id='line_1_75' title="bbox 1851 5061 3396 5153; baseline 0.001 -21"><span class='ocrx_word' id='word_1_433' title='bbox 1851 5062 2199 5136; x_wconf 87' lang='lat' dir='ltr'>nitentia</span> <span class='ocrx_word' id='word_1_434' title='bbox 2261 5062 2399 5135; x_wconf 89' lang='lat' dir='ltr'>illa</span> <span class='ocrx_word' id='word_1_435' title='bbox 2466 5061 2809 5153; x_wconf 80' lang='lat' dir='ltr'>recipiat</span> <span class='ocrx_word' id='word_1_436' title='bbox 2853 5062 3209 5153; x_wconf 85' lang='lat' dir='ltr'>gratiam</span> <span class='ocrx_word' id='word_1_437' title='bbox 3254 5062 3396 5134; x_wconf 85' lang='lat' dir='ltr'>ali-</span> 
     </span>
     <span class='ocr_line' id='line_1_76' title="bbox 1853 5177 3393 5271; baseline 0.001 -23"><span class='ocrx_word' id='word_1_438' title='bbox 1853 5198 2092 5269; x_wconf 87' lang='lat' dir='ltr'>quam</span> <span class='ocrx_word' id='word_1_439' title='bbox 2147 5178 2455 5250; x_wconf 87' lang='lat' dir='ltr'>virtute</span> <span class='ocrx_word' id='word_1_440' title='bbox 2514 5177 2918 5270; x_wconf 88' lang='lat' dir='ltr'>Baptismi</span> <span class='ocrx_word' id='word_1_441' title='bbox 2978 5178 3205 5271; x_wconf 82' lang='lat' dir='ltr'>(quia</span> <span class='ocrx_word' id='word_1_442' title='bbox 3270 5201 3393 5249; x_wconf 87' lang='lat' dir='ltr'>su-</span> 
     </span>
     <span class='ocr_line' id='line_1_77' title="bbox 1851 5292 3395 5392; baseline 0.001 -26"><span class='ocrx_word' id='word_1_443' title='bbox 1851 5295 2160 5387; x_wconf 89' lang='lat' dir='ltr'>sceptio</span> <span class='ocrx_word' id='word_1_444' title='bbox 2220 5300 2396 5392; x_wconf 89' lang='lat' dir='ltr'>ejus</span> <span class='ocrx_word' id='word_1_445' title='bbox 2439 5301 2768 5370; x_wconf 88' lang='lat' dir='ltr'>mortua</span> <span class='ocrx_word' id='word_1_446' title='bbox 2820 5292 2998 5375; x_wconf 85' lang='lat' dir='ltr'>fuit,</span> <span class='ocrx_word' id='word_1_447' title='bbox 3061 5302 3139 5370; x_wconf 91' lang='lat' dir='ltr'>et</span> <span class='ocrx_word' id='word_1_448' title='bbox 3184 5319 3395 5369; x_wconf 90' lang='lat' dir='ltr'>mor-</span> 
     </span>
     <span class='ocr_line' id='line_1_78' title="bbox 1848 5415 3395 5504; baseline -0.001 -14"><span class='ocrx_word' id='word_1_449' title='bbox 1848 5425 2052 5494; x_wconf 89' lang='lat' dir='ltr'>tuus·</span> <span class='ocrx_word' id='word_1_450' title='bbox 2104 5415 2592 5488; x_wconf 87' lang='lat' dir='ltr'>reviviscere</span> <span class='ocrx_word' id='word_1_451' title='bbox 2660 5432 2816 5484; x_wconf 89' lang='lat' dir='ltr'>non</span> <span class='ocrx_word' id='word_1_452' title='bbox 2857 5416 3191 5504; x_wconf 86' lang='lat' dir='ltr'>potest),</span> <span class='ocrx_word' id='word_1_453' title='bbox 3264 5417 3395 5489; x_wconf 87' lang='lat' dir='ltr'>sed</span> 
     </span>
     <span class='ocr_line' id='line_1_79' title="bbox 1850 5531 3393 5622; baseline -0.003 -15"><span class='ocrx_word' id='word_1_454' title='bbox 1850 5533 2274 5607; x_wconf 88' lang='lat' dir='ltr'>absolutus</span> <span class='ocrx_word' id='word_1_455' title='bbox 2342 5535 2465 5606; x_wconf 89' lang='lat' dir='ltr'>est</span> <span class='ocrx_word' id='word_1_456' title='bbox 2525 5551 2571 5602; x_wconf 89' lang='lat' dir='ltr'>a</span> <span class='ocrx_word' id='word_1_457' title='bbox 2638 5534 3044 5622; x_wconf 78' lang='lat' dir='ltr'>praecepto</span> <span class='ocrx_word' id='word_1_458' title='bbox 3094 5531 3185 5601; x_wconf 86' lang='lat' dir='ltr'>de</span> <span class='ocrx_word' id='word_1_459' title='bbox 3243 5532 3393 5602; x_wconf 88' lang='lat' dir='ltr'>Ba-</span> 
     </span>
     <span class='ocr_line' id='line_1_80' title="bbox 1851 5647 3386 5745; baseline -0.004 -19"><span class='ocrx_word' id='word_1_460' title='bbox 1851 5651 2156 5745; x_wconf 91' lang='lat' dir='ltr'>ptismo</span> <span class='ocrx_word' id='word_1_461' title='bbox 2201 5648 2735 5742; x_wconf 90' lang='lat' dir='ltr'>suscipiendo,</span> <span class='ocrx_word' id='word_1_462' title='bbox 2774 5647 2963 5739; x_wconf 87' lang='lat' dir='ltr'>quia</span> <span class='ocrx_word' id='word_1_463' title='bbox 3008 5648 3196 5723; x_wconf 92' lang='lat' dir='ltr'>illud</span> <span class='ocrx_word' id='word_1_464' title='bbox 3242 5648 3386 5720; x_wconf 87' lang='lat' dir='ltr'>im-</span> 
     </span>
    </p>
   </div>
  </div>
 </body>
</html>
