4255 6375
504 1766 758 1818 Definitio

556 1844 709 1893 quam

542 1893 733 1945 Doctor

529 1960 776 2025 assignat.

553 2581 731 2631 Altera

516 2643 764 2695 definitio.

497 3301 777 3438 Expficatio

465 3441 789 3543 delfgiltxixffiis·

507 5340 742 5392 Secunda

501 5404 727 5456 definitio
737 5444 751 5458 .

800 308 919 370 278

811 485 966 533 rum
1007 472 1414 550 praescripta,
1451 477 1573 536 etc.
1607 473 1819 537 Aliam
1850 474 2143 552 assignat
2180 476 2365 554 Hugo

811 580 924 641 lib.
976 580 1037 641 2.
1084 580 1525 642 sacramentis
1556 586 1723 657 part.
1757 581 1818 642 6.
1863 597 2009 659 cap.
2065 582 2160 643 12.
2194 586 2359 658 Bap-

811 701 1039 759 tismus
1125 704 1210 758 est
1297 714 1474 775 aqua
1574 698 1897 762 diluendis
1983 699 2363 761 criminibus

809 817 1212 890 sanctificata
1273 833 1398 895 per
1461 817 1729 879 verbum
1807 822 1946 893 Dei,
2027 823 2155 881 etc.
2214 820 2365 882 Haec

813 932 1099 997 definitio
1195 935 1411 1014 reipsa
1503 936 1810 1000 coincidit
1888 955 2037 1000 cum
2137 938 2362 1016 priori,

816 1053 968 1133 quia
1029 1052 1257 1115 ultima
1304 1053 1505 1115 verba
1561 1051 1881 1118 denotant
1930 1055 2361 1133 ablutionem,

816 1174 885 1232 et
929 1174 1000 1230 ut
1050 1170 1142 1230 sic
1193 1170 1544 1247 applicata,
1592 1171 1831 1234 idonea
1863 1177 1964 1233 est
2009 1173 2360 1238 abluendis

812 1286 1223 1350 criminibus,
1304 1286 1513 1349 Aliam
1600 1289 1708 1365 ipe
1778 1290 2019 1354 Doctor
2069 1293 2365 1373 assignat

809 1402 1002 1477 infra,
1060 1419 1206 1482 quae
1261 1411 1362 1467 est
1407 1406 1618 1486 magis
1665 1407 1994 1484 explicita,
2040 1415 2106 1472 et
2151 1408 2363 1473 deno-

811 1529 958 1585 tans
1014 1519 1336 1601 quidquid
1389 1538 1510 1598 per
1552 1540 1623 1585 se
1655 1524 1940 1604 exigitur
1980 1525 2066 1587 ad
2116 1530 2358 1591 consti·

816 1637 1140 1702 tuendum
1194 1641 1554 1705 intrinsece
1615 1644 2041 1723 Baptismum‚
2092 1652 2159 1709 et
2207 1663 2348 1710 res-

815 1759 1076 1838 pective
1135 1758 1220 1822 ad
1279 1761 1632 1824 intrinseca
1687 1766 2171 1837 concurrentia,
2220 1780 2367 1843 quae

821 1876 970 1937 talis
1033 1884 1164 1941 est:
1217 1880 1579 1957 Baptismus
1634 1890 1722 1944 est
1783 1881 2023 1944 ablutio
2090 1883 2367 1944 hominis

824 1986 1209 2065 aliqualiter
1264 1994 1723 2067 consentientis,
1770 1994 1951 2068 facta
1993 1996 2074 2056 ab
2106 1993 2240 2056 alio
2298 1997 2366 2055 in

820 2118 1019 2179 aqua,
1100 2107 1298 2168 simul
1371 2111 1566 2170 verba
1644 2115 1822 2171 certa
1913 2127 2058 2171 cum
2151 2112 2366 2175 debita

816 2221 1157 2283 intentione
1189 2226 1590 2302 proferente,
1659 2227 2034 2303 siqnislcans
2074 2229 2359 2307 efficaci-

812 2351 935 2421 ter,
997 2358 1081 2404 ea:
1158 2344 1551 2406 institutione
1640 2344 1882 2415 divina,
1970 2344 2364 2407 ablutionem

816 2463 1051 2525 animae
1117 2478 1160 2522 a
1186 2465 1476 2537 peccate,
1545 2464 1672 2521 etc.
1732 2456 1938 2521 Aliam
2000 2458 2359 2541 adJungit:

819 2578 1187 2653 Baptismus
1262 2581 1349 2637 est
1425 2579 1931 2638 Sacramentum
2017 2576 2366 2639 ablutionis

815 2691 1047 2753 animae
1100 2707 1142 2751 a
1187 2696 1476 2767 peccata,
1521 2690 1865 2751 consistens
1907 2690 1976 2748 in
2034 2688 2367 2750 ablutione

816 2805 1092 2868 hominis
1181 2804 1564 2883 aliqualiter
1645 2805 2108 2879 consentientis,
2184 2804 2366 2879 sacta

816 2925 883 2983 in
944 2937 1121 3000 aqua
1184 2922 1265 2983 ab
1319 2921 1457 2982 alio
1532 2920 1852 2994 abluente,
1912 2927 1969 2981 et
2030 2922 2096 2982 in
2151 2920 2367 2980 verbis

818 3044 1005 3107 certis
1078 3044 1276 3106 simul
1342 3045 1424 3104 ab
1496 3045 1722 3105 eodem
1812 3041 2131 3115 abluente,
2209 3057 2355 3104 cum

815 3160 1031 3224 debila
1095 3159 1461 3234 intentione,
1521 3157 1827 3236 prolatis.

896 3279 1037 3339 Haec
1085 3274 1299 3336 differt
1354 3293 1392 3337 a
1450 3275 1650 3351 priori
1694 3272 1875 3353 quod
1935 3272 2044 3335 illa
2099 3273 2184 3334 sit
2243 3276 2358 3336 Sa·

820 3394 1154 3468 crementi,
1222 3398 1294 3454 ut
1361 3396 1462 3454 est
1515 3394 1805 3473 signum,
1881 3395 1949 3454 et
1990 3392 2054 3454 in
2111 3408 2363 3472 genere

826 3508 1098 3583 relativi,
1158 3512 1224 3569 et
1296 3507 1485 3572 datur
1539 3524 1660 3586 per
1731 3515 2045 3581 extrema,
2117 3524 2363 3586 nempe

815 3626 1345 3700 fundamentum,
1410 3625 1590 3704 quod
1663 3632 1761 3688 est
1824 3626 2072 3689 ablutio
2142 3624 2366 3706 (juxta

815 3745 1219 3823 opinionem,
1295 3759 1494 3824 quam
1586 3745 1798 3821 primo
1868 3744 2013 3804 loco
2087 3742 2366 3823 explicat

815 3866 1078 3940 Doctor,
1123 3869 1192 3925 ut
1254 3862 1696 3943 probabilem)
1771 3880 1920 3926 cum
1979 3861 2365 3925 conditioni-

813 3984 939 4045 bus
980 3981 1325 4056 fundandi,
1376 3988 1442 4045 et
1485 3999 1607 4060 per
1664 3982 2045 4056 terminum,
2100 3982 2212 4060 qui
2266 3984 2368 4041 est

815 4100 1062 4163 ablutio
1106 4102 1340 4162 animae
1381 4117 1423 4160 a
1443 4103 1733 4176 peccato,
1782 4098 2209 4163 Conditiones
2254 4115 2364 4160 au-

818 4222 953 4280 tem
989 4215 1311 4280 fundandi
1356 4225 1530 4292 sunt,
1561 4223 1637 4280 ut
1684 4217 1765 4278 sit
1807 4218 2192 4296 aliqualiter
2220 4235 2363 4280 con-

812 4335 1155 4405 sentientis,
1240 4332 1416 4413 quod
1488 4334 1873 4414 intelligitur
1952 4333 2035 4396 de
2107 4333 2360 4408 adulte,

815 4450 1114 4530 quamvis
1153 4452 1352 4513 etiam
1395 4453 1604 4527 possit
1649 4450 1915 4512 extendi
1945 4449 2029 4511 ad
2062 4467 2203 4525 eOS,
2251 4451 2365 4530 qui

813 4571 879 4629 in
939 4566 1174 4645 seipsis
1240 4574 1583 4645 nequeunt
1625 4567 1871 4629 habere
1927 4583 2361 4641 consensum,

812 4691 884 4747 ut
912 4683 1221 4758 infanteS,
1266 4685 1515 4746 habent
1570 4687 1789 4745 tamen
1820 4684 1886 4745 in
1916 4682 2068 4756 aliO,
2118 4697 2363 4760 nempe

809 4805 876 4865 in
932 4802 1243 4872 Ecclesia,
1293 4817 1436 4880 quae
1507 4817 1623 4879 pro
1694 4799 1853 4877 ipsis
1927 4799 2236 4877 spondet,
2282 4816 2365 4862 ex

811 4916 1181 4998 Augustino
1223 4916 1416 4978 variis
1460 4916 1526 4976 in
1582 4915 1768 4977 locist.
1837 4917 2021 4988 item,
2079 4915 2363 4994 requiri-

812 5040 918 5096 tur
946 5038 1019 5096 ut
1065 5035 1151 5096 sit
1194 5034 1273 5094 ab
1319 5032 1452 5093 alio
1487 5031 1754 5092 habente
1803 5031 2086 5092 debitam
2114 5033 2365 5094 intenti·

810 5163 998 5212 onem
1054 5155 1121 5210 et
1164 5149 1541 5225 proferente
1593 5146 1794 5208 simul
1850 5148 2050 5207 verba
2113 5145 2361 5218 formae,

811 5275 883 5330 ut
961 5265 1125 5328 infra
1212 5264 1675 5327 declarabitur.
1759 5263 2063 5324 Secunda
2141 5267 2362 5324 autem

815 5383 1101 5447 definitio
1148 5383 1212 5444 in
1270 5381 1530 5443 duobus
1574 5379 1812 5455 differt,
1875 5395 2117 5457 nempe
2184 5380 2364 5458 quod

816 5503 1008 5567 detur
1074 5516 1198 5581 per
1270 5513 1484 5583 genus
1545 5498 1941 5578 proximum,
2021 5496 2203 5577 quod
2261 5505 2364 5562 est

2006 311 2154 376 LIB.
2186 312 2287 375 lv,
2335 311 2932 380 SENTENTIARUM

2473 478 2998 555 Sacramentum,
3051 483 3119 541 et
3163 480 3475 562 designet
3524 482 3722 548 totale
3771 482 3951 548 funda-
4038 520 4039 527 κ

2472 598 2772 655 mentum
2813 608 2950 657 non
2995 611 3142 658 esse
3188 598 3398 660 solam
3442 600 3846 674 ablutionem,
3872 605 3954 665 sed
4032 628 4037 655 ι

2471 708 2663 770 simul
2732 710 3057 774 accedere
3105 716 3328 789 verba,
3404 732 3486 777 ex
3554 718 3787 796 quibus
3843 735 3957 782 con-

2472 827 2680 904 surgit
2722 827 3058 907 integrum
3102 827 3635 895 fundamentum.
3691 834 3849 897 Prior
3880 853 3957 897 au·

2473 946 2607 1005 tem
2672 945 2897 1007 statuit
2968 946 3303 1027 integrum
3346 947 3839 1012 fundamentum
3882 971 3956 1015 re·

2470 1061 2732 1124 lationis
2775 1067 3269 1127 sacramentalis
3338 1083 3461 1130 seu
3528 1061 4020 1147 significationis'·

2471 1180 2539 1240 in
2607 1179 2748 1240 sola
2819 1180 3176 1254 ablutione,
3250 1183 3358 1245 cui
3427 1182 3758 1247 accedunt
3811 1189 3953 1248 verba

2473 1309 2596 1370 per
2646 1293 2920 1357 modum
2992 1296 3384 1362 conditionis
3454 1297 3873 1377 specificantis
3913 1310 3952 1365 et

2476 1410 2974 1473 determinantis
3032 1413 3115 1476 ad
3172 1412 3588 1477 fundandam
3645 1417 3952 1497 significati·

2474 1542 2671 1587 onem
2710 1531 3280 1592 sacramentalem.

2554 1645 2695 1706 Haec
2729 1648 3010 1710 varietas
3058 1650 3264 1711 oritur
3292 1666 3375 1711 ex
3420 1648 3796 1713 diversitate
3835 1653 3951 1714 modi

2473 1761 2804 1834 sentiendi
2849 1766 3019 1826 circa
3061 1765 3245 1843 illud,
3291 1765 3471 1846 quod
3519 1774 3950 1831 Sacramentum

2474 1883 2784 1957 importat
2845 1884 2910 1944 in
2981 1886 3189 1957 rect0,
3265 1890 3578 1965 tanquam
3635 1883 3951 1950 fundameir

2476 2001 2612 2058 tum
2684 1996 3177 2075 significationis
3221 2004 3555 2078 practicae.
3628 2002 3746 2065 Alii
3798 2003 3951 2065 dicum

2474 2112 2677 2174 solam
2750 2115 3152 2178 ablutionem
3220 2133 3344 2179 seu
3410 2120 3789 2194 materiam,
3856 2137 3951 2182 esse
4040 2094 4042 2099 ¹

2477 2230 2912 2295 essentialiter
2982 2234 3497 2309 Sacramentum,
3601 2251 3735 2301 non
3796 2243 3950 2297 autem
4040 2288 4042 2301 .

2474 2347 2776 2422 formam,
2852 2348 2974 2410 sed
3050 2366 3197 2412 esse
3278 2353 3671 2430 requisitam
3750 2358 3947 2423 tantum,

2476 2465 2774 2542 quamvis
2827 2463 2986 2525 nihil
3041 2463 3282 2528 efficiat
3350 2472 3463 2529 aut
3501 2466 3822 2549 significet
3854 2486 3946 2547 pn·
4040 2484 4042 2489 ·

2476 2581 2661 2642 ctice.
2724 2580 2849 2642 Alii
2893 2580 3121 2643 dicunt
3174 2588 3533 2662 utrumque
3600 2593 3872 2662 spectare
3901 2586 3950 2646 ad

2473 2696 2830 2756 essentiam
2878 2696 3283 2760 sacramenti
3338 2700 3403 2759 in
3459 2705 3650 2762 recto
3708 2707 3771 2762 et
3819 2700 3950 2762 simul
4040 2680 4042 2691 ¹

2472 2811 2768 2881 instituta
2799 2826 2947 2872 esse
2978 2809 3062 2872 ad
3109 2812 3510 2874 causandam
3554 2819 3842 2894 gratiam,
3876 2829 3951 2891 per
4040 2878 4042 2893 ¹

2471 2926 2746 2987 modum
2788 2927 2983 2988 unius
3014 2929 3231 2990 totalis
3277 2929 3450 3011 signi
3497 2931 3945 2993 sacramentalis,

2476 3042 2686 3104 Prima
2756 3040 3046 3104 definitio
3124 3048 3226 3105 est
3294 3045 3669 3109 secundum
3735 3050 3947 3125 priorem
4040 3076 4042 3093 ι

2473 3161 2906 3235 sententiam3
2956 3160 3251 3222 secunda
3293 3176 3450 3224 vero
3488 3161 3847 3225 secundum
3877 3178 3945 3241 po

2472 3277 2842 3338 steriorem.
2919 3274 3199 3337 Primam
3255 3282 3438 3338 tenet
3507 3279 3825 3360 Magister,
3883 3295 3944 3340 se
3979 3344 3990 3355 ,-

2476 3391 2761 3454 cundam
2812 3393 2887 3453 D.
2949 3393 3407 3454 Bonaventura
3475 3391 3622 3456 dist.
3674 3396 3732 3457 3.
3777 3396 3990 3455 arti.

2476 3511 2691 3584 quaest.
2773 3507 2826 3568 1.
2885 3507 3001 3568 ubi
3055 3507 3255 3569 verba
3330 3507 3703 3589 significare
3768 3508 3994 3588 pn‘nci·

2474 3623 2688 3701 palius
2742 3623 3019 3702 gratiam
3083 3624 3301 3687 docet.
3376 3627 3666 3707 Utraque
3721 3633 3812 3689 est
3851 3634 3990 3703 pre

2474 3744 2711 3806 babilis
2765 3761 2847 3807 ex
2913 3745 3218 3821 Doctore,
3279 3746 3402 3809 sed
3459 3748 3754 3810 secunda
3800 3746 3948 3825 magis

2473 3861 2855 3940 probabiliS,
2919 3862 3071 3941 quia
3124 3863 3411 3942 alioquin
3455 3880 3588 3925 non
3642 3865 3946 3927 viderentur

2476 3980 2651 4058 exigi
2713 3979 2928 4054 verba,
2990 3981 3114 4042 nisi
3183 3987 3559 4058 spectarent
3614 3982 3699 4044 ad
3750 3981 3948 4060 signum

2475 4094 2974 4156 sacramentale.
3027 4094 3167 4157 Haec
3211 4093 3372 4157 ratio
3432 4094 3808 4168 declaratur,
3845 4091 3947 4171 quia

2475 4210 2722 4272 ablutio
2775 4213 3058 4273 exterior
3103 4211 3305 4274 habet
3347 4209 3429 4274 de
3473 4228 3545 4274 se
3583 4210 3943 4274 sufficientem

2477 4328 2968 4406 proportionem
3011 4328 3451 4391 similitudinis
3495 4329 3575 4392 ad
3619 4328 3942 4391 ablutionem

2473 4444 2868 4519 interiorem,
2925 4451 3000 4509 ut
3076 4464 3222 4508 eam
3296 4445 3620 4527 significet
3692 4449 3937 4526 quantum

2475 4563 2560 4625 ad
2596 4568 2902 4626 naturam
2943 4565 3146 4643 ipsius
3201 4569 3410 4639 actua,
3473 4568 3636 4627 sicut
3676 4557 3933 4626 circumci-

2472 4680 2568 4743 sio
2625 4684 2691 4744 in
2738 4699 2933 4745 carne
2982 4680 3068 4744 ad
3118 4681 3616 4762 significandum
3675 4672 3933 4743 circumci-

2467 4796 2724 4858 sionem
2772 4795 3009 4871 cordiS,
3070 4812 3266 4875 quam
3331 4798 3473 4859 sine
3516 4798 3719 4861 verbis
3760 4791 3929 4870 adjun-

2476 4911 2618 4986 ctiS,
2680 4911 3046 4975 accedente
3128 4913 3268 4974 sola
3318 4913 3711 4976 institutione
3750 4909 3925 4973 divina,

2473 5027 2886 5107 significavit.

2550 5143 2693 5204 Non
2737 5141 2949 5205 minor
2991 5148 3092 5206 est
3145 5145 3479 5222 proportio
3535 5139 3833 5206 ablutionis
3860 5129 3963 5196 adv

2473 5261 2826 5334 internam3
2880 5275 3038 5340 ergo
3089 5259 3281 5324 verba
3334 5262 3635 5342 adjuncta
3672 5273 3780 5320 non
3812 5265 3912 5329 spe·
3968 5236 3992 5249 ’

2474 5376 2750 5451 cificant,
2809 5395 3030 5457 neque
3103 5377 3538 5442 determinant
3599 5377 3905 5441 ablutionem

2469 5494 2552 5556 ad
2624 5496 2908 5577 aliquam
2976 5498 3296 5581 majorem
3372 5497 3807 5578 proportionem
3862 5462 3998 5545 &1³³³
