4255 6375
781 415 899 480 260

435 578 735 707 mxeffi‘ium
780 596 919 644 non
985 579 1380 660 inveniatur,
1444 585 1671 648 tamen
1731 598 1814 648 ex
1869 583 1971 656 iis,
2031 597 2176 663 quae
2247 578 2333 643 de

436 703 745 818 appgffigr.
781 699 1090 775 Baptismi
1120 705 1446 780 praecepto
1491 701 1840 764 traduntur
1870 704 1936 764 in
1967 700 2332 779 Scriptura,

468 829 730 895 colligitur
782 815 1106 895 colligitur
1152 816 1383 880 factus.
1437 818 1688 881 Eodem
1744 816 1944 880 modo
1996 816 2149 878 licet
2199 832 2332 878 non

438 907 757 1027 praesssffiisoe
779 932 1148 996 inveniatur
1232 936 1599 997 revelatum
1675 934 1742 996 in
1812 933 2063 1011 specie,
2149 931 2332 1011 quod

462 1024 723 1070 mentum.
781 1050 959 1111 Deus
1031 1068 1165 1114 non
1231 1052 1588 1131 acceptarit
1678 1052 1983 1114 meritum
2062 1048 2332 1130 aliquod

776 1163 859 1226 de
930 1182 1225 1247 congruo
1281 1173 1594 1248 respectu
1653 1169 2149 1241 incarnationiS,
2229 1171 2327 1226 ta·

771 1297 929 1343 men
983 1299 1067 1344 ex
1123 1283 1536 1348 documentis
1582 1302 1834 1358 eorum,
1897 1301 2039 1364 quae
2083 1282 2168 1345 de
2225 1283 2327 1344 ln-

772 1399 1150 1463 carnatione
1220 1402 1362 1481 ipsa
1432 1403 1761 1465 habentur
1818 1417 1899 1462 ex
1956 1402 2320 1478 Scriptura,

776 1515 1196 1596 colliguntur,
1300 1524 1452 1598 quia
1536 1520 1614 1582 de
1684 1519 2089 1596 plenitudine
2191 1518 2332 1593 ejus

775 1644 991 1693 omnes
1034 1636 1411 1710 accepimus,
1483 1640 1582 1695 est
1622 1631 1809 1695 radix
1841 1636 1907 1694 et
1943 1631 2329 1710 principium

777 1752 1015 1809 nostrae
1076 1748 1364 1828 justitiae,
1416 1747 1572 1811 fidei
1629 1752 1694 1811 et
1735 1749 2118 1817 vocationis,
2183 1763 2329 1826 quas

780 1868 1103 1926 evacuant
1133 1881 1330 1928 omne
1382 1865 1690 1927 meritum
1723 1881 1806 1926 ex
1851 1869 2036 1943 parte
2079 1868 2327 1937 nostra,

783 1983 849 2038 et
911 1996 992 2040 ex
1049 1981 1254 2044 altero
1305 1980 1703 2044 documento
1771 1982 2141 2060 Scripturas,
2200 1997 2332 2060 quo

780 2097 1149 2175 reperimus
1193 2114 1388 2160 omne
1442 2100 1740 2161 meritum
1799 2106 1928 2160 tam
1992 2097 2330 2176 spirituale

782 2229 982 2291 quam
1028 2215 1390 2293 temporale
1436 2231 1584 2277 esse
1628 2212 2096 2292 independens
2143 2231 2180 2276 a
2210 2229 2329 2274 suo

781 2330 1076 2405 praemio;
1116 2332 1423 2403 occurrit,
1454 2334 1752 2411 inquam,
1787 2348 1870 2393 ex
1918 2332 2017 2395 his
2068 2330 2329 2393 duobus

778 2444 1114 2508 sufficiens
1164 2446 1658 2523 documentum,
1706 2447 1886 2511 unde
1938 2449 2328 2527 colligamus

780 2562 1142 2626 accedente
1191 2566 1523 2627 sententia
1579 2566 2035 2645 Magistrorum
2071 2565 2330 2637 scholas,

783 2647 964 2753 quo⁸d
1028 2681 1435 2756 principium
1503 2683 1727 2743 meriti
1795 2698 1922 2743 non
1976 2681 2151 2743 cadit
2218 2680 2333 2741 sub

777 2793 1031 2869 merito,
1077 2794 1256 2856 unde
1330 2811 1729 2859 evacuemus
1774 2813 1968 2860 omne
2022 2795 2330 2859 meritum

781 2917 1095 2986 respectu
1159 2913 1654 2975 incarnationis

565 3048 644 3097 37.
864 3025 1137 3089 Accedit
1180 3028 1379 3089 etiam
1422 3027 1603 3107 quod
1651 3029 1827 3090 Deus
1858 3028 1941 3092 de
1971 3027 2142 3092 facto
2192 3028 2333 3090 nul-

463 3107 739 3243 ξξζζξῖξζᾞ
784 3140 918 3203 lum
987 3147 1335 3221 peccatum
1400 3145 1749 3222 praevisum
1839 3152 2132 3209 nostrum
2216 3162 2335 3224 per

442 3248 1318 3336 n⁰¹s²¹'¹¹¹²¹¹'¹·anticipationem
1363 3262 1614 3338 puniat,
1678 3260 1932 3323 nullum
1985 3279 2153 3340 opus
2214 3264 2332 3325 bo·

781 3387 941 3434 num
995 3377 1292 3451 praemiet
1370 3394 1488 3455 per
1561 3378 2149 3456 anticipationem;
2212 3379 2334 3441 sed

783 3490 1048 3568 aequalis
1100 3497 1199 3553 est
1236 3491 1416 3576 'ratio
1476 3493 1819 3571 utriusque
1867 3494 2043 3573 apud
2089 3495 2332 3572 ipsum,

778 3611 890 3688 qui
919 3611 1196 3690 singulis
1227 3613 1501 3690 partitur
1553 3618 1749 3691 prout
1796 3619 2042 3693 gerunt
2071 3615 2138 3676 in
2186 3632 2333 3677 cor-

716 3795 724 3804 ·
775 3740 935 3802 pore
965 3743 1112 3801 su0,
1158 3728 1294 3790 sive
1346 3729 1619 3804 bonum,
1670 3731 1807 3791 sive
1865 3730 2148 3803 malum;
2208 3729 2330 3792 do-

463 3840 739 3982 Seffiffia-
781 3843 984 3904 ctrina
1018 3846 1192 3905 enim
1239 3844 1400 3906 falsa
1448 3843 1572 3907 fuit
1624 3846 2335 3926 semipelagianorum,

456 3979 750 4046 gianorum.
782 3963 1125 4037 praevisum
1164 3970 1409 4026 motum
1461 3963 1647 4025 liberi
1698 3964 1943 4026 arbitrii
1991 3963 2331 4044 praemiari,

479 4043 719 4155 ,ἓξὲξ
782 4082 896 4138 aut
924 4078 1141 4155 puniri
1169 4095 1206 4140 a
1241 4081 1398 4141 Deo.
1436 4078 1624 4142 Unde
1669 4080 1751 4142 ab
1801 4080 1926 4142 hac
1975 4081 2332 4144 universali

781 4195 1014 4269 regula
1074 4211 1208 4257 non
1264 4199 1367 4257 est
1421 4195 1900 4270 recedendum,
1962 4200 2084 4261 nisi
2168 4198 2331 4259 ratio

781 4309 999 4387 aliqua
1045 4308 1326 4372 suadeat
1371 4311 1854 4389 exceptionem,
1890 4329 2035 4392 quae
2062 4316 2129 4375 in
2173 4331 2330 4393 pro-

780 4428 995 4502 posito
1041 4427 1219 4489 nulla
1263 4432 1385 4489 est.

862 4540 1052 4616 Quod
1104 4544 1155 4604 si
1202 4560 1444 4624 urgeas
1495 4546 1726 4606 merita
1776 4545 2005 4609 Christi
2055 4547 2331 4624 praevisa

471 4596 720 4708 Obl'oeuo'
781 4661 1122 4734 acceptata
1195 4654 1397 4719 fuisse
1471 4665 1536 4721 et
1598 4657 1924 4736 profuisse
2008 4661 2328 4736 Patribus,

471 4658 542 4708 So
565 4660 721 4712 vitur.

523 4803 695 4868 Opera
795 4773 1264 4850 respondetur,
1315 4772 1381 4834 id
1437 4790 1662 4836 verum
1709 4793 1876 4849 esse,
1921 4775 2041 4840 sed
2099 4778 2334 4856 singu..

484 4866 702 4978 ῐξξῇζζῗῗ
779 4887 916 4948 lare
972 4889 1040 4950 in
1093 4887 1341 4951 Christo
1417 4891 1735 4965 Domin0,
1811 4893 1919 4972 qui
1980 4900 2082 4955 est
2137 4897 2335 4970 eaput

455 4997 748 5102 &223²an
779 5003 1260 5079 universorum,
1316 5006 1448 5069 imo
1515 5006 1853 5071 confirmat
1928 5012 2328 5090 propositam

438 5114 749 5232 Docttcissum.
784 5119 1277 5183 conclusionem
1334 5122 1654 5195 Doctoris,
1716 5125 1864 5202 quia
1924 5124 2078 5188 licet
2126 5141 2330 5203 opera

781 5234 1011 5299 Christi
1064 5240 1332 5315 praevisa
1398 5237 1775 5302 influxerint
1842 5242 1908 5304 in
1983 5241 2332 5319 praedesti-

778 5358 993 5428 natOS,
1063 5353 1175 5432 qui
1232 5371 1379 5417 eum
1439 5361 1962 5432 antecesserunt,
2022 5360 2324 5439 gratiam,

778 5463 979 5527 fidem
1025 5474 1088 5530 et
1141 5469 1600 5533 remissionem
1649 5473 1903 5548 peccati
1945 5472 2129 5553 (alias
2188 5489 2322 5537 non

779 5582 1011 5650 ruisset
1055 5586 1150 5646 eis
1204 5585 1608 5651 sufficienter
1660 5586 1728 5651 in
1798 5589 2045 5654 Christo
2099 5592 2323 5669 provi-

1895 412 2042 478 Lm.
2086 410 2192 478 w.
2237 404 2831 479 smmum!

2441 577 2614 659 sum)
2670 594 2815 658 quae
2879 577 3254 643 necessaria
3309 579 3497 643 erant
3560 574 3653 642 ad
3712 573 3955 641 salutem

2439 694 2769 773 ipsorum;
2824 701 3042 761 tamen
3091 712 3174 759 ex
3216 696 3531 773 operibus
3560 694 3795 758 Christi
3825 708 3959 771 prze-

2437 811 2590 874 visis
2648 828 2783 875 non
2836 817 3240 892 receperunt
3298 816 3638 893 praemium
3692 811 3961 890 comple-

2444 933 2583 990 tum
2625 932 2981 1009 antequam
3008 928 3273 992 fuerunt
3322 930 3611 992 exhibita
3639 931 3711 992 in
3751 928 3960 1006 reipsa.
4084 1008 4085 1011 Ἴ

2440 1045 2515 1106 Et
2562 1044 2716 1106 licet
2763 1045 3067 1108 habuerit
3121 1046 3299 1108 illam
3359 1044 3735 1108 efficaciam
3778 1004 4086 1196 quoad&

2440 1158 2830 1222 sufficientia
2860 1168 2925 1222 et
2977 1164 3355 1225 necessaria
3385 1179 3504 1240 pro
3547 1165 3730 1224 statu
3757 1161 3885 1233 viae,
3917 1164 3972 1220 et
4004 1144 4038 1177 ’‘

2440 1278 2531 1337 sic
2572 1274 2816 1338 fuerint
2852 1280 3194 1354 acceptata
3240 1276 3462 1357 quoad
3505 1277 3647 1340 haec
3705 1277 3970 1355 praecise,

2440 1408 2572 1456 non
2633 1398 2852 1455 tamen
2915 1401 3102 1457 erant
3169 1391 3481 1467 efficacia,
3544 1392 3776 1473 quoad
3831 1407 3965 1470 prae·

2438 1510 2645 1572 mium
2678 1507 3077 1588 completum
3108 1518 3173 1573 et
3202 1512 3592 1585 ultimatum‚
3627 1515 3967 1589 antequam

2442 1627 2801 1689 exhibitum
2880 1624 2999 1690 fuit
3073 1628 3479 1705 completum
3538 1630 3861 1690 meritum
3919 1625 3970 1686 in

2446 1743 2790 1819 passione;
2868 1760 3027 1823 ergo
3084 1741 3382 1823 sequitur
3440 1745 3653 1804 Deum
3716 1758 3848 1806 non
3889 1757 3972 1800 ac·

2446 1863 2712 1938 ceptare
2754 1863 3058 1922 meritum
3116 1860 3457 1937 praevisum
3513 1875 3698 1937 purae
3757 1862 3976 1920 creatu·

2446 1991 2551 2049 rae,
2604 1991 2753 2038 cum
2803 1993 2936 2038 non
2990 1978 3349 2054 acceptarit
3396 1979 3701 2038 meritum
3749 1974 3977 2049 Christi,
4084 1984 4085 1999 ¹

2446 2092 2565 2153 nisi
2598 2097 2850 2154 tantum
2889 2092 3109 2171 quoad
3162 2092 3534 2154 necessaria
3580 2091 3665 2153 ad
3719 2092 3975 2154 salutem

2448 2207 3047 2284 praedestinatorum
3092 2208 3157 2269 in
3188 2207 3313 2281 via,
3350 2207 3588 2286 quibus
3638 2208 3833 2270 aliter
3880 2224 3977 2284 pel·

2446 2321 2769 2386 Christum
2809 2324 3355 2403 subsequentem,
3408 2324 3517 2386 vel
3560 2326 3627 2385 in
3671 2326 3818 2402 ipso
3865 2341 3971 2387 non

2447 2439 2678 2506 fuisset
2715 2444 3071 2522 provisum.

2532 2564 2634 2624 Hae
2707 2563 2998 2624 rationes
3072 2562 3353 2637 probant
3427 2566 3651 2624 contra
3728 2562 3958 2627 Suarez.
4062 2588 4086 2637 ῃ

2447 2678 2625 2756 quod
2682 2695 2805 2741 nec
2850 2678 3074 2740 Patres
3132 2678 3494 2740 meruerint
3548 2678 3961 2739 substantiam
3987 2644 4086 2761 ’Ἐξ

2447 2805 2935 2876 incarnationis⁹
2998 2805 3196 2867 etiam
3261 2806 3329 2867 in
3387 2804 3808 2867 executione.
3865 2804 3966 2864 Ne·
4011 2786 4086 2885 ,ᾗ

2450 2936 2577 2999 que
2634 2917 2839 2981 refert
2882 2918 3103 2981 dicere
3164 2918 3341 2998 quod
3408 2918 3586 2981 nulla
3655 2918 3745 2980 sit
3799 2900 4086 3009 repa-m}

2447 3039 2732 3113 gnantia,
2792 3037 2943 3116 quia
2980 3036 3140 3097 *licet
3194 3051 3327 3096 non
3374 3033 3455 3097 de
3517 3036 3819 3112 potentia
3874 3032 3963 3092 ab·
4060 3022 4085 3043 ”

2448 3150 2657 3214 soluta
2703 3150 2771 3214 id
2826 3168 3057 3216 verum
3113 3152 3218 3225 sit,
3298 3149 3520 3232 quoad
3591 3148 3968 3216 ordinariam

2448 3276 2690 3345 tamen,
2740 3276 2807 3334 et
2874 3273 3139 3351 regulas
3185 3270 3417 3334 divinae
3466 3271 3805 3348 sapientiae
3874 3283 3967 3346 po·

2445 3388 2625 3461 sitas,
2682 3404 2818 3450 non
2876 3393 2977 3450 est
3037 3404 3292 3461 verum,
3370 3388 3526 3450 licet
3590 3388 3768 3449 enim
3822 3402 3969 3465 pre·

2448 3505 2720 3565 cesserit
2761 3520 2964 3584 opera
3023 3505 3199 3566 bona
3238 3506 3302 3566 in
3346 3504 3640 3566 Patribus
3692 3504 3971 3564 incarna-

2448 3620 2695 3681 tionem
2761 3617 3024 3693 factam,
3098 3620 3468 3682 subsecutas
3542 3623 3761 3679 tamen
3840 3624 3968 3679 sunt

2450 3708 2758 3798 eamdem
2825 3738 2892 3798 in
2963 3737 3344 3815 praevisione
3404 3735 3623 3815 quoad
3697 3734 3970 3797 executi·

2449 3868 2646 3916 onem
2691 3860 2756 3915 et
2813 3851 3327 3931 dependentiam
3400 3852 3821 3921 causalitatis‚
3876 3855 3957 3911 at·

2452 3982 2581 4044 que
2629 3967 2926 4044 principii
2971 3966 3151 4046 quod
3202 3967 3362 4028 tollit
3415 3965 3719 4028 ordinem
3770 3965 3954 4026 meriti

2451 4085 2519 4142 et
2549 4081 2791 4158 praemii
2834 4080 3005 4144 inter
3046 4082 3210 4160 ipsa.
4084 4117 4085 4184 {

2529 4197 2871 4260 Conclusio
2905 4198 3222 4276 praedicta
3252 4197 3446 4259 etiam
3476 4197 3788 4276 probatur
3811 4210 3962 4274 quo-
4055 4199 4086 4260 Ι,

2449 4313 2532 4375 ad
2586 4315 2971 4376 inclusivam
3032 4331 3154 4377 seu
3204 4312 3673 4386 affirmativam,
3720 4328 3834 4392 qua
3878 4265 4086 4404 diua:

2450 4436 2687 4493 cuntur
2752 4429 2974 4492 Patres
3044 4431 3363 4492 meruisse
3435 4430 3953 4493 accelerationem
3995 4407 4086 4504 Ἓξ

2448 4546 2934 4618 incarnationis,
3005 4546 3153 4624 quia
3200 4546 3419 4608 Sancti
3476 4545 3697 4607 Patres
3750 4557 3958 4605 orave·
4008 4522 4086 4570 Μ’

2445 4668 2599 4724 runt
2679 4680 2795 4740 pro
2883 4663 3360 4725 acceleratione
3432 4660 3875 4724 lucarnationis
3941 4676 3955 4715 :

2449 4782 2707 4842 Ostende
2811 4781 2988 4842 nobis
3088 4778 3355 4840 Domine
3464 4776 3953 4840 misericordiam

2444 4901 2650 4969 tuam,
2682 4899 2739 4957 el
2786 4895 3078 4958 salutare
3131 4900 3313 4956 tuum
3367 4897 3454 4956 da
3496 4897 3692 4968 nobis,
3736 4891 3950 4955 Psalm.

2442 5011 2542 5072 84.
2604 5011 2835 5070 Emitte
2891 5010 3161 5069 Domine
3206 5023 3453 5084 agnum
3519 5009 3973 5084 dominatorem¹

2439 5131 2629 5186 terrae
2682 5131 2758 5189 de
2792 5130 2985 5201 petra
3026 5125 3283 5196 deserti,
3349 5124 3524 5186 lsaiae
3583 5123 3676 5186 16.
3720 5126 3780 5183 et
3825 5117 3949 5196 plu-

2441 5247 2603 5306 rima
2650 5243 2908 5305 similia.
2961 5241 3092 5304 Sed
3142 5242 3278 5303 haec
3326 5258 3458 5304 non
3506 5242 3712 5304 solum
3759 5235 3945 5301 decla-

2440 5366 2587 5423 rant
2615 5358 2932 5422 desideria
2975 5359 3386 5430 Sanctorum,
3431 5356 3554 5420 sed
3602 5331 3783 5420 etiam
3817 5368 3935 5414 ora·
3979 5351 4086 5473 (ἓὲ

2442 5478 2711 5554 tionem,
2759 5492 2909 5556 quae
2967 5492 3100 5537 non
3141 5473 3266 5537 fuit
3309 5477 3673 5548 temeraria,
3716 5470 3820 5535 sed
3861 5483 3932 5528 ex
3985 5481 4085 5536 exta

2435 5597 2751 5659 instinctu
2778 5593 3052 5672 Spiritus
3091 5592 3321 5666 sancti,
3368 5608 3446 5654 ac
3475 5589 3743 5671 proinde
3778 5581 3924 5670 quod
