4255 6375
1310 420 1507 482 Dts'r.
1555 421 1632 480 tv
1678 418 2048 494 QUAESTto
2093 420 2220 481 V11.

202 577 507 667 magis
555 578 978 671 disposito,
1010 578 1447 672 perfectius
1517 576 1800 669 recipi-

201 693 376 763 tur
424 693 798 776 effectus;
842 715 1068 788 ergo,
1104 698 1257 768 etc.

305 812 809 904 Respondeo,
860 812 1113 905 aliqui
1155 812 1666 903 distinguunt
1709 810 1799 882 tle

201 926 555 1010 effectu,
603 929 736 1022 qui
785 934 910 1003 est
970 951 1126 1012 res,
1191 933 1272 1004 et
1322 932 1799 1003 Sacramen-

162 1035 446 1126 tum,
507 1046 638 1139 qui
697 1046 999 1121 dicitur
1040 1047 1499 1129 character,
1582 1049 1660 1118 et
1705 1046 1797 1118 de

162 1162 553 1247 :effectm
590 1165 726 1257 qui
766 1169 890 1239 est
940 1186 1069 1238 res
1118 1168 1466 1240 tantum.
1517 1164 1664 1236 Sed
1704 1165 1795 1237 de

212 1280 511 1371 primo
539 1280 834 1355 effectu
881 1283 1230 1354 nondum
1289 1280 1611 1354 habitus
1668 1284 1793 1354 est

208 1416 536 1478 sermo,
582 1399 714 1470 sed
763 1397 1189 1471 habebitur
1227 1401 1525 1467 distinct.
1574 1402 1639 1466 6.
1676 1399 1791 1470 De

203 1515 580 1586 secundo
634 1535 831 1606 ergo
875 1518 997 1588 est
1050 1513 1417 1609 quaestio,
1462 1519 1543 1588 et
1601 1513 1792 1587 dici-

208 1635 368 1703 tur
407 1632 611 1724 quod
637 1631 1276 1725 plureseffectus
1310 1631 1517 1704 tales
1550 1630 1789 1705 habet

205 1746 727 1840 Baptismus,
769 1749 1047 1822 ordine
1092 1754 1363 1824 tamen
1417 1747 1783 1843 quodam,

207 1861 422 1955 quia
467 1884 803 1937 causare
863 1864 1246 1956 gratiam,
1303 1867 1380 1937 et
1427 1864 1788 1939 remitte-

208 1999 305 2051 re
405 1980 801 2065 fomitem,
858 1986 938 2056 et
999 1981 1488 2074 hujusmodi.
1556 1983 1788 2055 Patet

208 2098 503 2168 autem
546 2098 747 2192 quod
790 2118 949 2169 non
994 2097 1076 2169 in
1129 2097 1498 2170 omnibus
1539 2097 1791 2191 bapti·

211 2210 439 2286 zatis
479 2234 701 2306 aeque
742 2215 1197 2290 remittitur
1231 2212 1513 2288 fomes,

307 2330 468 2403 Sed
526 2331 737 2404 istud
803 2351 964 2404 non
1029 2335 1154 2405 est
1240 2352 1550 2413 verum,
1627 2331 1785 2404 nisi

213 2446 744 2538 intelligatur
793 2468 1010 2530 sane,
1059 2450 1248 2540 quia
1295 2448 1553 2520 fomes
1601 2468 1784 2521 cum

214 2560 327 2635 sit
384 2561 466 2635 in
508 2583 778 2644 carne,
833 2562 959 2635 vel
1014 2562 1092 2633 in
1143 2563 1454 2636 virtute
1506 2562 1785 2655 aliqua

217 2669 677 2772 corporali,
718 2699 863 2772 per
903 2678 1262 2770 gratiam
1317 2700 1492 2772 quae
1536 2685 1660 2753 est
1706 2680 1785 2754 in

215 2795 520 2878 anima,
557 2816 719 2868 non
764 2800 1031 2889 potest
1065 2795 1527 2869 formaliter
1560 2797 1785 2870 dimi-

217 2912 387 2995 nui,
482 2914 669 3006 quia
754 2933 914 2987 non
993 2918 1117 2986 est
1212 2913 1426 2987 inter
1491 2914 1780 3007 ipsum,

220 3036 300 3104 et
360 3033 726 3123 gratiam
780 3031 1155 3104 formalis
1213 3033 1780 3126 repugnantia,

223 3169 408 3222 cum
452 3155 611 3222 'non
647 3147 810 3223 sint
843 3153 1036 3222 nata
1069 3147 1244 3222 fieri
1280 3148 1504 3223 circa
1548 3149 1782 3223 idem.

224 3267 370 3339 Sed
406 3266 705 3339 dicitur
739 3264 992 3339 fomes
1025 3265 1361 3338 diminui
1395 3271 1785 3358 quantum

228 3383 320 3455 ad
376 3383 785 3467 effectum,
834 3404 1070 3476 quem
1124 3383 1545 3457 consuevit
1605 3404 1787 3457 cau·

162 3521 170 3550 ·
231 3518 418 3572 sare
471 3499 546 3571 iu
592 3498 889 3584 anima,
946 3500 1258 3574 scilicet
1313 3506 1779 3593 peccatum;

162 3603 200 3676 τ’
230 3635 417 3688 nam
490 3618 925 3691 secundum
969 3619 1175 3713 quod
1226 3616 1501 3709 giatia
1543 3637 1784 3710 auge-

162 3716 203 3803 fu
233 3737 390 3816 tur
452 3731 711 3806 fomes
754 3735 1154 3807 minorem
1208 3733 1444 3807 habet
1513 3734 1782 3807 effica-

162 3833 436 3925 ciam
474 3852 910 3925 inclinandi
944 3856 1037 3924 ad
1074 3856 1517 3945 peccatum.
1555 3852 1784 3925 Poni-

233 3970 365 4039 tur
425 3973 697 4043 autem
764 3968 1225 4061 exemplum
1294 3969 1780 4044 conveniens

231 4084 319 4155 de
350 4083 632 4177 lapillo
668 4083 1003 4175 alligato
1039 4083 1192 4156 alis
1225 4084 1541 4177 aquilae,
1592 4087 1780 4175 quia

236 4199 299 4271 si
349 4203 758 4275 cresceret
811 4201 1079 4276 virtus
1116 4200 1423 4275 motiva
1455 4201 1774 4294 aquilae,

233 4314 414 4393 licet
496 4340 658 4392 non
732 4319 1329 4393 diminueretur
1406 4320 1775 4410 gravitas

235 4432 486 4526 lapilli
529 4436 743 4528 (quia
798 4435 1175 4530 opposita
1207 4456 1367 4508 non
1401 4438 1586 4509 sunt
1630 4458 1773 4510 nec

238 4548 310 4623 in
365 4553 694 4643 eodem),
749 4557 1023 4625 tamen
1084 4553 1453 4644 gravitas
1512 4552 1774 4646 lapilli

232 4666 702 4744 diminuitur
762 4674 1148 4763 quantum
1200 4671 1295 4743 ad
1343 4668 1768 4753 effectum;

239 4789 525 4875 quanto
585 4785 798 4859 enim
870 4785 1139 4877 major
1198 4790 1323 4860 est
1371 4785 1638 4860 virtus
1692 4785 1772 4858 in

240 4901 377 4987 ala,
434 4909 662 4979 tanto
726 4904 1052 4998 lapillus
1115 4904 1379 4977 minus
1442 4903 1772 4997 impedit

243 5037 650 5094 ascensum
692 5021 818 5094 vel
859 5022 1251 5095 volatum.

672 5246 1309 5311 COMMENTARIUS.

316 5480 390 5563 (a)
464 5482 689 5543 Ultimo
760 5497 977 5559 quaero
1048 5486 1270 5541 utrum
1332 5497 1569 5553 omma,
1639 5484 1765 5543 etc.

249 5594 576 5683 Postquam
623 5600 925 5679 superius
971 5597 1107 5677 egit
1150 5596 1234 5659 de
1280 5597 1523 5659 effectu
1572 5596 1771 5676 hujus

3330 422 3450 483 477

1918 580 2346 654 sacramenti,
2396 587 2716 660 quantum
2775 581 2858 644 ad
2921 584 3202 664 gratiam
3246 586 3313 644 et
3358 598 3469 643 re-

1914 696 2294 760 missionem
2326 698 2553 776 culpae,
2607 700 2711 760 liic
2758 703 3248 777 consequenter
3287 713 3469 777 quae-

1912 812 1993 873 rit
2034 811 2116 874 de
2166 811 2573 889 perfectione
2618 815 2791 877 illius
2844 816 3144 880 effectus,
3201 822 3266 878 et
3308 833 3461 893 spe·

1912 928 2125 992 ciatim
2180 932 2402 1010 gratiae
2448 951 2461 992 ε
2511 949 2593 993 an
2646 932 2900 995 scilicet
2950 933 3215 1012 aequalis
3274 933 3357 994 sit
3399 934 3464 995 in

1911 1044 2253 1116 omnibus;
2314 1061 2462 1107 nam
2516 1046 2599 1108 de
2649 1046 3038 1109 remissione
3105 1046 3356 1124 peccati
3401 1052 3467 1108 et

1911 1173 2119 1235 poenae
2148 1175 2280 1222 non
2310 1162 2467 1242 agit,
2517 1162 2668 1242 quia
2712 1162 2817 1225 illa
2873 1169 2971 1225 est
3011 1135 3303 1241 aequalis,
3337 1162 3467 1225 nisi

1906 1272 2189 1337 varietur
2256 1280 2461 1338 status
2504 1276 2815 1355 subjecti,
2893 1276 3114 1356 quoad
3187 1281 3460 1354 peccata

1905 1391 2124 1468 operis
2156 1392 2340 1468 plura
2373 1393 2475 1453 vel
2521 1393 2833 1470 pauciora
2888 1414 2901 1456 ε
2955 1394 3067 1455 Illi
3110 1394 3302 1468 em‘m,
3348 1394 3466 1468 qui

1895 1505 2049 1582 plus
2076 1507 2278 1579 debet,
2299 1509 2451 1583 plus
2473 1509 2668 1569 etiam
2686 1511 3005 1581 dimittar,
3035 1509 3223 1568 Lucae
3245 1509 3307 1569 7.
3333 1506 3461 1567 Ad-

1905 1620 2082 1684 ducit
2101 1626 2499 1685 sententiam
2521 1622 2818 1686 Richardi
2842 1623 2967 1684 hac
2987 1626 3129 1685 diist.
3150 1628 3367 1701 quaest.
3395 1626 3456 1686 3.
3520 1648 3766 1702 Richard

1903 1739 1966 1798 in
1987 1752 2282 1814 corpore,
2306 1743 2639 1817 quantum
2662 1739 2747 1800 ad
2772 1738 3086 1799 effectum
3109 1737 3454 1801 minuendi
3491 1710 3784 1830 B⁸gfi⁵ffl¹t¹⁸

1898 1850 2191 1915 fomitem
2239 1870 2358 1932 per
2410 1855 2689 1934 gratiam
2743 1855 3224 1931 baptismalem,
3272 1870 3458 1916 eam·
3523 1839 3763 1895 fomitem.

1903 1985 2032 2048 que
2065 1969 2379 2043 declarat,
2413 1976 2477 2032 et
2507 1972 2703 2043 bene,
2758 1972 3090 2050 quomodo
3123 1971 3461 2050 contingat

1900 2087 2196 2149 remissio
2240 2085 2480 2150 fomitis
2512 2091 2831 2166 quantum
2883 2087 2966 2149 ad
3015 2087 3328 2149 effectum
3370 2102 3456 2149 ne

1903 2201 2114 2264 trahat
2162 2202 2224 2264 in
2276 2219 2713 2270 consensum:
2765 2208 2834 2266 et
2874 2204 2999 2265 hoc
3048 2208 3149 2266 est
3196 2201 3459 2267 mortifi-

1902 2335 2052 2381 care
2104 2321 2424 2392 membra,
2499 2322 2864 2400 reprimere
2913 2321 3249 2383 hominem
3292 2319 3457 2382 infe-

1899 2436 2162 2508 riorem,
2215 2442 2280 2497 et
2336 2452 2469 2497 non
2521 2437 2889 2500 consentire
2936 2437 3067 2516 legi
3117 2438 3452 2500 membro-

1897 2566 2065 2614 rum.
2114 2552 2189 2612 Et
2217 2551 2366 2613 hinc
2399 2551 2617 2613 Patres
2651 2553 2733 2613 ad
2766 2554 2941 2613 hun«
2987 2551 3297 2613 effectum
3341 2550 3455 2613 de·
3488 2549 3806 2664 Fomffiquid

1896 2665 2131 2728 finiunt
2199 2670 2639 2730 necessariam
2722 2683 2870 2732 esse
2951 2669 3227 2748 gratiam
3308 2668 3450 2742 Dei,

1899 2780 2051 2858 quia
2080 2781 2354 2844 rebellio
2385 2779 2626 2845 fomitis
2660 2784 3026 2845 consistens
3070 2782 3138 2843 in
3160 2782 3461 2859 appetitu

1900 2897 2238 2972 sensitivo,
2280 2902 2344 2959 et
2383 2914 2583 2975 prava
2612 2899 3035 2961 inclinatione
3080 2899 3456 2974 voluntatis„

1901 3016 2003 3073 est
2031 3013 2396 3087 infirmitaS,
2431 3031 2628 3093 quam
2660 3012 2929 3074 incurrit
2960 3014 3238 3077 liberum
3283 3014 3456 3077 arbi·-

1901 3127 2093 3187 trium
2146 3145 2228 3191 ex
2271 3138 2571 3209 peccam,
2623 3128 2708 3191 ad
2757 3127 3140 3193 faciendum
3182 3130 3457 3203 bonum,

1900 3261 2045 3322 quaa
2093 3264 2214 3325 per
2273 3250 2552 3329 gratiam
2616 3249 3022 3321 sublevatur,
3094 3253 3169 3309 ut
3247 3249 3463 3311 vincat

1898 3368 2501 3446 concupiscentiam
2545 3366 2804 3438 malam,
2852 3363 3201 3444 sequendo
3231 3364 3458 3444 legem

1898 3490 1965 3548 et
1994 3487 2335 3547 rationem.
2371 3487 2465 3546 De
2509 3482 2609 3545 his
2660 3480 2867 3545 fusius
2937 3483 3155 3562 agitur
3196 3482 3263 3543 in
3313 3498 3454 3545 ma-

1900 3603 2057 3664 teria
2110 3602 2195 3664 de
2244 3601 2451 3680 gratia
2503 3603 2571 3661 et
2626 3598 2904 3661 auxiliis.
2958 3599 3456 3660 Sacramentum

1894 3723 2116 3780 autem
2161 3717 2683 3798 regenerationis
2754 3731 2888 3777 non
2959 3716 3171 3776 solum
3231 3713 3455 3776 tribuit

1894 3835 2173 3914 gratiam
2203 3831 2743 3904 sanctificantem,
2806 3846 2927 3892 seu
2987 3832 3148 3894 alios
3193 3829 3455 3891 habitus
3518 3915 3523 3920 ἡ

1893 3951 2432 4031 supernaturales
2486 3946 2664 4022 fidei,
2739 3947 2884 4024 spei
2957 3951 3023 4007 et
3094 3946 3446 4019 charitatis,

1894 4069 2133 4149 quibus
2203 4066 2395 4129 datur
2455 4081 2653 4142 posse
2709 4062 2968 4141 operari
3017 4061 3100 4124 ad
3144 4062 3449 4137 salutem,

1895 4190 2213 4265 quantum
2270 4182 2355 4246 ad
2421 4182 2859 4244 elevationem
2915 4179 3255 4258 potentiae,
3328 4176 3451 4241 sed

1893 4305 2087 4367 etiam
2136 4302 2358 4363 tribuit
2429 4299 2741 4377 specialia
2813 4296 3052 4359 auxilia
3110 4294 3195 4356 ad
3250 4295 3454 4372 repri-

1888 4419 2204 4482 mendum
2271 4418 2595 4507 fomitem,
2662 4421 2734 4478 ut
2796 4413 3132 4475 insinuant
3201 4411 3457 4484 Patres„

1889 4554 2055 4616 quos
2101 4554 2302 4616 supra
2352 4537 2718 4607 citavimuS,
2759 4537 3037 4613 agentes
3091 4528 3176 4590 de
3220 4542 3451 4589 neces·

1885 4658 2074 4721 sitate
2126 4662 2194 4719 et
2239 4655 2525 4718 efficacia
2569 4653 2881 4730 Baptismi
2926 4657 2991 4712 et
3019 4648 3451 4711 renovatione

1888 4790 2008 4851 per
2038 4777 2253 4852 ipsum
2282 4773 2476 4847 facta,
2524 4788 2724 4853 quam
2771 4767 2916 4830 fuse
2969 4765 3334 4848 Cyprianus
3385 4766 3452 4826 in

1886 4895 2103 4970 seipso
2137 4891 2340 4954 fuisse
2374 4890 2684 4961 declarat,
2729 4890 2797 4949 et
2843 4884 3127 4947 maxime
3170 4884 3258 4946 ad
3300 4898 3450 4961 pro·

1886 5013 2176 5092 positum
2204 5008 2522 5072 libertatis
2565 5025 2598 5068 a
2641 5002 3217 5082 concupiscentiis.

1965 5129 2177 5191 Prima
2245 5143 2404 5207 ergo
2457 5122 2787 5187 conclusio
2852 5120 3149 5183 Doctoris
3198 5119 3265 5180 in
3319 5117 3445 5178 hac
3612 5158 3667 5212 2

1886 5243 2245 5323 quaestione
2283 5248 2404 5315 est,
2457 5240 2697 5302 remitti
2759 5236 3080 5309 fomitem,
3139 5235 3262 5295 hoc
3320 5238 3441 5303 est,
3475 5220 3797 5358 Gffigssmllffg‘

1883 5361 2085 5421 minui
2118 5377 2240 5437 per
2268 5357 2722 5437 baptismalem
2753 5354 3057 5436 gratiam,
3101 5354 3168 5412 et
3214 5348 3444 5411 modus
3513 5345 3758 5460 ioffingss

1887 5494 2016 5556 quo
2048 5477 2114 5539 id
2149 5476 2289 5539 fieri
2334 5476 2648 5549 declarat,
2685 5478 2808 5545 est,
2855 5487 2934 5532 ex
2976 5468 3275 5530 doctrina
3322 5467 3439 5527 Pa-

1887 5602 2079 5672 trum,
2143 5598 2257 5676 qui
2311 5594 2397 5657 ad
2449 5595 2574 5658 hoc
2632 5593 2928 5654 statuunt
2982 5587 3444 5650 necessitatem
