4255 6375
1399 372 1595 434 Dls'r.
1631 373 1730 433 lv.
1762 372 2122 447 QUAESTIO
2157 375 2227 433 V.
3391 379 3508 440 429

245 536 529 610 pugnat,
576 534 724 610 quia
776 529 1053 612 derogat
1105 535 1521 595 Sacramento
1582 534 1801 594 Poeni·

244 649 489 721 tentiae,
541 648 691 726 quia
735 649 827 710 sic
880 666 1213 727 nunquam
1245 650 1610 712 remitteret
1641 667 1801 727 pec-

236 771 419 840 cata,
462 767 580 829 sed
623 776 1033 847 supponeret
1078 771 1348 831 remissa
1409 788 1523 846 per
1579 787 1802 832 veram

234 882 721 960 contritionem,
778 891 841 946 el
897 892 1384 966 consequenter
1437 905 1570 950 non
1622 894 1802 950 esset

230 999 536 1061 secunda
592 1005 743 1079 post
786 1001 1203 1082 naufragium
1259 1005 1505 1065 tabula.
1569 1004 1801 1066 Subdit

228 1120 639 1181 sententiam
687 1119 1153 1208 Alensis,tquae
1213 1122 1364 1185 dicit
1425 1122 1506 1183 ad
1567 1125 1795 1185 Sacra-

226 1241 541 1299 mentum
594 1238 996 1300 Poenitentiae
1039 1239 1207 1300 adeo
1274 1239 1517 1318 requiri
1577 1238 1800 1316 dispo·

227 1352 545 1415 sitionem
576 1370 961 1433 congruam,
1008 1361 1079 1416 ut
1124 1372 1243 1431 per
1298 1356 1797 1416 Sacramentum

225 1470 530 1530 remittat
587 1475 961 1547 peccatum,
1011 1488 1143 1532 non
1221 1476 1439 1532 tamen
1497 1470 1801 1549 alligasse

224 1591 544 1651 virtutem
615 1607 802 1652 suam
884 1591 1352 1663 SacramentiS,
1431 1590 1586 1667 quin
1659 1591 1802 1650 sine

225 1705 399 1784 ipsis
466 1706 756 1766 remittat
826 1711 1172 1782 peccatum
1249 1720 1369 1781 per
1442 1701 1803 1780 perfectam

227 1822 738 1901 dispositionem
784 1828 965 1883 extra
1020 1823 1544 1892 Sacramentum,
1623 1817 1802 1898 quod

227 1947 338 2001 est
397 1940 665 2020 majoris
723 1939 1182 2001 misericordia}
1237 1939 1565 2015 duplicem
1634 1938 1802 1997 viam

230 2062 302 2118 et
359 2056 654 2118 medium
702 2054 1076 2118 remittendi
1129 2056 1381 2132 peccati
1435 2055 1800 2121 instituere,

234 2191 447 2252 quam
492 2174 573 2235 ad
606 2191 804 2234 unum
841 2178 1094 2235 tantum
1126 2179 1401 2235 arctare.

321 2290 562 2353 Subdit
591 2295 813 2351 autem
843 2291 1085 2350 Doctor
1116 2288 1496 2365 exemplum
1542 2287 1625 2347 de
1675 2287 1800 2346 Ba-

154 2429 209 2477 d,
241 2412 490 2485 ptismo
536 2408 768 2480 adulti,
820 2410 887 2467 et
933 2405 1323 2468 remissione
1367 2405 1618 2482 peccati
1671 2404 1794 2465 ori-

153 2506 196 2543 3.

152 5521 159 5550 t

234 2526 491 2606 ginalis
534 2541 653 2604 per
699 2524 1028 2602 duplicem
1061 2524 1234 2584 illam
1278 2524 1486 2593 viam;
1535 2523 1637 2581 vel
1682 2537 1800 2598 per

231 2644 496 2706 bonum
533 2648 783 2703 motum
823 2641 1196 2712 voluntatiS‚
1253 2644 1561 2716 tanquam
1609 2637 1799 2697 meri·

237 2763 384 2820 tum
429 2758 512 2819 de
564 2774 902 2836 congruo;
955 2758 1060 2818 vel
1107 2773 1227 2834 per
1272 2755 1519 2816 realem
1566 2769 1796 2815 susce-

226 2877 538 2955 ptionem
580 2875 919 2952 Baptismi,
967 2872 1387 2934 excludendo
1440 2870 1791 2944 fictionem,

223 3000 298 3053 ut
371 2989 524 3052 inde
588 2991 828 3068 probet
899 2990 1095 3050 etiam
1165 2993 1585 3065 peccatorem
1647 2991 1797 3063 post

223 3109 638 3185 Baptismum
674 3115 955 3185 utroque
1001 3106 1197 3168 modo
1246 3102 1601 3185 justificari,
1658 3103 1794 3164 sive

221 3244 361 3306 per
416 3228 897 3296 contritionem,
954 3226 1090 3287 sive
1138 3242 1257 3302 per
1300 3224 1794 3283 Sacramentum

220 3343 634 3406 Pcenitentiae
662 3344 1007 3418 supposita
1040 3340 1392 3413 attritione,
1443 3341 1621 3415 quod
1672 3337 1788 3398 de-

223 3464 426 3522 notat
451 3458 559 3521 illa
607 3458 924 3528 clausula,
958 3459 1051 3519 ita
1083 3462 1138 3517 et
1168 3459 1232 3516 in
1267 3457 1624 3532 proposit0‚
1661 3459 1788 3514 etc.

221 3578 290 3639 id
333 3581 459 3648 est,
497 3574 579 3636 de
612 3573 1012 3636 Poenitentiae
1044 3574 1491 3632 SacramentO.

299 3692 391 3753 Et
438 3691 719 3769 amplius
768 3689 988 3752 subdit
1032 3687 1542 3750 declarationem
1591 3688 1789 3757 :Hoc,

220 3806 471 3883 inquit,
524 3806 908 3868 declaratur
956 3806 1068 3876 sic,
1128 3809 1249 3864 etc.
1306 3805 1461 3879 quia
1510 3804 1597 3863 ad
1644 3801 1792 3876 pri-

219 3940 412 3984 mam
494 3924 955 3998 susceptionem
1038 3922 1293 3995 qratiae,
1366 3916 1634 3997 (nempe
1707 3917 1788 3977 ab

220 4038 481 4110 adulto,
530 4036 795 4114 quando
835 4034 1233 4115 justificatur
1274 4051 1309 4095 a
1354 4037 1628 4111 peccato
1660 4032 1784 4094 ori-

221 4153 431 4234 ginali
477 4158 660 4214 extra
704 4149 1224 4231 Sacramentum)
1267 4153 1632 4228 requiritur
1661 4149 1786 4210 ali-

225 4271 378 4347 quis
409 4275 618 4331 motus
661 4271 1037 4330 meritorius
1083 4271 1161 4330 de
1205 4284 1515 4343 conyruO,
1551 4271 1678 4328 etc.

307 4385 518 4448 Casus
547 4400 705 4464 ergo
758 4391 859 4446 est
905 4385 988 4447 de
1038 4383 1263 4446 adulto
1312 4400 1462 4445 cum
1515 4387 1785 4462 peccato

231 4502 528 4580 originali
558 4504 794 4577 solum,
844 4503 996 4582 quia
1029 4519 1159 4564 non
1189 4500 1345 4564 facit
1385 4502 1788 4564 mentionem

228 4621 439 4683 ullam
497 4622 735 4683 Doctor
796 4620 880 4682 de
929 4623 1206 4697 peccato
1254 4618 1583 4696 personali
1642 4618 1807 4716 ejus·

229 4735 509 4804 mortali,
556 4736 725 4822 sicut
784 4734 849 4795 in
921 4734 1222 4811 praesenti
1294 4734 1650 4813 quaestione
1725 4737 1790 4794 et

231 4852 660 4916 conclusione
699 4851 879 4924 facit,
932 4857 997 4913 et
1041 4853 1124 4913 ita
1178 4868 1310 4913 non
1344 4859 1441 4913 est
1470 4853 1593 4913 sihi
1627 4867 1783 4913 con-

232 4969 490 5042 trariuS,
550 4976 624 5031 ut
667 4969 837 5030 male
891 4969 1171 5032 asseruit
1218 4970 1509 5041 Gabrie13
1567 4973 1632 5029 et
1675 4986 1782 5029 so-

229 5088 370 5147 lum
398 5086 688 5165 loquitur
719 5086 803 5148 de
825 5084 1295 5165 justificatione
1327 5084 1533 5147 adulti
1567 5102 1604 5146 a
1634 5101 1785 5162 pec·

231 5207 380 5266 cato
425 5203 747 5284 originali,
803 5220 937 5264 non
978 5209 1198 5264 autem
1231 5221 1268 5265 a
1300 5208 1571 5282 peccato
1607 5220 1786 5264 mor-

213 5322 344 5384 -tali
391 5320 712 5397 personali
752 5321 978 5382 :Sicut
1007 5336 1161 5396 erqo
1215 5321 1500 5394 adultus,
1549 5321 1780 5397 inquit,

230 5439 517 5515 primam
548 5442 829 5515 qratiam
863 5437 1172 5499 delentem
1218 5437 1540 5513 oriqinale
1581 5441 1783 5513 potest

233 5553 469 5617 habere
527 5553 777 5632 duplici
840 5555 971 5628 via,
1048 5557 1175 5615 etc.
1252 5568 1402 5632 quae
1475 5559 1574 5614 est
1642 5555 1782 5630 ipsa

1923 537 2261 612 expressio
2296 538 2605 612 exempli,
2655 544 2720 598 et
2776 555 2986 613 casuS,
3046 557 3244 617 quam
3293 539 3473 601 dein-

1916 667 2071 727 ceps
2105 652 2260 712 nihil
2290 624 2607 713 muta'tam
2640 655 3085 733 prosequitur.
3110 657 3247 716 Non
3279 656 3474 717 video

1913 782 2072 846 ergo
2134 784 2264 846 qua
2309 770 2560 831 ratione
2619 770 2913 830 trahatur
2974 772 3055 831 ad
3114 770 3313 832 alium
3374 771 3471 833 di-

1911 897 2173 942 versum
2203 884 2539 958 praesentis
2581 885 2990 961 quaestionis,
3043 886 3107 946 in
3152 904 3280 964 qua
3331 888 3471 965 agi-

1915 1002 2016 1056 tur
2047 996 2131 1056 de
2170 995 2320 1059 ficto
2371 1005 2436 1059 et
2482 1000 2910 1076 dispositione
2943 1002 3007 1061 in
3040 1018 3118 1063 eo
3151 1003 3466 1079 requisita

1911 1111 1996 1171 ad
2033 1113 2595 1191 justificationem.
2629 1116 2727 1176 Ad
2758 1116 3328 1179 confirmationem
3373 1121 3473 1178 fa-

1914 1229 2020 1300 cit,
2081 1231 2260 1308 quod
2307 1232 2843 1309 Justificationem
2897 1233 3101 1295 adulti
3152 1236 3232 1295 ab
3278 1236 3472 1315 origi-

1912 1346 2040 1406 nali
2090 1355 2343 1409 asserat
2397 1348 2561 1418 ficrl,
2622 1366 2756 1410 non
2814 1367 2936 1428 per
2994 1356 3469 1427 poan1tent1am,

1911 1461 2032 1522 sed
2079 1481 2198 1540 per
2243 1469 2491 1527 motum
2562 1467 2963 1527 meritorium
3012 1465 3093 1527 de
3149 1483 3470 1545 congruO,

1913 1595 2157 1656 nempe
2189 1582 2291 1642 vel
2321 1598 2441 1658 per
2480 1582 2677 1643 iidem
2730 1584 3098 1655 formatam,
3144 1601 3264 1645 seu
3314 1601 3470 1661 ope-

1913 1700 2169 1756 rantem
2215 1714 2335 1773 per
2378 1699 2780 1771 charitatem,
2855 1707 2919 1761 et
2970 1700 3470 1779 justificantem,

1914 1817 1986 1873 ut
2014 1817 2364 1891 Apostolus
2409 1821 2474 1879 in
2519 1821 2698 1895 epist.
2736 1823 2821 1880 ad
2854 1820 3142 1889 Galatas,
3186 1838 3237 1879 e.
3272 1821 3330 1881 5.
3367 1820 3468 1880 vel

1916 1936 2118 2001 certe,
2153 1933 2205 1992 si
2237 1934 2438 1994 habet
2488 1935 2703 2012 aliqua
2754 1937 3029 1998 venialia
3087 1953 3232 1997 cum
3280 1935 3469 2015 origi·

1913 2044 2066 2115 nali,
2114 2061 2235 2122 per
2264 2054 2480 2108 actum
2515 2050 2912 2124 poenitentiae
2944 2047 3274 2127 perfectae,
3330 2067 3468 2129 quae

1913 2160 2053 2221 sine
2127 2168 2400 2237 peccato
2474 2167 2801 2242 personali
2868 2168 3096 2245 nequit
3185 2168 3462 2243 concipi,

1912 2290 2045 2336 non
2078 2279 2353 2355 requirit
2387 2286 2602 2341 tamen
2656 2280 3090 2342 determinate
3140 2286 3459 2359 poeniten·

1917 2391 2084 2461 tiam,
2141 2408 2291 2470 quae
2346 2395 2576 2471 nequit
2635 2411 2781 2455 esse
2836 2396 2917 2457 de
2969 2398 3311 2474 originali;
3366 2401 3462 2459 in·

1908 2503 2004 2568 fra
2040 2514 2257 2570 tamen
2293 2527 2499 2589 agens
2556 2510 2638 2571 de
2686 2513 3109 2591 dispositione
3155 2516 3465 2593 requisita

1911 2626 1992 2686 ad
2026 2627 2483 2688 remissionem
2514 2631 2768 2704 peccati
2813 2631 3103 2692 mortalis
3154 2640 3303 2709 post
3349 2634 3466 2693 Ba-

1914 2743 2215 2819 ptismum
2251 2745 2601 2815 commissi,
2637 2743 2974 2821 specificat
3004 2752 3212 2806 actum
3258 2746 3462 2808 debe-

1907 2875 1978 2920 re
2030 2876 2178 2920 esse
2231 2859 2499 2938 (nempe
2550 2878 2672 2937 per
2718 2876 2789 2921 se
2830 2860 3193 2939 loquendO,
3252 2869 3318 2924 et
3360 2879 3462 2924 se-

1912 2974 2238 3035 eludendo
2290 2992 2535 3048 casum,
2585 2994 2714 3054 quo
2767 2985 3119 3039 excusatur
3170 2998 3206 3039 a
3256 2980 3465 3056 poeni-

1921 3092 2120 3152 tentia
2217 3089 2471 3153 formali
2550 3098 2615 3153 et
2703 3110 3013 3172 expressa
3107 3096 3461 3172 supplente

1912 3206 2287 3279 dilectione,
2363 3225 2511 3286 quae
2571 3210 2859 3270 virtualis
2916 3219 3018 3271 est
3075 3214 3460 3288 poenitentia

1906 3327 2047 3402 ejus
2100 3322 2437 3385 defectum
2489 3327 2554 3386 in
2608 3343 2685 3387 eo
2742 3327 2850 3404 qui
2897 3345 3026 3387 non
3069 3329 3347 3402 advertit
3377 3331 3462 3393 ad

1907 3442 2278 3520 peccatum)
2335 3444 2729 3505 attritionem
2775 3440 3160 3520 perfectam,
3217 3444 3284 3505 id
3333 3452 3456 3521 est,

1908 3564 2370 3624 contritionem
2450 3563 2555 3624 vel
2614 3564 2955 3624 remissam
3016 3581 3163 3625 cum
3235 3566 3458 3627 Sacra-

1906 3683 2157 3739 mento.

1985 3792 2176 3866 Quod
2222 3809 2380 3871 ergo
2438 3793 2519 3854 de
2576 3792 2778 3854 adulti
2828 3795 3296 3873 Justificatione
3343 3812 3464 3871 per

1904 3917 2399 3976 Sacramentum
2445 3915 2526 3975 ab
2589 3915 2885 3994 originali
2949 3914 3153 3994 (quod
3213 3933 3332 3995 per
3386 3933 3458 3977 se

1901 4035 2110 4111 primo
2174 4039 2277 4095 est
2330 4031 2603 4094 materia
2665 4033 2996 4109 Baptismi,
3062 4032 3455 4095 secundaria

1902 4159 2118 4215 autem
2180 4157 2527 4229 peccatum
2586 4153 2960 4229 personale,
3021 4153 3073 4212 si
3127 4152 3303 4224 insit,
3368 4151 3450 4212 de

1902 4289 2031 4351 quo
2092 4271 2250 4332 nihil
2306 4270 2570 4348 praefato
2634 4270 2778 4330 loco
2839 4267 3102 4349 Doctor)
3147 4268 3455 4332 sufficere

1899 4390 2305 4450 voluntatem
2362 4387 2725 4465 recipiendi
2784 4365 3280 4449 Sacramentum
3352 4406 3456 4449 se-

1901 4507 2077 4568 clusa
2107 4504 2388 4574 fictione,
2436 4504 2850 4565 verissimum
2896 4509 3015 4574 est,
3070 4521 3195 4566 nec
3238 4506 3452 4566 solum

1898 4623 2221 4683 sententia
2270 4621 2654 4692 communiS,
2688 4619 2806 4680 sed
2847 4622 3085 4682 veritas
3130 4619 3307 4682 fidei.
3363 4621 3455 4681 Ex
3505 4609 3511 4618 ’

1900 4739 2138 4818 quibus
2183 4743 2364 4814 patet
2413 4737 2662 4798 nullum
2713 4753 2861 4798 esse
2918 4736 3137 4797 locum
3201 4736 3447 4799 calum-

1898 4859 2050 4928 niae,
2099 4856 2203 4917 vel
2274 4849 2458 4916 aliter
2512 4853 2992 4931 interpretandi
3046 4855 3447 4915 sententiam

1899 4971 2037 5048 ejus
2080 4988 2280 5051 quam
2326 4977 2541 5044 sonat,
2587 4973 2736 5049 quia
2786 4971 3159 5033 doctrinalis
3205 4989 3447 5049 propo-

1897 5089 2041 5149 sitio
2084 5086 2453 5148 secundum
2505 5089 2967 5163 proprietatem
3018 5086 3448 5166 intelligenda

1897 5210 2020 5267 est.
2054 5204 2256 5264 Casus
2287 5210 2506 5265 autem
2548 5205 2880 5280 praesentis
2922 5206 3304 5281 quaestionis
3352 5213 3450 5268 est

1898 5321 2195 5384 diversus
2225 5322 2307 5382 ab
2341 5338 2443 5392 eo,
2481 5338 2678 5399 quem
2711 5322 2774 5380 in
2810 5321 2952 5381 loco
3002 5322 3195 5382 citato
3227 5322 3444 5397 expri-

1893 5441 2010 5499 mit
2040 5440 2306 5511 Doctor,
2351 5454 2483 5499 non
2514 5437 2727 5499 solum
2760 5437 2998 5508 verbiS,
3032 5436 3151 5497 sed
3183 5444 3250 5498 et
3290 5454 3440 5499 sen-

1875 5557 2121 5618 tentia.
2161 5555 2404 5620 Omitto
2439 5554 2619 5634 quod
2651 5554 2803 5616 dicit
2832 5555 2893 5617 in
2938 5559 3152 5632 quoesc.
3206 5556 3257 5616 1.
3313 5560 3439 5616 art.
