4255 6375
671 402 785 468 122
1863 404 2002 469 [ΑΒ.
2049 406 2152 469 lv.
2175 401 2780 469 SENTENTIARUM

379 593 598 656 Quando
686 588 900 635 versae
930 580 1083 635 sunt
1103 590 1323 637 causae
1362 568 1692 657 partiales,
1713 589 2006 657 quarum
2039 590 2224 656 quae-
2341 568 2548 622 Bonav.
2582 562 2679 620 Ιιΐσ
2706 582 2768 623 α.
2802 566 2856 624 1.
2887 582 2939 636 q.
2978 562 3296 623 1.Richard.
3332 568 3446 620 ort.
3484 563 3538 619 1.
3570 577 3625 629 q.
3653 560 3706 617 2.
3730 559 3909 618 Gabr.

331 657 640 771 divssgffiff‘
681 683 842 750 libet
870 705 950 751 ex
984 686 1235 752 ratione
1274 708 1394 754 sua
1429 686 1802 773 particulari
1835 685 2126 772 exigitur
2147 684 2227 751 ad
2339 639 2673 765 {ughstgtriif
2697 655 2754 765 g
2773 638 2841 780 Ji:
2865 645 3008 767 {rii
3024 639 3363 765 ¹5‚h{f¹³;{³f'0{⁷
3369 632 3691 764 {in-1³:111?-
3690 676 3703 689 ⁶
3721 633 3913 775 νᾳᾷἐζ

395 785 584 897 'cnissis
689 804 1017 883 effectum,
1043 801 1132 869 ita
1171 814 1244 870 ut
1284 802 1765 891 quantumlibet
1795 822 1922 869 una
1977 801 2040 867 in
2082 822 2229 887 pro·
2342 780 2394 836 3.
2425 798 2478 850 Ρ·
2509 782 2566 836 d·
2606 782 2729 837 130.

333 910 662 1039 ὅῖἒῑὲῗὲὲζζ·
693 919 831 1006 pria
872 920 1090 1006 specie
1139 920 1537 999 intendatur,
1579 939 1704 984 non
1732 918 1939 1005 possit
1969 917 2232 1004 supple-

398 1040 596 1152 saffiro.
692 1059 762 1103 re
827 1037 1121 1118 alteram,
1214 1052 1368 1103 tunc
1423 1058 1566 1103 esse
1617 1037 1909 1102 diversas
1949 1036 2235 1102 rationes

688 1154 1028 1234 fundandi,
1101 1168 1166 1222 et
1212 1155 1476 1222 diversa
1521 1154 1966 1231 fundamenta,
2002 1173 2236 1219 conse-

691 1282 967 1357 quenter
1005 1269 1289 1337 diversae
1321 1270 1668 1336 relationes
1714 1293 1730 1347 ;
1783 1268 2040 1356 quando
2082 1288 2238 1333 vero

696 1408 824 1453 non
871 1386 960 1452 ita
999 1409 1069 1453 se
1124 1386 1390 1467 habent,
1480 1385 1592 1453 sed
1676 1406 1803 1453 una
1858 1384 2108 1451 accedit
2174 1384 2239 1450 in

693 1503 921 1569 codem
966 1523 1209 1589 genere
1249 1516 1555 1590 tanquam
1610 1501 1919 1587 perfectio
1975 1500 2241 1566 intensi-

703 1645 782 1690 va
812 1623 1103 1701 alteriuS,
1150 1622 1559 1689 constituunt
1592 1631 1823 1689 unum‘
1854 1618 2244 1708 principium

2433 958 2729 1031 Habito
2765 958 2857 1029 de
2894 956 3406 1032 Sacramenti
3438 954 3907 1047 quidditate‚

2351 1094 2629 1166 quaero
2670 1074 2763 1146 de
2812 1074 2977 1164 ejus
3012 1074 3564 1150 institutione.
3629 1077 3914 1144 utrum
3944 1050 4089 1176 ὡς).

2350 1213 2501 1286 pro
2560 1197 2929 1285 tempore
2987 1192 3566 1283 cujuscumque
3609 1190 3818 1282 legis
3872 1178 4092 1261 am*m

2350 1310 2516 1381 Deo
2557 1308 2787 1385 datae.
2816 1308 3180 1381 debuerit
3223 1306 3544 1380 institui
3586 1305 3919 1398 aliquod

2356 1429 3020 1500 Sacramentum?
3064 1425 3285 1508 Quod
3327 1423 3717 1516 non‚qnia
3769 1442 3925 1494 non

2356 1545 2697 1634 legimus
2749 1542 2840 1613 de
2903 1542 3177 1635 aliquo
3233 1544 3760 1615 Sacramento
3816 1539 3930 1611 in-

352 1702 471 1752 um
516 1712 666 1768 caum
745 1739 833 1805 tf
926 1738 963 1805 d
1642 1747 1731 1802 tt
1800 1736 1811 1748 ,
2134 1736 2205 1799 “t
2360 1662 2653 1736 stitutu
2727 1680 2774 1731 a
2841 1661 3009 1733 Deo
3081 1679 3229 1751 pro
3280 1663 3654 1751 tempore
3717 1656 3928 1748 legis

411 1763 612 1875 Ρέιῖῗῗὲ*
702 1762 736 1804 e
836 1760 919 1805 ⁰⁰
970 1753 1334 1818 amentum,
1428 1750 1499 1804 m
1557 1757 1632 1823 pa
1668 1759 1702 1802 Ε
1797 1757 1863 1801 ¹¹¹
1914 1756 2174 1821 proposi
2209 1755 2246 1798 ⁰
2362 1783 2711 1860 naturam
2760 1782 3387 1853 Sacramentum
3440 1781 3721 1850 autem
3763 1796 3932 1848 non

405 1887 457 1936 ιη
503 1891 622 1936 actu
704 1853 1031 1941 exemplo,
1066 1854 1221 1941 quia
1255 1853 1467 1920 virtus
1512 1852 1710 1919 unius
1748 1851 2066 1918 trahentis
2096 1871 2247 1915 con-

396 1949 642 2000 secundo,
2365 1901 2635 1991 potest
2679 1894 3002 1970 institui
3065 1896 3225 1968 nisi
3279 1915 3326 1967 a
3388 1897 3584 1977 Deo,
3650 1914 3931 1968 secun·

2362 2016 2549 2088 dum
2593 2014 2766 2106 ejus
2831 2013 3423 2095 definitionem3
3468 2032 3697 2105 ergo,
3758 2017 3928 2086 etc.

2456 2131 3013 2207 confirmatur
3049 2150 3190 2221 per
3222 2128 3733 2218 Gregorium,
3802 2133 3935 2198 Mo-

706 1972 918 2038 stituit
992 1991 1142 2038 cum
1188 1971 1392 2037 altera
1457 1968 1699 2056 aliquid
1788 1968 2110 2034 intensius
2184 1966 2249 2032 in

705 2087 933 2154 eodem
969 2107 1237 2174 genere,
1275 2086 1381 2153 cui
1447 2099 1515 2153 ut
1555 2106 1768 2152 causae
1826 2083 2003 2150 totali
2044 2104 2251 2149 corre-

706 2203 983 2290 spondet
1013 2202 1306 2281 effectus,
1344 2223 1472 2267 non
1505 2221 1696 2268 secus
1743 2220 1818 2266 ac
1863 2199 1919 2265 si
1977 2198 2255 2284 applica·
2366 2245 2494 2311 ml·
2569 2247 2634 2309 4·
2703 2242 2897 2319 libro,
2953 2244 3035 2312 et
3130 2238 3468 2331 ponitur
3506 2241 3589 2307 de
3652 2242 3931 2308 Coma..

707 2331 890 2386 retur
926 2317 1172 2408 aliquid
1199 2318 1371 2406 quod
1407 2339 1522 2404 pei·
1563 2316 1827 2383 modum
1874 2316 2072 2382 unius
2102 2335 2256 2381 con·
2367 2351 2666 2416 distinct·
2740 2353 2806 2415 4·
2883 2348 3061 2435 quod
3107 2348 3291 2434 apud
3354 2369 3477 2414 nos
3530 2346 3708 2413 valet
3758 2370 3939 2434 aqua

710 2433 944 2499 tineret
974 2446 1320 2522 utramque
1352 2432 1658 2500 virtutem
1697 2455 1712 2512 ;
1752 2432 1857 2498 illa
1915 2452 2071 2517 ergo
2122 2442 2256 2496 tra·
2372 2459 2725 2545 Baptismi,
2765 2458 2885 2523 hoc
2916 2458 3049 2543 eyit
3090 2458 3275 2542 apud
3335 2469 3605 2527 veteres,
3649 2459 3757 2523 vel
3810 2479 3938 2542 pro

708 2553 863 2633 ctio,
936 2551 1197 2639 quando
1263 2549 1417 2616 talis
1492 2561 1615 2629 est,
1681 2560 1749 2614 ut
1816 2569 1930 2634 per
1983 2548 2256 2614 alterum
2367 2567 2671 2655 pomuli,
2725 2565 2873 2630 ὅρια
2931 2565 3123 2647 fides,
3201 2566 3305 2631 „el
3364 2586 3491 2652 pro
3565 2564 3939 2649 „mjorfbm

713 2684 992 2761 nequeat
1025 2669 1189 2749 fieri,
1247 2667 1474 2755 nequit
1508 2665 1732 2733 referri
1808 2667 1929 2733 sub
1991 2686 2116 2731 una
2160 2685 2259 2730 ra·
2374 2685 2586 2750 „mag
2630 2681 3001 2765 300r1ss0i1·;
3063 2698 3260 2771 ergo
3299 2699 3459 2751 non
3508 2675 3664 2753 fuit
3723 2681 3936 2772 apud

710 2791 889 2857 tione
937 2787 1016 2855 ad
1069 2807 1296 2864 unum,
1373 2804 1585 2871 neque
1638 2782 1715 2849 ad
1782 2782 2082 2861 alterum,
2147 2783 2259 2850 sed
2373 2818 2513 2870 (303
2540 2800 3186 2871 Sacramentum,
3255 2796 3399 2871 Sed
3434 2796 3706 2887 major
3727 2796 3938 2869 vide-

713 2904 910 2972 simul
951 2903 1030 2970 ad
1066 2916 1420 2989 utrumque
1460 2925 1475 2979 3
1520 2899 1685 2966 sicut
1720 2911 1988 2985 ergoiut
2033 2899 2258 2964 termi·
2378 2917 2517 2987 tm·
2547 2934 2724 2985 esse
2765 2912 3213 2986 necessitas
3255 2932 3405 3005 ppo
3440 2912 3717 3004 aliqua
3755 2913 3938 3005 lege

718 3033 876 3087 nant
919 3019 1298 3086 relationem
1375 3016 1647 3083 effectus
1708 3027 1864 3082 sunt
1904 3035 2132 3094 unum,
2177 3014 2264 3080 ita
2383 3032 2595 3105 patio
2639 3029 3147 3105 Sam-amenti
3184 3034 3474 3104 contra
3526 3031 3934 3111 morbum,

718 3138 910 3206 etiam
949 3150 1018 3203 ut
1054 3134 1328 3204 fundant
1358 3133 1739 3201 relationem
1822 3153 2061 3212 causoe,
2107 3151 2264 3198 neu·
2382 3158 2621 3233 quam
2658 3137 2960 3231 aliquid
2998 3137 3238 3211 aliud,

717 3271 818 3323 tra
865 3255 1039 3322 enim
1074 3255 1140 3320 in
1181 3275 1424 3342 genere
1455 3251 1758 3342 principii
1810 3264 1907 3318 est
1956 3251 2262 3337 perfecta,
2510 3260 2734 3338 Item,
2797 3259 3011 3330 Deus
3068 3277 3227 3328 non
3283 3259 3407 3329 est
3444 3276 3717 3337 causa,
3793 3278 3938 3331 nec

721 3393 934 3459 neque
980 3371 1180 3437 altera
1218 3370 1558 3447 accedens,
1593 3368 1743 3435 licet
1779 3367 1958 3434 sitin
2007 3365 2269 3431 diverso
2381 3368 2515 3439 dat
2626 3367 2933 3438 directe
3009 3364 3520 3438 occasionem
3605 3367 3940 3437 errandi

722 3488 1088 3574 supposito,
1138 3484 1317 3555 addit
1375 3485 1621 3573 aliquid
1672 3485 2007 3550 diversum
2051 3482 2116 3548 in
2158 3502 2270 3568 ge·
2387 3483 2734 3564 liomini;
2786 3483 2915 3557 sed
2952 3482 3029 3554 in
3058 3481 3573 3555 sensibilibus
3600 3503 3780 3555 esse
3824 3503 3942 3556 sa-

726 3623 882 3669 nere
915 3600 1219 3689 principii
1277 3600 1498 3680 activi,
1570 3600 1681 3665 sed
1726 3620 1806 3666 ex
1855 3613 2129 3684 utraque
2186 3597 2269 3662 si·
2389 3604 2640 3676 intem
2679 3606 2803 3675 est
2843 3601 3151 3674 directe
3204 3600 3530 3673 occasio
3579 3601 3939 3683 errandi,

729 3719 863 3785 mul
903 3716 1209 3784 coalescit
1242 3716 1637 3804 principium
1710 3715 2036 3782 intensive
2094 3713 2273 3780 suffi-
2389 3719 2575 3812 quia
2626 3718 2942 3792 scilicet
3010 3717 3379 3791 credendi
3436 3718 3739 3809 aliquid
3801 3739 3947 3790 nu-

728 3835 910 3902 ciens
940 3833 1017 3901 ad
1075 3833 1423 3914 actionem,
1493 3832 1662 3921 quod
1706 3844 2096 3919 argumento
2145 3843 2270 3914 est,
2389 3837 2628 3909 minis
2664 3856 2843 3909 esse
2898 3835 2977 3908 in
3028 3835 3327 3909 talibus
3393 3835 3943 3921 sensibilibus,

731 3952 884 4040 quia
975 3950 1517 4018 concurrentibus
1579 3949 1877 4037 pluribus
1935 3948 2276 4014 remissius
2389 3958 2468 4027 et
2550 3973 2696 4046 pel*
2772 3973 3270 4045 conscqnens
3324 3950 3946 4034 idololatrand13

734 4067 1008 4158 quilibet
1046 4067 1203 4154 agit,
1241 4086 1433 4154 quam
1492 4066 1545 4132 si
1600 4066 1780 4132 solus
1820 4077 2066 4153 ageret,
2130 4064 2279 4131 licet
2391 4087 2589 4160 ergo
2624 4071 2842 4142 Dens
2876 4088 3035 4139 non
3074 4065 3427 4140 instituit
3452 4067 3755 4159 aliquid
3784 4089 3952 4141 sen-

735 4184 903 4252 actio
934 4185 1020 4251 sit
1050 4181 1300 4264 eadem,
1346 4202 1462 4250 seu
1514 4192 1731 4246 motus
1759 4233 1773 4259 ‚
1801 4181 1912 4247 sed
1956 4179 2036 4247 de
2065 4201 2280 4246 exem·
2395 4185 2649 4266 sibile,
2707 4189 2794 4259 ut
2844 4184 2921 4256 in
2963 4205 3059 4256 eo
3094 4183 3219 4256 vel
3265 4204 3410 4276 per
3472 4184 3664 4256 illud
3732 4188 3950 4258 esset

733 4301 860 4388 plis
902 4319 1029 4365 non
1061 4309 1161 4366 est
1208 4297 1367 4366 adeo
1406 4296 1792 4364 curandum.
1829 4296 2155 4383 Quidquid
2187 4295 2280 4361 di·
2397 4300 2622 4375 salus
2675 4300 3128 4392 quaerenda,

731 4431 916 4487 catur
949 4436 1078 4483 non
1119 4426 1219 4483 est
1255 4429 1480 4483 contra
1522 4418 1887 4494 Doctorem‚
1947 4415 2061 4502 qui
2101 4433 2282 4479 occa-
2486 4422 2715 4498 Item,
2772 4419 2985 4490 Deus
3054 4434 3213 4486 non
3271 4415 3760 4499 immediate,
3818 4417 3952 4490 sed
3982 4434 4156 4497 Argum.

731 4535 1059 4604 sionative
1088 4546 1152 4601 et
1183 4531 1540 4601 incidenter
1579 4529 1892 4622 loquitur,
1941 4529 2286 4597 insinuans
2404 4554 2545 4627 pei·
2597 4530 3063 4604 ministrum
3118 4528 3475 4621 aliquam
3521 4530 3784 4622 legem
3831 4533 3955 4605 de·

736 4650 1185 4719 difficultatem
1257 4661 1322 4717 et
1388 4648 1652 4716 solvens
1711 4657 2178 4735 argumentum
2220 4645 2286 4710 in
2400 4652 2545 4725 dit.
2600 4649 2834 4722 Patet
2874 4649 2961 4717 de
3000 4644 3179 4736 lege
3211 4645 3580 4720 Mosai'ca
3643 4667 3788 4740 per
3839 4653 3958 4722 to·

732 4783 1010 4858 utraque
1040 4780 1243 4858 parte.
2403 4774 2576 4844 tum
2606 4791 2622 4849 ;
2658 4784 2858 4857 ergo
2910 4763 3296 4838 similiter
3325 4765 3418 4839 de
3457 4765 3633 4859 lege
3708 4769 3962 4840 Evan-

2404 4885 2664 4978 gelica
2696 4882 3039 4965 videtur,
3092 4882 3297 4975 quod
3341 4883 3663 4958 institui
3697 4886 3963 4976 potuit

1155 4962 1617 5046 QUAESTIO
1693 4961 1839 5032 ῙῙῙ·
2408 5002 2531 5075 vel
2621 4998 2984 5073 ordinari
3073 4999 3264 5071 illud
3343 5003 3964 5074 Sacramentum

755 5142 988 5208 Utrum
1061 5160 1185 5225 pro
1262 5147 1553 5223 tempore
1626 5139 1940 5223 cujusque
2027 5135 2190 5223 leqis
2255 5157 2297 5201 a
2411 5140 2557 5214 pei·
2596 5117 2845 5190 alium
2873 5115 3457 5200 ministrum‚et
3498 5136 3660 5189 non
3691 5137 3967 5189 neces-

837 5259 972 5323 Deo
1028 5256 1225 5335 datoe,
1320 5254 1620 5322 debuerit
1675 5254 1944 5321 institui
2023 5253 2299 5340 aliquod
2413 5235 2635 5310 sario
2681 5233 3142 5307 immediate
3182 5253 3229 5305 a
3279 5236 3475 5307 Deo,
3671 5239 3704 5265 ‘

835 5378 1339 5443 Sacramentum
1376 5370 1411 5439 Ρ
2523 5353 2754 5432 Item,
2809 5368 2989 5420 cum
3068 5347 3341 5440 plures
3384 5347 3601 5439 leges
3660 5346 3972 5423 fuerint

755 5551 929 5610 Alam
956 5548 1011 5604 4.
1041 5563 1097 5618 p.
1131 5565 1179 5618 q.
1211 5550 1262 5605 1.
1295 5565 1349 5603 m
1407 5547 1458 5604 1.
1492 5563 1527 5602 a
1578 5547 1636 5602 2.
1671 5543 1815 5616 Hng.
1848 5539 1996 5598 Vict.
2033 5544 2094 5598 :le
2125 5542 2296 5598 ὅσον.
2415 5493 2510 5545 eo
2607 5470 2839 5551 datae’
2915 5465 2984 5540 Si
3063 5464 3498 5558 cujuslibet
3595 5469 3969 5596 temppre

752 5645 814 5697 p.
845 5622 896 5681 9.
925 5636 974 5679 ο.
1009 5618 1060 5679 1.
1104 5591 1372 5681 nahum:
1413 5619 1470 5680 3.
1518 5590 1583 5692 i)-
1613 5634 1668 5689 q.
1698 5617 1792 5675 61.
1827 5633 1882 5674 a.
1919 5615 1971 5673 1.
2019 5620 2078 5678 et
2113 5617 2171 5673 2.
2224 5615 2297 5668 n.
2418 5590 2667 5667 fuerit
2703 5587 3318 5663 Sacramentum
3353 5601 3400 5657 a
3446 5583 3614 5657 Deo
3647 5587 3971 5661 mstltu·

3968 3325 4135 3388 Argum⁴

3997 5430 4170 5488 Argum.
