4255 6375
149 2515 190 2633 ΓΤ
236 2530 479 2625 aliquo
540 2532 791 2605 verbo
860 2528 1209 2624 exprimi
1270 2549 1526 2621 neque
1568 2547 1757 2620 pro-

1289 407 1484 470 DlST.
1532 406 1632 469 111.
1682 403 2041 481 QUAES‘l'lO
2089 403 2165 465 11.
3299 394 3409 456 291

238 586 287 640 et
317 580 461 636 aliie.
493 578 593 632 Est
622 577 827 632 contra
859 576 1052 631 Suar.
1104 585 1295 642 supra
1326 585 1355 626 s
1403 568 1456 625 3.
1497 571 1746 624 Canum

235 684 280 738 6.
307 680 371 737 de
398 677 501 734 loc.
525 690 656 747 cap.
706 676 760 731 8.
795 672 871 729 ad
917 676 974 730 7.
1016 676 1078 729 et
1132 670 1309 739 alios,
1370 672 1479 741 qui
1530 671 1748 739 putant

239 776 517 850 Apostolos
579 786 903 846 nunquam
959 770 1309 843 baptizasse
1367 770 1433 824 in
1497 766 1748 823 nomine

241 873 456 934 Christi.

313 1018 564 1093 Tertio
634 1019 729 1108 (e)
795 1017 886 1090 de
946 1014 1217 1090 forma
1281 1012 1750 1087 necessaria

239 1155 320 1206 ex
371 1137 593 1224 parte
649 1130 1182 1211 sacramenti,
1229 1131 1477 1221 patet,
1543 1126 1749 1219 quod

239 1251 372 1324 ista
456 1268 614 1321 non
702 1253 828 1323 est
913 1247 1105 1321 talis
1175 1249 1566 1338 quantum
1654 1243 1749 1316 ad

240 1366 472 1438 omnia
518 1365 789 1447 verba,
833 1384 934 1437 ex
991 1362 1143 1436 hoc
1204 1362 1404 1457 quod
1445 1360 1748 1433 dictum

233 1487 354 1566 est,
406 1482 606 1576 quod
649 1482 912 1556 Graeci
950 1501 1143 1553 vere
1199 1476 1746 1571 baptizabant,

231 1603 659 1674 nontamen
693 1598 838 1671 sub
877 1598 1153 1670 eadem
1195 1597 1485 1668 forma.
1523 1593 1745 1665 Unde

231 1716 770 1788 advertendum
812 1717 961 1795 est,
1011 1712 1216 1805 quod
1259 1711 1340 1784 in
1385 1710 1544 1783 ista
1585 1709 1744 1781 for-

234 1853 341 1904 ma
393 1837 578 1906 sunt
617 1832 866 1905 verba
931 1827 1503 1923 principaliter
1570 1845 1752 1918 per-

233 1950 544 2023 tinentia
633 1950 727 2021 ad
820 1969 1041 2030 eam;
1117 1945 1389 2039 aliqua
1476 1948 1752 2018 autem

231 2086 365 2138 non
426 2063 996 2159 principaliter
1064 2062 1500 2155 pertinent,
1567 2058 1754 2153 quia

234 2182 676 2275 exprimunt
757 2180 1256 2260 ministrum,
1330 2182 1602 2251 actum
1673 2181 1754 2250 et

233 2297 818 2391 suscipientem.
943 2295 1416 2368 Ministrum
1537 2294 1754 2365 enim

233 2434 370 2486 non
440 2419 564 2489 est
638 2413 1126 2507 simpliciter
1201 2410 1755 2485 necessarium

151 2638 533 2737 ssssnomine
654 2649 1237 2742 cujuscumque
1359 2665 1753 2739 personae,

148 2826 201 2860 mo
239 2765 404 2856 quia
483 2786 648 2838 non
715 2770 839 2839 est
935 2764 1015 2837 in
1066 2763 1338 2836 verbis
1421 2762 1755 2847 Christi,

151 2884 444 2952 ’ΨΜαειΙι
507 2887 770 2952 ultimo,
826 2880 1006 2954 Alia
1049 2884 1322 2955 autem
1380 2880 1560 2960 duo,
1610 2878 1761 2951 sci-

237 2996 404 3071 licet
461 3002 734 3072 actum
803 3001 882 3070 et
958 2996 1563 3088 suscipientem,
1628 3016 1761 3068 ne-

237 3115 661 3187 cessarium
751 3118 875 3189 est
949 3113 1327 3208 exprimi,
1401 3114 1532 3186 sed
1601 3133 1762 3185 non

235 3232 746 3307 determinate
792 3233 1069 3305 eodem
1123 3232 1356 3304 modo
1391 3252 1545 3323 quo
1581 3231 1762 3303 istis

235 3351 476 3423 verbis
509 3351 1114 3444 exprimuntur,
1171 3348 1482 3422 scilicet
1532 3352 1763 3422 actus

241 3469 458 3540 verbo
549 3467 965 3541 indicativi
1046 3466 1282 3548 modi,
1367 3468 1447 3539 et
1518 3464 1764 3537 susci·

238 3584 440 3673 piens
509 3583 993 3678 pronomine
1063 3582 1428 3656 secundae
1491 3601 1765 3673 perso-

237 3720 373 3786 nae;
409 3704 539 3777 sed
574 3705 843 3795 potest
875 3703 1105 3774 actus
1138 3697 1488 3792 exprimi
1518 3699 1766 3770 verbo

241 3816 562 3890 alterius
607 3816 847 3898 modi,
891 3828 968 3888 et
1015 3813 1474 3907 suscipiens
1517 3813 1766 3885 verbo

241 3934 562 4009 alterius
621 3953 994 4027 personae
1069 3936 1154 4005 ut
1209 3932 1470 4007 Graeci
1511 3929 1770 4023 expri-

245 4054 473 4124 munt.
554 4049 831 4122 Ratio⁴
886 4052 1159 4123 autem
1220 4046 1765 4130 necessitatiS,

249 4165 426 4252 quod
486 4164 630 4237 illa
687 4165 840 4237 duo
921 4162 1036 4236 sic
1119 4162 1243 4234 vel
1323 4162 1438 4234 sic
1505 4158 1770 4250 expri-

141 4302 214 4376 Ψ
249 4284 670 4363 merentur,
729 4280 1088 4354 sumitur
1119 4301 1218 4351 ex
1271 4278 1409 4350 illo
1475 4274 1765 4349 Matth.

140 4364 196 4462 3¹.
253 4396 513 4471 ultimo
589 4425 602 4468 :
677 4403 1110 4488 Baptivances
1186 4421 1313 4477 eos,
1404 4398 1554 4469 etc.
1639 4393 1769 4465 ubi

136 5389 156 5437 8

247 4514 720 4605 exprimitur
789 4516 1022 4586 actus
1076 4517 1156 4586 et
1199 4510 1677 4602 suscipiens.

321 4629 426 4701 De
486 4630 757 4703 verbis
819 4631 1094 4701 autem
1150 4627 1239 4718 (f)
1300 4625 1774 4718 principali-

250 4737 371 4813 bus
430 4765 605 4837 quae
665 4750 852 4817 sunl:
891 4770 906 4813 :
947 4746 1020 4811 In
1080 4746 1349 4809 nomine
1411 4746 1638 4808 Patris
1709 4753 1770 4808 ec

252 4859 397 4927 Filii
441 4876 501 4930 et
549 4865 849 4951 Spiritus
912 4863 1149 4940 sancti,
1226 4878 1327 4930 an
1391 4858 1550 4931 ista
1610 4856 1773 4930 Sint

256 4978 567 5062 praecise
642 4977 1135 5070 pertinentia
1204 4976 1297 5047 ad
1364 4974 1769 5047 formam?

254 5092 347 5164 Ad
385 5093 617 5186 huJus
654 5094 1155 5169 intellectum
1198 5093 1772 5165 advertendum

251 5214 379 5293 est,
441 5214 641 5305 quod
704 5212 1139 5285 secundum
1191 5209 1774 5302 Philosophum

160 5331 201 5380 ⁷·
249 5327 304 5395 5.
361 5330 623 5416 physic.
679 5327 1182 5422 quadruplex
1223 5331 1347 5400 est
1394 5325 1767 5408 mutatiO,

136 5431 199 5501 τιέ-
254 5442 539 5517 scilicet
653 5446 1087 5519 secundum
1203 5443 1771 5525 substantiam,

136 5529 735 5648 Ltioqualitatem,
814 5559 1380 5653 quantitatem,
1457 5564 1536 5633 et
1614 5558 1769 5630 ubi.

1856 564 1985 636 Sic
2073 561 2509 635 secundum
2571 560 2728 632 ista
2789 558 3063 640 verba,
3138 558 3408 649 potest
3452 555 3762 672 {Ra-{⁰352}

1853 679 2034 752 fieri
2100 677 2599 773 quadruplex
2650 674 3031 758 variatio,
3099 673 3408 746 scilicet
3508 687 3698 735 torum-

1856 798 2219 864 secun-dum
2257 798 2720 877 substantiam,
2765 792 2927 864 alia
2987 791 3235 863 verba
3278 810 3410 883 po-

1858 913 2113 986 nendo
2182 932 2325 1005 pro
2370 911 2581 992 istis,
2625 910 2752 983 vel
2796 908 3010 982 aliud
3076 908 3415 981 verbum

1861 1049 2008 1121 pro
2072 1028 2275 1107 isto:
2344 1029 2706 1095 secundnm
2765 1029 3225 1114 quantitatem,
3270 1042 3407 1116 ap-

1864 1145 2252 1236 ponendo,
2328 1143 2455 1216 vel
2522 1141 3105 1221 subtrahendo,
3192 1145 3271 1213 et
3345 1138 3412 1212 si

1863 1262 2366 1354 apponendO,
2438 1259 2562 1331 vel
2632 1258 3214 1351 anteponendo,
3286 1257 3413 1329 vel

1864 1378 2442 1471 postponendo,
2548 1378 2676 1449 vel
2785 1375 3411 1468 interponendo;

1860 1496 2221 1561 secundnm
2292 1497 2715 1584 qualitatem,
2801 1491 3115 1565 Scilicet
3197 1489 3418 1561 aufe-

1868 1609 2112 1681 rendo
2174 1607 2530 1699 aliquam
2603 1606 3084 1699 requisitam
3146 1605 3418 1681 termi-

1865 1724 2280 1798 nationem
2378 1725 2471 1796 ad
2562 1743 3012 1816 congruam
3128 1721 3418 1796 locuti-

1870 1862 2139 1923 onem;
2200 1843 2560 1909 secundum
2603 1843 2740 1923 ubi,
2778 1840 3410 1932 transponendO.

1958 1959 2057 2030 Et
2126 1958 2218 2030 de
2282 1977 2785 2049 quacumque
2846 1956 3198 2030 istarum
3285 1975 3419 2027 va-

1872 2071 2344 2154 riationum,
2416 2071 2619 2155 dioc,
2681 2072 2886 2164 quod
2957 2071 3024 2143 si
3083 2070 3417 2143 varians

1870 2188 2211 2262 intendit
2269 2188 2387 2260 uti
2447 2186 2741 2269 verbis,
2808 2187 3094 2280 quibus
3156 2186 3419 2261 utitur

1869 2308 2260 2398 tanquam
2295 2302 2562 2376 forma
2605 2302 3013 2384 Ecclesiae,
3052 2303 3416 2396 praecise,

1870 2441 2029 2492 non
2070 2420 2457 2513 baptizat,
2509 2419 2694 2512 quia
2753 2419 3017 2493 deficit
3100 2418 3248 2491 sibi
3309 2419 3422 2489 in-

1870 2537 2130 2609 tentio
2166 2536 2435 2608 utendi
2476 2535 2770 2618 verbiS,
2810 2536 3095 2628 quibus
3130 2536 3418 2614 utitur,

1873 2658 2261 2746 tanquam
2297 2651 2565 2725 forma
2612 2653 3034 2733 Ecclesiae;
3087 2653 3421 2725 intendit

1873 2771 2088 2843 enim
2165 2769 2281 2842 uti
2363 2769 2526 2841 illis
2594 2769 2866 2842 verbis
2954 2769 3425 2862 aliqualiter

1872 2885 2247 2967 variatis,
2322 2889 2713 2977 tanquam
2756 2884 3024 2959 forma
3075 2886 3421 2979 praecisa

1877 3002 2310 3096 Baptismi.

1967 3119 2408 3213 Supposito
2460 3137 2681 3211 ergo,
2755 3118 2960 3211 quod
3028 3138 3189 3192 non
3244 3118 3424 3192 defi-
3575 3143 3630 3194 8.

1879 3236 2041 3310 ciat
2102 3236 2471 3318 intentio,
2548 3231 3009 3328 quaeramus
3048 3257 3146 3308 ex
3189 3239 3424 3330 parte

1876 3354 2319 3426 verborum
2380 3353 2460 3426 in
2511 3375 2619 3435 se,
2666 3374 2840 3445 quae
2905 3341 3255 3426 istarum
3294 3373 3427 3424 va-

1880 3470 2327 3545 riationum
2359 3474 2628 3563 potest
2662 3472 2885 3543 stare
2919 3490 3100 3543 cum
3134 3470 3427 3554 forma,

1879 3592 1958 3661 et
2031 3608 2203 3680 quae
2268 3592 2483 3659 non?
2552 3588 2652 3658 Et
2723 3586 2876 3659 hoc
2943 3586 3034 3659 de
3087 3586 3431 3678 singulis

1885 3725 2029 3797 per
2066 3704 2455 3777 ordinem.

1971 3822 2085 3893 De
2155 3819 2423 3912 prima
2471 3818 2674 3900 dico,
2740 3819 2942 3910 quod
3004 3821 3271 3911 potest
3324 3817 3436 3890 in-

1886 3935 2142 4028 telligi
2211 3935 2670 4028 dupliciter,
2743 3936 2871 4007 vel
2951 3935 3157 4028 quod
3216 3934 3435 4006 aliud

1882 4052 2219 4124 verbum
2301 4051 2731 4124 secundum
2815 4049 2994 4142 quid
3084 4053 3436 4143 ponatur

1887 4169 1967 4240 in
2031 4169 2213 4241 loco
2303 4167 2650 4259 alicujus
2744 4167 3185 4239 verborum
3265 4166 3434 4238 illo-

1887 4305 2094 4367 rum,
2152 4289 2346 4377 puta
2407 4284 2570 4355 alia
2612 4304 2809 4363 vox,
2888 4289 3159 4356 tamen
3228 4282 3433 4355 idem

1888 4406 1969 4476 et
2084 4401 2230 4474 sub
2351 4401 2622 4473 eadem
2709 4400 3028 4472 ratione
3137 4399 3435 4490 signifi-

1886 4535 2079 4589 cans
2117 4539 2131 4595 ;
2169 4512 2294 4585 vel
2364 4511 2577 4584 aliud
2635 4512 2971 4584 verbum
3052 4511 3436 4604 simplici-

1888 4634 2038 4709 ter,
2115 4627 2427 4700 scilicet
2488 4626 2650 4697 alia
2698 4647 2857 4697 vox
2917 4625 3133 4698 aliud
3198 4626 3436 4716 signi-

1884 4747 2219 4816 ficatum
2312 4741 2638 4813 habens.
2740 4743 2841 4814 Et
2928 4741 2995 4812 si
3092 4741 3433 4813 secundo

1893 4862 2155 4944 modo,
2220 4859 2475 4933 adhuc
2523 4857 2979 4952 dupliciter,
3056 4857 3240 4951 quia
3307 4858 3436 4929 vel

1891 4978 2085 5050 illud
2148 4975 2700 5068 significatum
2738 4978 2864 5048 est
2937 4974 3263 5046 omnino
3327 4974 3439 5046 di-

1894 5098 2320 5187 sparatum
2382 5113 2429 5165 a
2488 5092 2947 5184 significato
2989 5089 3241 5172 vocis,
3288 5109 3435 5183 pro

1893 5231 2049 5303 qua
2111 5208 2469 5302 ponitur,
2523 5212 2609 5281 ut
2660 5207 2726 5280 si
2785 5210 3228 5300 poneretur
3268 5209 3443 5295 lapis

1892 5327 2071 5399 loco
2123 5324 2391 5417 hujuS,
2439 5325 2642 5416 quod
2694 5328 2820 5396 est
2856 5337 3095 5411 pulcer,-
3145 5322 3274 5395 vel
3313 5326 3438 5395 est

1893 5441 2439 5534 significatum
2524 5438 3009 5512 conveniens
3081 5435 3436 5516 omnino,

1890 5559 2191 5630 habens
2237 5558 2437 5629 idem
2484 5556 2990 5629 substratum
3037 5553 3114 5626 in
3157 5574 3270 5627 re.
3338 5556 3439 5629 Et
