4255 6375
665 301 785 363 522

686 466 839 529 Haec
903 464 1179 551 quaestio
1245 462 1455 550 magis
1523 463 1665 529 suse
1728 463 2095 549 disputatur
2153 461 2219 526 in

673 590 949 648 tractatu
989 579 1070 646 de
1110 578 1259 646 fide.

764 695 943 771 Quod
985 694 1221 761 deinde
1265 699 1497 760 Doctor
1553 695 1660 761 hic
1717 695 1951 761 asserit
1981 696 2060 761 de
2093 695 2209 760 dn-

676 811 910 878 bietate
941 810 1255 898 Baptismi
1289 832 1366 876 ex
1403 810 1798 898 projectione
1838 809 2104 876 infantis
2151 810 2215 876 in

674 936 944 1010 puteum
1032 943 1227 1009 supra
1304 934 1647 989 tractatum
1745 932 1844 989 est
1918 924 2075 991 dist.
2148 929 2211 991 4.

674 1050 906 1126 quoesc.
981 1038 1045 1105 3.
1119 1040 1209 1103 Ex
1286 1039 1409 1103 hoc
1473 1050 1687 1103 autem
1758 1036 1896 1101 loco
1971 1035 2222 1121 colligit

676 1154 1071 1221 Scholiastes
1158 1157 1493 1219 Doctorem
1573 1173 1764 1238 posse
1833 1151 2025 1216 etiam
2105 1173 2220 1238 pro

681 1267 1075 1335 affirmativa
1106 1285 1287 1355 parte
1326 1267 1610 1346 defendi,
1649 1267 1799 1354 quia
1850 1266 2023 1331 illam
2067 1289 2221 1332 sen—

684 1385 949 1450 tentiam
994 1385 1189 1451 refert
1236 1397 1541 1471 tanquam
1584 1383 1873 1463 alteriuS,
1912 1403 2031 1448 nec
2071 1402 2222 1468 pro-

686 1501 815 1578 bat,
885 1519 1002 1565 nec
1041 1499 1386 1585 improbat,
1432 1499 1604 1586 quod
1652 1519 1883 1563 verum
1944 1507 2066 1572 est,
2105 1516 2225 1561 nec

686 1636 827 1682 eam
871 1626 1095 1682 tenere
1134 1616 1390 1682 videtur
1423 1628 1729 1701 tanquam
1772 1626 2058 1690 certam3
2112 1613 2224 1679 sed

683 1733 977 1818 apposite
1040 1732 1149 1800 hic
1222 1752 1363 1798 eam
1449 1733 1625 1807 citat,
1716 1731 1868 1817 quia
1942 1729 2225 1795 dubitari

685 1861 898 1937 potest
943 1869 1091 1915 cum
1144 1848 1565 1915 fundamento
1615 1846 1696 1912 de
1746 1846 1968 1912 valore
2006 1845 2224 1931 Bapti-

685 1967 833 2045 smi,
886 1986 1033 2030 cum
1087 1986 1245 2051 ergo
1292 1978 1541 2031 certum
1612 1963 1695 2029 sit
1754 1972 2085 2049 peccatum
2147 1980 2227 2024 ex

685 2094 867 2170 parte
917 2081 1226 2160 ministri,
1275 2100 1483 2165 neque
1529 2090 1748 2146 certus
1800 2089 1897 2144 est
1949 2077 2228 2156 fructUS‚

687 2213 794 2265 aut
833 2198 1017 2264 valor
1056 2199 1366 2285 Baptismi
1408 2209 1708 2281 respectu
1761 2195 2056 2273 infantis¹
2115 2194 2228 2259 sed

687 2315 954 2380 omnino
1002 2315 1262 2394 dubiuS,
1323 2312 1573 2378 tollitur
1621 2332 1699 2377 ex
1740 2312 1862 2376 boc
1912 2311 2230 2376 motivum

689 2433 770 2499 de
812 2433 1022 2500 salute
1061 2445 1237 2499 certa
1290 2431 1578 2510 infantiS,
1625 2450 1699 2497 ac
1745 2430 2016 2516 proinde
2056 2429 2230 2495 illius

690 2549 965 2617 actionis
1017 2549 1081 2615 in
1134 2550 1340 2636 praxi,
1395 2569 1430 2614 a
1479 2568 1604 2635 qua
1653 2547 1758 2612 vel
1802 2546 2014 2633 ipsum
2059 2566 2229 2631 pra}-

691 2678 952 2753 ceptum
992 2667 1316 2746 divinum,
1377 2687 1511 2731 non
1550 2665 1825 2743 oce-idea,
1871 2664 2233 2730 absterrere

692 2784 907 2863 debet,
997 2795 1062 2850 et
1137 2781 1499 2869 periculum
1576 2781 1657 2847 de
1742 2779 2037 2845 nullitate
2113 2781 2234 2843 Ba-

695 2901 938 2987 ptismi.

1268 3106 1580 3162 SCHOLIU
1591 3107 1666 3160 M.

772 3316 1075 3385 posquam
1161 3312 1372 3368 docuit
1455 3324 1576 3367 non
1662 3310 1855 3365 licere
1930 3309 2240 3380 projicere

697 3428 968 3486 puerum
1027 3413 1091 3468 in
1141 3415 1423 3482 puteum,
1459 3416 1524 3466 ut
1553 3411 1901 3480 baptizetur
1949 3407 2098 3477 (ubi
2141 3410 2240 3462 in—

700 3514 859 3579 nuit,
893 3512 1054 3583 quod
1087 3512 1330 3568 valeret
1379 3511 1525 3566 talis
1555 3511 1928 3580 Baptism11S‚
1963 3509 2064 3564 vel
2117 3508 2244 3562 sal-

696 3618 820 3669 tem
853 3610 1095 3667 dubitat
1123 3610 1198 3666 de
1229 3610 1363 3676 hoc,
1400 3610 1544 3665 licet
1586 3608 1648 3663 id
1689 3623 1918 3676 negare
1951 3606 2243 3662 videatur

700 3724 838 3780 sup,
873 3711 931 3766 d.
963 3710 1017 3765 4.
1071 3724 1125 3780 q.
1172 3709 1227 3764 3.
1280 3710 1428 3778 quia
1477 3710 1658 3763 affert
1707 3707 2047 3777 oppositam
2099 3720 2243 3760 sen-

698 3811 958 3866 tentiam
994 3806 1292 3865 Richardi
1342 3807 1629 3876 negantis
1676 3806 1914 3871 valere,
1943 3818 2055 3859 nec
2104 3816 2241 3857 eam

702 3907 1026 3981 approbat,
1059 3922 1173 3963 nec
1204 3905 1553 3977 reprobat),
1583 3905 1839 3961 resolvit
1872 3901 2049 3959 modo
2091 3902 2244 3972 quid

700 4008 1079 4075 faciendum,
1105 4008 1351 4078 quando
1371 4007 1659 4063 minister
1689 4004 1846 4062 salso
1887 4004 2004 4061 sibi
2029 4000 2248 4058 suadet

701 4109 1113 4178 >baptizatione
1145 4107 1641 4164 interimendum
1663 4121 1956 4178 puerum.

793 4292 1014 4373 Quod
1057 4292 1154 4380 (b)
1235 4289 1303 4360 si
1383 4288 1915 4381 praesumptio
1969 4286 2246 4358 iliade

705 4412 970 4482 morte
1004 4405 1459 4480 imminenti
1552 4407 1676 4477 vel
1722 4404 2247 4479 acceleranda

708 4526 1048 4619 propter
1104 4524 1641 4616 Baptismum‚
1697 4545 1856 4595 non
1914 4524 2019 4596 sit
2080 4543 2248 4594 cer-

703 4645 812 4720 ta,
852 4642 984 4713 sed
1028 4641 1254 4723 levis,
1310 4646 1391 4715 et
1445 4640 1660 4714 forte
1728 4639 2245 4712 irrationabi-

707 4759 835 4840 lis,
884 4762 1163 4851 utpote
1233 4759 1300 4832 si
1347 4759 1737 4853 parvulus
1832 4758 1957 4829 vel
2028 4758 2250 4829 adul-

707 4880 839 4950 tus
891 4879 1014 4948 est
1068 4876 1146 4948 in
1225 4875 1579 4948 articulo
1619 4873 1910 4947 mortis
1955 4873 2251 4945 consti-

707 4998 958 5077 -tutuS,
1024 4992 1228 5072 dico,
1325 4993 1529 5083 quod
1580 4992 1880 5062 habens
1941 4989 2252 5062 consci-

704 5111 1008 5185 entiam
1110 5111 1202 5185 de
1285 5108 1878 5183 acceleratione
1958 5107 2251 5180 mortis

708 5232 899 5306 talis
970 5229 1272 5303 infirmi
1389 5248 1534 5321 per
1615 5226 2251 5319 baptizationem

705 5351 907 5445 ejus,
962 5347 1200 5419 habet
1280 5343 1866 5419 conscientiam
1926 5360 2253 5412 errone-

716 5488 872 5550 am,
948 5485 1146 5557 quae,
1223 5464 1286 5537 si
1405 5463 1675 5534 nullus
1746 5461 1955 5532 alius
2044 5459 2253 5532 adsit

1736 299 1882 361 Lm.
1956 299 2059 362 tv.
2091 298 2687 363 SENTEN'rlARUM

2329 459 2463 550 qui
2532 458 2916 550 baptizet,
2968 461 3193 534 ⁴facit
3278 482 3456 533 eum
3551 463 3818 555 perple-

2324 596 2545 647 xum.
2600 577 2890 649 Nullus
2943 578 3161 650 enim
3240 579 3646 670 perplexus
3703 585 3817 652 est
3900 596 4031 674 xia-2

2324 713 2425 763 ex
2468 691 2643 783 lege
2700 693 2994 775 divina,
3044 695 3177 767 sed
3246 699 3504 786 potest
3550 716 3708 767 esse
3744 697 3817 768 in
3864 674 4053 783 ἷῖξ

2328 807 2602 900 aliquo
2661 813 2847 883 actu
2961 810 3089 882 vel
3175 831 3367 882 casu
3430 810 3819 904 perplexus

2328 944 2426 994 ex
2489 944 2839 996 erronea
2924 925 3292 1008 scientia,
3356 947 3529 998 nam
3600 929 3661 998 si
3744 930 3823 999 il-

2332 1038 2401 1109 le
2450 1039 2770 1111 decedat
2836 1040 3008 1112 sine
3093 1041 3533 1134 BaptismO.
3633 1043 3829 1115 dam-

2332 1157 2620 1235 natur;
2667 1175 2864 1245 ergo
2913 1156 3047 1228 ille
3104 1163 3429 1233 tenetur
3473 1158 3557 1229 de
3592 1179 3832 1231 neces·

2335 1269 2579 1343 sitate
2658 1271 2976 1352 salutis,
3042 1275 3061 1360 (
3115 1274 3184 1344 si
3254 1272 3517 1344 nullus
3581 1276 3836 1362 adsit)

2334 1385 2750 1477 baptizare
2855 1388 3127 1470 istum,
3186 1409 3285 1460 ne
3388 1389 3835 1470 damnetur;

2339 1499 2598 1590 magis
2650 1501 2864 1573 enim
2897 1505 3225 1576 tenetur
3254 1502 3579 1594 diligere
3608 1505 3839 1577 vitam

2335 1617 2509 1706 ejus
2580 1621 2999 1698 aeternam,
3073 1639 3314 1710 quam
3391 1619 3630 1692 vitam
3684 1622 3841 1710 ejus

2337 1734 2901 1824 temporalem.
3031 1735 3108 1808 Si
3200 1754 3400 1826 crgo
3471 1745 3841 1829 peccaret.

2338 1868 2493 1920 non
2544 1850 2927 1922 salvando
2984 1852 3060 1922 in
3105 1873 3297 1924 casu
3364 1852 3845 1925 necessitatis

2335 1962 2590 2038 vitam
2634 1967 2809 2059 ejus
2851 1969 3397 2060 corporalem,
3454 1974 3629 2060 puta
3682 1988 3847 2060 per-

2342 2082 2731 2156 mittendo
2793 2105 2976 2156 eum
3030 2084 3468 2175 submergi,
3534 2085 3847 2157 nolendo

2340 2199 2414 2270 ei
2468 2199 2898 2291 porrigere
2942 2218 3269 2270 manum
3315 2199 3412 2271 ad
3456 2199 3845 2271 extrahen-

2340 2317 2550 2396 dum,
2611 2314 2868 2387 multo
2920 2315 3178 2407 magis
3244 2321 3607 2406 peccaret
3654 2336 3849 2387 mor-

2346 2430 2626 2502 taliter
2683 2430 3222 2526 permittendo
3268 2430 3511 2501 istum
3559 2431 3856 2501 damna-

2349 2547 2417 2619 ri
2450 2550 2789 2639 propter
2847 2546 3246 2618 defectum
3300 2545 3703 2639 Baptismi.
3778 2546 3853 2618 Si

2345 2665 2591 2736 etiam
2650 2663 2782 2735 ille
2845 2668 3114 2736 stante
3179 2662 3321 2734 illa
3389 2665 3853 2736 conscientia

2345 2800 2724 2860 erronea,
2789 2780 2993 2871 quod
3046 2778 3518 2871 baptizando
3582 2781 3857 2851 accele-

2351 2903 2475 2970 ret
2512 2901 2885 2977 mortem‚
2912 2896 3294 2987 baptizet.
3334 2899 3602 2989 peccat
3631 2898 3859 2969 etiam

2352 3005 2845 3083 mortaliter,
2918 3003 3106 3094 quia
3191 3003 3612 3075 secundum
3689 3024 3862 3077 con-

2352 3123 2781 3199 scientiam
2816 3121 3011 3194 facit
3079 3119 3622 3195 homicidium.
3680 3121 3859 3203 Quid

2350 3260 2550 3332 ergo
2582 3246 2616 3310 ?
2670 3242 3018 3312 Necesse
3066 3243 3191 3313 est
3238 3240 3348 3330 (si
3381 3238 3643 3310 nullus
3673 3237 3864 3309 alius

2352 3357 2587 3437 adsit,
2626 3355 2754 3448 qui
2796 3354 3054 3447 possit
3093 3355 3567 3446 baptizare)
3628 3354 3867 3426 dimit-

2349 3477 2526 3546 tere
2587 3471 2832 3543 istam
2909 3470 3524 3551 conscientiam,
3580 3471 3741 3563 quia
3794 3472 3863 3543 in

2354 3611 2543 3663 casu
2590 3590 2756 3672 ille,
2803 3589 3116 3661 nullum
3184 3592 3308 3660 est
3361 3589 3574 3662 aliud
3632 3609 3861 3661 reme·

2354 3705 2567 3778 dium
2629 3705 2933 3778 vitandi
3023 3709 3446 3799 peccatum
3520 3704 3865 3777 mortale.

2358 3825 2717 3915 Apparet
2780 3823 3029 3896 etiam
3112 3820 3315 3895 satis
3396 3821 3870 3895 rationabili·

2357 3943 2509 4022 ter,
2548 3940 2750 4031 quod
2780 3940 2917 4012 illa
2946 3938 3480 4032 praesumptio
3513 3945 3632 4013 est
3662 3935 3863 4010 fatua

2355 4062 2433 4131 et
2467 4055 3091 4141 irrationabilis,
3136 4055 3323 4148 quia
3356 4077 3517 4127 non
3553 4055 3863 4127 multum

2359 4178 2692 4247 noceret
2767 4174 3013 4246 etiam
3110 4173 3484 4264 graviter
3540 4171 3866 4243 ›infirmo

2360 4311 2653 4384 parum
2687 4290 3016 4382 aspergi
3058 4290 3148 4361 de
3183 4309 3393 4382 aqua
3431 4290 3508 4362 in
3583 4288 3855 4381 capite:

2358 4412 2436 4480 et
2498 4406 2566 4479 si
2630 4407 2845 4480 forte
2914 4425 3125 4498 aqua
3185 4405 3485 4498 frigida
3537 4407 3861 4483 noceret,

2361 4522 2651 4594 saltem
2715 4521 2985 4615 tepida
3064 4542 3224 4593 non
3294 4523 3647 4602 noceret,
3706 4519 3866 4610 quia

2366 4638 2683 4732 parvuli
2770 4638 3199 4710 tenerrimi
3289 4656 3436 4729 pro
3550 4634 3864 4708 remedio

2360 4756 2850 4827 balneantur
2892 4775 3101 4846 aqua
3143 4754 3435 4846 tepida.

2453 4873 2597 4945 Sed
2632 4869 3017 4963 numquid
3058 4871 3479 4962 baptizans
3520 4891 3691 4944 cum
3724 4870 3861 4941 ista
3889 4962 3897 4972 .
3926 4892 4071 4957 yses

2366 4987 2868 5061 conscientia
2934 5006 3281 5059 erronea
3323 4991 3449 5061 est
3507 4954 4079 5079 irregula·¹“⁸{³2³'

2367 5104 2509 5186 riS,
2585 5104 2651 5176 si
2725 5107 2909 5196 post
2978 5124 3202 5175 mors
3274 5110 3710 5196 sequatur?
3739 5081 4077 5195 Re-bgffss

2367 5221 2746 5311 spondeo,
2780 5240 2939 5290 non
2972 5223 3096 5292 est
3144 5219 3656 5309 irregularis,
3706 5221 3860 5310 quia
3911 5203 4089 5257 ffl‘ss‘

2365 5336 2588 5408 nulla
2656 5337 2784 5406 lex
2871 5335 3451 5409 Ecclesiastica
3509 5341 3855 5428 quantum

2371 5452 2463 5524 ad
2532 5452 2752 5533 illud,
2834 5453 3087 5525 reddit
3130 5450 3697 5544 irregularem,
3725 5449 3852 5523 nisi
