4255 6375
755 340 887 400 660·

756 501 961 566 cando
995 502 1307 570 rationem
1342 505 1635 583 ordinis;
1674 505 1843 571 unde
1892 518 1954 570 et
2008 506 2315 590 frequen-

755 627 851 683 ter
927 618 1048 705 ipsi
1119 624 1362 704 PatreS‚
1448 622 1838 709 quandoque
1909 633 2314 688 connectunt

755 732 895 799 haee
937 738 1352 802 Sacramenta
1384 738 1579 803 etiam
1650 738 1713 803 in
1756 738 2015 817 effectu,
2072 759 2145 803 ea
2205 759 2313 803 ra-

754 849 928 916 tione
960 873 1087 938 qua
1119 852 1343 919 dicunt
1379 875 1579 920 unum
1641 876 1785 919 esse
1838 853 2315 920 consummati-

754 985 943 1030 onem
978 967 1267 1048 alterius‚
1315 982 1378 1035 et
1438 970 1933 1056 perfectionem.
1996 971 2315 1054 Origenes

755 1084 817 1148 in
887 1107 1027 1173 cap.
1100 1090 1165 1154 6.
1237 1089 1430 1174 epist.
1522 1089 1601 1154 ad
1676 1092 1947 1154 Roman.
2047 1091 2307 1165 Omnes,

754 1203 987 1289 inquit,
1043 1205 1369 1291 baptis-ati
1411 1229 1634 1272 sumus
1673 1207 2030 1272 seeundum
2081 1218 2314 1292 typum

754 1322 1067 1385 Ecclesise
1106 1322 1431 1387 traditum
1472 1325 1543 1388 in
1586 1325 1777 1410 aquis
1828 1326 1975 1389 istis
2022 1323 2313 1388 visibili-

752 1437 887 1514 bus,
925 1449 984 1501 et
1015 1439 1369 1504 chrismale
1410 1440 1683 1516 visibili,
1724 1453 1847 1505 ete.
1903 1452 1967 1504 et
2014 1439 2312 1505 Clemens

753 1555 1022 1618 Roman.
1069 1574 1268 1641 supra
1333 1555 1569 1620 citatus
1637 1554 1749 1621 lili.
1824 1560 1887 1621 3.
1964 1555 2305 1620 constitut.

754 1692 893 1757 cap.
950 1677 1048 1738 Π.
1090 1675 1303 1737 Datur
1334 1674 1717 1758 Baptismus
1768 1675 1832 1738 in
1883 1685 2157 1738 mortem
2198 1674 2311 1738 Fi·

758 1789 839 1852 lii
888 1790 1030 1862 Dei,
1091 1812 1264 1874 aqna
1330 1791 1685 1856 adbibetm·
1734 1812 1857 1876 pro
1929 1791 2300 1874 sepultura,

751 1902 966 1966 oleum
1008 1925 1135 1988 pro
1168 1906 1432 1989 Spiritu
1472 1916 1722 1980 sancte,
1762 1913 2172 1988 unquentum
2214 1914 2304 1967 est

749 2018 1168 2098 confirmatio
1204 2020 1669 2104 professionis,
1709 2029 1832 2083 ete.
1883 2017 1945 2082 id
1979 2029 2103 2096 est,
2158 2039 2305 2083 sus-

751 2143 958 2217 ceptae
1020 2132 1083 2197 in
1148 2134 1498 2220 Baptismo.
1557 2134 1873 2219 Origenes
1941 2133 2136 2198 etiam
2196 2134 2308 2197 ho-

750 2254 892 2317 mil.
932 2257 1002 2316 8.
1050 2254 1122 2316 in
1146 2252 1531 2330 Leuitieum,
1571 2251 1935 2337 Cyprianus
1968 2250 2158 2336 epist.
2187 2254 2300 2317 72.

763 2368 943 2432 Tunc
982 2369 1161 2432 enim
1219 2368 1479 2432 demum
1510 2368 1706 2453 plene
1760 2368 2191 2448 sanctificati,
2247 2376 2307 2432 et

423 1117 690 1182 Origenes,

430 1691 691 1743 Clemens,

437 2382 683 2448 Cypriae.

754 2484 920 2548 Filii
997 2484 1121 2547 Dei
1152 2504 1287 2547 esse
1348 2494 1645 2568 possunt,
1727 2479 1789 2546 si
1874 2485 2307 2548 sacramento

750 2611 1026 2686 utroque
1069 2610 1452 2678 nascantur,
1517 2612 1638 2664 etc.
1697 2598 1756 2664 id
1809 2609 1932 2677 est,
1976 2598 2302 2684 Baptismo

404 2756 714 2807 Urbanust.
748 2728 809 2783 et
895 2716 1421 2782 Confirmatione.
1492 2716 1789 2781 Urbanus
1850 2717 1896 2779 1.
1971 2714 2036 2779 in
2103 2716 2294 2800 epist.

745 2834 824 2899 ad
861 2832 1228 2911 universos,
1268 2831 1347 2897 ad
1392 2830 1559 2896 idem
1620 2829 1885 2895 alludit:
1939 2831 2175 2896 Omnes
2221 2833 2300 2913 li-

746 2951 924 3015 deles
961 2971 1083 3035 per
1124 2970 1359 3013 manus
1402 2948 1890 3032 impositionem
1958 2948 2298 3031 Spiritum

744 3078 1047 3133 sanetum
1093 3085 1217 3152 per
1250 3065 1664 3150 Baptismum
1695 3065 1996 3148 accipere
2035 3062 2289 3142 debent,

750 3196 818 3250 nl
854 3184 1042 3271 pleni
1076 3183 1455 3248 Christiani
1479 3182 1936 3260 inveniantur,
1975 3192 2097 3247 etc,

833 3305 925 3366 Ex
970 3301 1073 3366 his
1115 3298 1445 3385 colligitur
1503 3309 1855 3384 utrumque
1916 3300 2294 3364 Sacramen-

741 3428 877 3483 tum
921 3416 1114 3482 simul
1156 3415 1317 3493 (lari,
1387 3415 1596 3501 primo
1648 3414 2074 3500 Baptismum,
2143 3436 2291 3481 mox

738 3531 1310 3598 Confirmationem
1363 3543 1499 3595 tum
1547 3530 2000 3603 consuevisse,
2063 3544 2132 3596 ut
2187 3553 2294 3617 pa-

737 3660 827 3715 tet
861 3671 942 3713 ex
984 3651 1126 3714 Aet.
1179 3652 1282 3715 19.
1359 3646 1618 3733 quoties
1661 3646 2119 3733 opportunitas
2173 3648 2295 3713 mi-

737 3765 925 3831 nistri
995 3765 1395 3843 accedebat;
1476 3777 1538 3830 et
1616 3765 1920 3851 quamvis
1968 3765 2091 3829 hoc
2160 3785 2289 3830 nnn

731 3881 1139 3966 exprimatur
1167 3882 1307 3945 Aet.
1346 3884 1409 3945 2.
1446 3879 1533 3944 ita
1576 3892 1790 3945 tamen
1836 3881 2077 3945 facturn
2125 3880 2290 3945 fuis-

731 4017 826 4075 se,
876 4008 945 4062 ut
988 3998 1209 4082 praxis
1264 3997 1406 4082 ipsa
1469 3996 1953 4082 Apostolorum,
2017 4009 2079 4061 et
2129 4017 2289 4062 usus

732 4112 880 4177 inde
928 4134 962 4177 a
1005 4112 1432 4200 sequentibus
1480 4112 1544 4177 in
1602 4112 1887 4179 Ecclesia
1942 4112 2286 4176 continua-

735 4240 845 4294 tus
877 4229 1068 4295 docet
1107 4231 1186 4294 ab
1228 4229 1552 4315 Apostolis
1603 4240 1965 4307 mutuatus,
2003 4238 2066 4292 et
2114 4226 2286 4313 apud

732 4347 955 4411 Patres
991 4357 1120 4410 tam
1166 4348 1427 4410 Graecos
1460 4365 1655 4431 quam
1689 4344 1950 4409 Latinos
1977 4343 2284 4429 frequen·

734 4462 1057 4528 tissimus

452 4598 639 4648 Petrus
824 4580 1003 4645 Unde
1045 4581 1245 4645 verba
1308 4579 1411 4644 illa
1469 4579 1661 4655 Petri,
1708 4578 1783 4643 ad
1843 4600 1993 4666 quie
2046 4579 2280 4645 confu-

378 4663 704 4789 cess‘ssiefikn-
730 4696 1258 4781 giuntliaeretici‚
1300 4716 1427 4760 non
1470 4695 1682 4760 solum
1735 4693 1812 4759 ad
1847 4694 2276 4778 Baptismum‚

467 4787 620 4899 2322,
731 4812 842 4878 sed
869 4816 1060 4879 etiam
1095 4813 1172 4878 ad
1216 4812 1793 4879 Confirmationem
1827 4810 2021 4875 simul
2064 4809 2277 4876 datam

372 4912 697 5027 Gossfigffififfl·
729 4929 1135 4995 extendenda
1212 4942 1409 5008 sunt3
1498 4948 1709 5015 neque
1796 4928 1858 4993 id
1922 4928 2279 5013 Scripturae

729 5042 876 5107 usui
910 5042 1194 5107 alienum
1238 5054 1359 5120 est,
1398 5053 1467 5107 ut
1519 5041 1937 5107 Confirmatio
1969 5040 2116 5104 data
2168 5061 2281 5125 per

727 5157 1055 5224 visibilem
1129 5156 1411 5242 Spiritus
1488 5155 1694 5222 sancti
1775 5154 2278 5221 communicati-

723 5295 916 5341 onem
947 5273 1383 5360 appellatione
1416 5273 1723 5358 Baptismi
1760 5273 1979 5338 veniat
2029 5277 2168 5337 Act.
2211 5277 2271 5337 1.

736 5392 857 5456 Vos
877 5402 1097 5455 antem
1137 5390 1653 5476 baptizabimini
1702 5390 1969 5473 Spiritu
2017 5400 2266 5463 saneto,

718 5527 857 5572 non
886 5518 1031 5593 post
1093 5508 1331 5571 multos
1396 5507 1511 5570 hos
1551 5504 1714 5583 dies,
1781 5515 1902 5570 etc.
1959 5506 2134 5590 Ergo
2180 5504 2276 5571 sic

1913 343 2049 405 [ΑΒ.
2101 345 2199 405 lV.
2226 344 2831 409 SENTEN'HARUM

2432 506 2850 592 intelligenda
2891 523 3044 576 sunt
3089 510 3543 588 x·e1·ba,Petri,
3595 531 3737 595 quae
3770 513 3929 574 etiam

2433 622 2495 686 in
2537 643 2734 690 sensu
2772 624 3034 691 litterali
3085 625 3622 692 commodissime
3668 624 3930 709 explicari

2431 751 2721 820 possunt,
2803 740 2997 806 etiam
3056 752 3124 807 ut
3189 761 3575 828 expressam
3639 739 3932 824 utriusque

2426 853 2821 921 Sacramenti
2870 859 3265 924 mentionem
3300 857 3584 935 saciant;
3619 876 3760 921 eum
3790 856 3928 920 enim

2424 970 2629 1036 Judaei
2697 983 3035 1058 stuperent
3095 973 3170 1038 ad
3255 972 3503 1039 donum
3569 973 3926 1058 linguarum,

2427 1097 2561 1151 tum
2633 1090 2960 1174 Apostolis
3018 1111 3405 1156 concessum
3451 1111 3570 1174 per
3622 1089 3928 1154 adventum

2427 1200 2753 1267 visibilem
2785 1203 3069 1288 Spiritus
3100 1206 3336 1283 saneti,
3391 1208 3631 1270 Petrus
3675 1203 3810 1268 inde
3847 1225 3930 1268 as·

2425 1337 2693 1383 sumens
2766 1320 3204 1399 occasionem,
3278 1321 3696 1407 prophetiam
3774 1319 3930 1385 loelis

2427 1426 2889 1514 interpretatus
2929 1443 3051 1508 est,
3087 1442 3151 1494 et
3207 1430 3548 1495 Christum
3605 1428 3935 1516 praedieavit

2422 1543 2667 1608 Judaeis
2706 1544 2784 1609 ad
2821 1546 2961 1610 liaec
2990 1546 3430 1631 compunctis,
3470 1558 3536 1611 et
3579 1547 3935 1631 interrogan-

2425 1660 2598 1726 tibus
2641 1662 2794 1749 quid
2854 1684 3049 1748 agere
3121 1663 3488 1730 deberent?
3587 1663 3934 1751 respondet:

2421 1781 2881 1862 prenitentiam
2947 1782 3147 1865 ayite,
3241 1795 3364 1847 etc.
3453 1782 3566 1847 ubi
3640 1781 3941 1847 denotatur

2425 1893 2773 1980 dispositio
2863 1897 3231 1962 necessaria
3331 1897 3411 1963 ad
3492 1901 3876 1985 Baptismum
3919 1920 3931 1973 ;

2422 2020 2480 2074 et
2520 2011 2892 2096 baptizetur
2946 2016 3388 2100 unnsquisque
3427 2027 3724 2080 vestrum
3761 2018 3822 2079 in
3849 2035 3940 2078 no·

2422 2127 2605 2189 mine
2653 2127 2930 2192 Domini
2962 2129 3136 2204 lesu,
3177 2131 3248 2195 in
3305 2133 3768 2197 remissionem
3817 2152 3939 2217 pec·

2419 2254 2716 2309 catorum
2789 2259 3192 2338 ,vestrm-um,
3287 2249 3535 2336 quibus
3631 2251 3940 2316 denotatur

2418 2359 2688 2428 effeetus
2748 2364 3104 2449 Baptismi;
3172 2378 3232 2430 et
3293 2369 3646 2452 accipietis
3731 2367 3938 2432 donum

2420 2475 2722 2559 Spiritus
2758 2482 2998 2559 saneti,
3036 2493 3158 2548 ete.
3204 2503 3440 2568 nempe
3481 2484 3658 2549 sieut
3701 2506 3811 2550 nos
3862 2484 3938 2547 vi·

2416 2590 2583 2658 detis
2615 2596 2969 2680 accepisse,
3039 2597 3146 2662 ubi
3209 2598 3560 2664 denotatur
3593 2601 3939 2665 Sacramen-

2415 2720 2551 2774 tum
2584 2710 3111 2779 Confirmationis
3173 2737 3285 2801 per
3348 2737 3586 2783 manus
3649 2717 3940 2804 impositi-

2412 2845 2629 2907 onem,
2667 2827 2816 2913 quia
2866 2829 3052 2896 aliter
3093 2850 3217 2896 non
3287 2833 3638 2898 consuevit
3691 2832 3939 2898 conferri

2412 2940 2693 3025 Spiritus
2734 2957 3020 3026 sanetus,
3060 2960 3128 3012 ut
3210 2959 3380 3032 patet
3454 2951 3609 3016 Aet.
3667 2953 3735 3016 8.
3774 2950 3834 3014 Si
3867 2948 3941 3014 di·

2410 3079 2518 3125 eas
2551 3080 2677 3126 non
2711 3062 2931 3128 haberi
2966 3063 3090 3130 hoc
3121 3085 3201 3128 ex
3253 3064 3380 3130 illis
3415 3066 3641 3131 verbis
3670 3091 3684 3132 :

2497 3177 2951 3263 Respondetur
2998 3179 3237 3265 prime,
3302 3201 3428 3245 non
3499 3182 3727 3248 haberi
3768 3181 3935 3249 etiam
3970 3202 4113 3295 pffssnsn

2408 3313 2481 3358 ex
2533 3293 2660 3361 illis
2720 3294 2938 3360 verbis
3006 3297 3511 3383 promissionem
3560 3298 3734 3364 illam
3791 3298 3936 3366 Petri
4021 3307 4094 3392 1³5³

2407 3409 2608 3476 fuisse
2663 3412 2992 3497 impletam
3053 3414 3295 3480 virtute
3352 3415 3563 3481 solius
3603 3370 4113 3503 Baptismhffl

2408 3544 2616 3611 neque
2676 3528 3025 3613 promissio
3078 3529 3248 3595 Petri
3317 3530 3579 3621 fundari
3623 3534 3832 3620 potuit
3881 3532 3935 3595 in
4035 3502 4076 3541 ζ’

2405 3642 2644 3707 virtute
2695 3645 3006 3729 Baptismi
3075 3645 3304 3724 solius,
3351 3649 3528 3733 quia,
3606 3661 3676 3715 ut
3712 3649 3934 3715 dietum

2403 3768 2522 3835 est,
2582 3779 2707 3823 non
2803 3759 3030 3828 habuit
3093 3761 3266 3827 illam
3329 3764 3692 3831 efficaciam
3745 3765 3939 3852 Bapti-

2405 3893 2635 3951 smus;
2711 3875 2882 3940 unde
2931 3876 3379 3962 chrysostom.
3445 3880 3622 3944 bom.
3691 3885 3794 3946 18.
3877 3882 3934 3943 in

2401 3990 2587 4065 Aeta,
2635 3988 2803 4054 inter
2871 3988 2976 4055 illa
3038 3991 3166 4056 duo
3226 3990 3582 4059 discernit:
3655 3995 3802 4060 Non
3860 4008 3936 4060 est

2403 4103 2601 4181 idem,
2640 4104 2874 4192 inquit,
2924 4109 3227 4193 accipere
3285 4112 3744 4177 remissionem
3808 4133 3936 4199 pec·

2399 4232 2718 4300 catorum,
2755 4233 2814 4286 et
2847 4225 3152 4311 accipere
3218 4227 3534 4292 virtutem
3565 4229 3780 4308 illam,
3825 4242 3930 4294 etc.

2398 4338 2750 4404 Promissio
2784 4340 2978 4406 etiam
3032 4341 3202 4407 Petri
3264 4362 3393 4408 non
3455 4343 3848 4411 fundabatur
3874 4346 3928 4411 in

2399 4454 2713 4521 missione
2751 4457 3291 4537 extraordinaria,
3336 4471 3401 4524 et
3470 4461 3659 4546 quasi
3699 4484 3778 4527 ex
3815 4463 3923 4549 pri·

2397 4570 2639 4656 vilegio
2671 4572 2935 4640 daretur
2965 4573 3246 4661 Spiritus
3279 4589 3550 4643 sanctus
3581 4576 3738 4659 illis,
3782 4579 3928 4644 sieut

2395 4688 2584 4754 datus
2638 4701 2738 4755 est
2797 4691 3122 4773 Corneli0,
3161 4706 3306 4763 ,aut
3365 4694 3530 4779 ipsis
3591 4696 3922 4782 Apostolis,

2394 4804 2651 4870 secluso
2680 4806 2900 4892 aliquo
2932 4807 3124 4893 signo
3155 4809 3450 4875 sensibili
3496 4811 3795 4877 instituto
3832 4831 3926 4898 per

2395 4920 2658 5003 modum
2736 4924 3160 5003 Sacramenti,
3215 4925 3371 5012 quia
3421 4948 3639 5015 neque
3713 4929 3802 4994 illi
3847 4929 3921 4992 sie

2389 5052 2778 5125 acceperunt
2816 5040 3128 5126 Spiritum
3174 5053 3501 5124 sanetum,
3542 5066 3751 5132 neque
3804 5046 3921 5111 sine

2392 5156 2787 5224 revelatione
2810 5158 3073 5243 speciali
3110 5157 3267 5224 illud
3315 5162 3698 5245 promittere
3742 5160 3918 5249 potuit

2390 5272 2485 5338 sic
2515 5272 2799 5339 dandum
2833 5276 3087 5353 PetruS,
3124 5272 3235 5361 qui
3269 5276 3471 5342 etiam
3506 5280 3915 5344 communica·

2390 5390 2631 5457 tionem
2665 5392 2806 5477 ejus
2883 5392 3242 5459 faciendam
3306 5397 3612 5461 Cornelio
3659 5418 3783 5463 non
3833 5417 3909 5462 co-

2388 5506 2621 5591 gnovit
2644 5517 2791 5573 ante
2814 5506 3140 5573 effectum.
3178 5509 3448 5594 Oportet
3479 5532 3642 5599 ergo
3674 5511 3909 5599 promis·
