4255 6375
708 408 826 498 „192

709 583 809 641 tes
840 575 1134 644 eamdem
1173 577 1254 644 ab
1294 599 1483 667 aqua,
1554 590 1617 646 et
1674 580 2037 648 tribuentes
2120 599 2265 647 eam

706 691 825 757 soli
880 691 1177 777 Spiritui,
1213 694 1385 782 quod
1418 695 1689 782 physice
1719 695 1994 783 intelligi
2027 695 2263 774 debet;

708 809 803 874 sic
840 809 1035 875 etiam
1067 809 1428 899 loquuntur
1458 813 1540 880 de
1576 815 1885 900 operibus
1919 812 2270 880 miraculo-

711 925 830 1007 sis,
885 937 953 991 ut
996 927 1355 1011 procedunt
1415 949 1447 994 a
1510 930 1790 1011 SanctiS,
1834 929 2074 1017 quibus
2135 942 2270 995 tan-

712 1051 854 1108 tum
912 1043 1298 1111 adscribunt
1354 1045 1574 1126 fidem,
1636 1048 1994 1113 orationem
2037 1060 2101 1114 et
2152 1047 2269 1113 im·

717 1159 1172 1246 petrationem,
1263 1175 1328 1229 et
1416 1163 1535 1229 soli
1614 1168 1741 1232 Deo
1826 1165 2270 1252 operationem

719 1276 1057 1362 physicam
1100 1278 1418 1347 miraculi.

490 1408 575 1458 8).
609 1470 620 1479 ·
810 1390 995 1458 Dices
1034 1393 1159 1460 hoc
1211 1411 1674 1482 argumentum
1708 1397 1935 1464 tollere
1966 1420 2002 1466 a
2041 1398 2271 1464 Sacra-

377 1469 679 1598 Βῶῗξῧὲἳξί
724 1508 963 1574 mentis
1003 1510 1195 1577 etiam
1228 1511 1584 1580 efficaciam
1621 1515 1955 1599 moralem,
1992 1527 2057 1581 et
2096 1514 2274 1580 fave·

423 1600 665 1710 Efffossbia
725 1643 795 1687 re
825 1624 1178 1695 haereticiS.
1225 1631 1485 1709 Contra,
1530 1631 1683 1717 quia
1718 1633 1882 1697 hanc
1914 1631 2123 1717 ipsam
2165 1630 2274 1697 de-

405 1725 704 1833 sanguinum·
728 1751 952 1806 notant
1000 1743 1218 1809 Sancti
1270 1743 1429 1811 locis
1480 1747 1795 1832 praefatiS,
1830 1768 1976 1814 cum
2049 1746 2277 1813 dicunt

723 1859 925 1923 Deum
983 1858 1348 1926 ministrato
1401 1861 1559 1927 foris
1617 1865 2034 1928 Sacramento
2104 1862 2275 1928 inte-

720 1972 858 2040 rius
917 1975 1198 2061 operari,
1265 1987 1331 2042 et
1396 1977 1745 2065 designant
1797 1979 2274 2047 connexionem

719 2090 919 2170 illam,
957 2107 1239 2178 quaeest
1308 2115 1389 2160 ex
1448 2107 1634 2182 pacto
1686 2108 1751 2162 et
1809 2097 2272 2183 promissione,

722 2206 890 2273 inter
950 2228 1212 2295 aquam,
1294 2212 1479 2277 verbi
1537 2212 1770 2299 gratia,
1844 2226 1907 2280 et
1960 2214 2277 2300 Spiritum

720 2324 784 2390 in
859 2324 1089 2392 ordine
1146 2328 1225 2393 ad
1303 2329 1844 2397 sanctificandum
1914 2333 2273 2412 hominem,

720 2460 1004 2527 quorum
1038 2443 1241 2508 verba
1281 2444 1441 2511 satis
1471 2446 1867 2513 concordant
1905 2449 2120 2528 mod0,
2151 2470 2281 2537 quo

723 2569 946 2623 noster
980 2561 1217 2624 Doctor
1281 2560 1559 2646 explicat
1616 2575 1678 2628 et
1715 2562 2009 2630 defendit
2065 2564 2281 2632 effica-

724 2670 888 2737 ciam
932 2675 1544 2755 Sacramentorum;
1583 2689 1648 2745 et
1687 2677 1764 2745 de
1796 2679 1965 2746 facili
2006 2702 2280 2748 concor-

726 2786 880 2853 dant
921 2788 1043 2875 ipsi
1086 2792 1325 2872 Sancti,
1371 2794 1633 2880 quando
1674 2808 1917 2883 negant
1975 2798 2282 2865 effectum

728 2905 1125 2972 Sacramenti
1159 2910 1508 2994 procedere
1549 2912 1629 2977 ab
1670 2934 1745 2978 eo
1786 2915 1958 3001 quod
1994 2915 2283 2984 exterius

726 3021 938 3103 datur,
974 3023 1251 3112 intelligi
1295 3047 1410 3112 per
1439 3028 1856 3096 efficientiam
1910 3031 2277 3119 physicam,

727 3139 876 3226 quia
927 3138 1022 3206 sic
1069 3151 1166 3208 est
1216 3141 1420 3210 solius
1492 3144 1601 3211 Dei
1659 3147 1962 3234 proprie;
2026 3151 2286 3235 quando

726 3276 887 3322 vero
930 3256 1158 3324 dicunt
1187 3261 1604 3329 Sacramenta
1664 3285 1930 3332 causare
1981 3267 2286 3334 effectum

728 3372 1010 3462 intelligi
1079 3373 1159 3442 de
1227 3376 1575 3446 efficientia
1663 3381 2149 3449 instrumentali
2226 3395 2290 3449 et

732 3490 989 3561 morali.

818 3610 1044 3696 Neque
1089 3608 1166 3674 ad
1207 3609 1656 3680 defensionem
1691 3614 2005 3683 doctrinae
2054 3617 2291 3684 Catho-

730 3723 903 3805 licae,
944 3725 1338 3793 advocandae
1371 3741 1523 3795 sunt
1555 3751 1745 3799 novae
1776 3732 2193 3801 difficultates
2231 3745 2296 3800 et

741 3838 1230 3927 philosophicae,
1288 3865 1436 3910 cum
1480 3844 1648 3936 idem
1694 3847 1925 3915 modus
1986 3848 2295 3937 loquendi

740 3956 826 4022 sit
856 3957 1234 4044 Scripturae‚
1295 3962 1505 4048 quoad
1555 3963 1702 4045 alia,
1764 3964 2003 4051 quibus
2069 3965 2299 4053 nequit

741 4075 1094 4141 convenire
1175 4075 1348 4143 aliud
1411 4099 1621 4165 genus
1697 4078 2007 4148 efficaciae
2100 4103 2296 4169 quam

394 4256 401 4257 a
474 4237 636 4288 Em„
742 4199 1030 4265 moralis,
1068 4200 1287 4276 Quoad
1323 4202 1669 4269 haereticos
1700 4218 1916 4273 autem
1953 4207 2113 4274 nihil
2147 4230 2298 4297 cap-

422 4299 686 4416 humpen-
739 4333 877 4390 tare
910 4338 1207 4410 possunt,
1269 4327 1400 4393 imo
1457 4328 1667 4416 magis
1707 4341 1770 4396 et
1828 4331 2086 4399 facilius
2144 4354 2300 4400 con-

746 4448 1035 4516 vincitur
1089 4472 1315 4518 eorum
1357 4474 1581 4535 error;
1628 4468 1872 4543 negant
1936 4457 2111 4523 enim
2163 4458 2300 4525 dari

739 4585 1013 4670 gratiam
1056 4609 1168 4675 per
1219 4591 1656 4677 receptionem
1700 4596 2297 4674 Sacramentorum,

744 4707 859 4773 sed
908 4730 981 4775 ea
1020 4731 1165 4778 esse
1215 4712 1404 4799 signa
1438 4717 1937 4782 rememorativa
1976 4730 2086 4783 aut
2118 4719 2302 4785 exci-

742 4834 946 4901 tantia
987 4834 1207 4915 fidem,
1243 4852 1307 4903 et
1348 4838 1509 4905 nihil
1549 4841 1949 4908 conferentia
1980 4842 2060 4909 de
2101 4864 2298 4924 nov0,

746 4958 891 5028 sive
928 4961 1198 5048 physice
1229 4963 1387 5029 illud
1420 4976 1791 5045 causarent,
1853 4966 1996 5031 sive
2045 4978 2299 5036 tantum

752 5086 1107 5155 moraliter.

839 5214 997 5287 Quae
1072 5217 1519 5283 controversia
1604 5220 1899 5288 omnium
1975 5244 2304 5292 consensu

751 5335 961 5401 aliena
1000 5349 1099 5403 est
1164 5360 1196 5406 a
1256 5342 1619 5428 quaestione
1672 5344 1845 5426 fidei,
1901 5358 1964 5413 et
2003 5362 2308 5416 versatur

747 5450 920 5517 circa
996 5454 1259 5521 modum
1319 5477 1448 5543 quo
1538 5460 1950 5528 Sacramenta
2037 5477 2308 5531 causant

753 5567 1054 5652 gratiam,
1103 5591 1298 5658 quam
1349 5573 1485 5642 dari
1538 5596 1654 5661 per
1687 5578 1824 5664 ipsa
1858 5592 1957 5646 est
2012 5580 2093 5647 de
2147 5580 2299 5649 fide.

1888 417 2030 479 ΜΒ.
2076 419 2176 479 lV.
2211 405 2805 478 SENTEN'rtARnM

2381 581 2477 645 Ex
2509 578 2749 664 quibus
2789 588 2965 666 patet
2994 577 3303 645 resolutio
3336 575 3635 644 Doctoris
3665 577 3738 641 in
3771 589 3929 641 utra·

2383 715 2511 782 que
2539 695 2926 781 quaestione.

2472 813 2568 901 (n)
2599 814 2705 880 Ad
2730 815 3026 900 primum
3065 824 3286 879 autem
3333 811 3507 890 dico,
3548 808 3732 897 quod
3766 829 3929 894 aqam
4001 815 4107 925 ἐξ

2381 931 2592 997 abluit
2639 953 2776 1012 cor,
2841 930 2914 996 id
2970 942 3085 1013 ese,
3153 933 3475 1010 animam,
3521 941 3647 996 etc.
3694 931 3813 993 Hic
3841 947 3932 992 re·
3973 954 4107 1008 ngas«

2383 1046 2661 1134 spondet
2709 1050 2943 1114 Doctor
3000 1046 3080 1113 ad
3135 1046 3564 1113 fundamenta
3615 1044 3931 1131 oppositae
4031 1011 4085 1051 ‘³'

2383 1163 2752 1242 sententiae,
2790 1183 3025 1251 nempe
3055 1167 3127 1231 D.
3164 1163 3457 1241 Thomae,
3503 1174 3569 1229 et
3609 1161 3676 1226 in
3711 1157 3931 1246 primis

2384 1279 2461 1346 ad
2494 1279 2652 1347 illud
2682 1280 3036 1366 Augustini
3067 1281 3242 1345 hom.
3288 1282 3398 1345 80.
3452 1279 3530 1344 in
3555 1279 3882 1343 Ioannem
3913 1301 3927 1342 :

2391 1400 2550 1473 Quoe
2578 1409 2672 1463 est
2721 1399 2849 1463 isla
2879 1399 3093 1462 virtus
3130 1418 3322 1483 aquoe
3387 1407 3456 1460 nt
3520 1416 3767 1481 corpus
3802 1408 3937 1460 emt·

2384 1523 2518 1599 yae,
2565 1524 2625 1578 et
2654 1533 2770 1578 cor
2797 1511 3025 1578 abluat
3049 1512 3080 1576 ἴ)
3111 1513 3193 1577 Et
3219 1511 3497 1577 habetur
3531 1515 3593 1575 1.
3628 1520 3857 1597 qnoese.
3877 1515 3928 1575 1.

2385 1628 2670 1714 capitulo
2708 1629 3008 1709 detrahe,
3053 1640 3175 1697 etc.
3216 1628 3328 1694 His
3370 1627 3591 1694 verbis
3633 1625 3934 1714 Augusti·

2391 1744 2453 1809 ni
2484 1745 2854 1832 adjungunt
2902 1744 3142 1811 similia
3187 1744 3326 1811 loca
3364 1739 3646 1810 'Patrum
3692 1740 3934 1808 moder·
3985 1751 4107 1804 ‘ru-{affl

2389 1859 2479 1940 ni,
2524 1880 2598 1926 ac
2627 1860 2888 1927 tandem
2922 1860 3376 1927 Tridentinum
3407 1880 3562 1925 sess.
3604 1861 3666 1924 6.
3705 1879 3850 1944 cap.
3875 1862 3930 1922 Ἰ.

2392 1975 2499 2042 ubi
2540 1988 2965 2043 enumeratur
2995 1976 3367 2062 Baptismus
3403 1975 3573 2042 inter
3605 1972 3770 2040 alias
3797 1994 3936 2039 cau·

2389 2112 2497 2158 cas
2528 2092 3042 2179 justificationis,
3087 2093 3200 2160 sed
3247 2106 3504 2160 caeterae
3533 2103 3695 2158 sunt
3733 2109 3938 2157 causae

2393 2209 2654 2296 proprie
2692 2210 2928 2290 dictae3
3000 2231 3161 2297 ergo
3213 2220 3276 2276 et
3316 2209 3715 2296 Baptismus.
3753 2206 3934 2274 Addi-
3964 2247 4107 2298 ΞΜ

2392 2337 2499 2393 tur
2537 2330 2915 2394 Senonense
2955 2330 3152 2394 Conc.
3198 2348 3344 2413 cap.
3408 2330 3511 2393 10.
3557 2325 3668 2392 ubi
3720 2323 3936 2392 tribuit

2393 2441 2604 2507 eidem
2683 2440 3037 2509 efficaciam
3110 2455 3404 2528 respectu
3483 2441 3744 2527 gratiae.
3815 2443 3934 2505 Mo·
3982 2475 4106 2536 nom

2393 2559 2743 2647 guntinum
2778 2582 2926 2647 cap.
2975 2564 3081 2626 11.
3134 2571 3325 2625 vocat
3381 2560 3802 2624 Sacramenta
3841 2558 3931 2623 in·
4018 2549 4107 2586 '²⁸²

2395 2688 2761 2743 strumenta
2800 2688 2863 2743 et
2905 2674 3218 2742 remedia.

2484 2792 2938 2880 Respondetur
2975 2814 3056 2859 ex
3088 2792 3281 2858 dictis
3314 2791 3422 2858 illa
3469 2791 3687 2857 omnia
3733 2789 3936 2858 verifi·
3981 2829 4107 2896 Βηὲ,

2397 2910 2527 2976 cari
2576 2910 2658 2976 de
2695 2909 3134 2977 sacramentis
3208 2921 3515 2996 tanquam
3558 2909 3776 2975 causis
3816 2927 3936 2973 mo·
3981 2895 4107 3004 ’ζῇ

2399 3025 2669 3105 ralibuS‚
2706 3038 2772 3092 et
2802 3047 2931 3093 non
2982 3025 3297 3113 physicis
3344 3025 3566 3091 Abluit
3598 3046 3757 3111 ergo
3786 3042 3940 3111 aqua
3969 3016 4107 3133 Ἣ

2400 3165 2537 3225 cor,
2572 3155 2898 3231 quatenus
2928 3142 3127 3210 habet
3160 3161 3480 3209 annexam
3515 3140 3939 3209 assistentiam

2401 3261 2681 3349 Spiritus
2750 3274 2814 3328 et
2890 3260 2998 3327 Dei
3063 3272 3346 3347 pactum.
3400 3261 3754 3326 Enumerat
3811 3259 3939 3323 Tri·

2402 3378 2742 3445 dentinum
2810 3397 3038 3444 causas
3071 3398 3185 3465 per
3224 3397 3294 3442 se
3342 3388 3406 3442 et
3438 3375 3733 3463 proprias
3761 3375 3939 3462 justi·

2406 3492 2751 3573 ficationis,
2798 3513 3075 3581 quarum
3118 3511 3244 3558 una
3289 3503 3388 3557 est
3422 3490 3817 3578 BaptismuS,
3853 3487 3942 3555 al·

2402 3621 2538 3677 tera
2587 3609 2782 3678 etiam
2833 3608 3064 3676 merita
3106 3607 3371 3687 Christi,
3410 3618 3475 3675 et
3533 3606 3940 3695 principalior

2406 3747 2599 3813 quam
2645 3726 3039 3813 BaptisniuS‚
3076 3746 3226 3812 quae
3269 3745 3398 3791 non
3429 3736 3698 3792 causant
3730 3721 3943 3810 physi-

2407 3865 2480 3911 ce
2511 3865 2704 3912 suum
2737 3843 3070 3911 effectum.

2496 3961 2770 4027 Perinde
2828 3960 3024 4027 etiam
3076 3958 3179 4025 illa
3248 3958 3386 4025 loca
3435 3959 3803 4026 referuntur
3869 3953 3940 4021 ad

2411 4096 2892 4162 quemcumque
2930 4075 3259 4153 effectum,
3297 4074 3409 4161 qui
3449 4095 3532 4140 ex
3571 4073 3805 4138 virtute
3838 4072 3938 4136 Sa·
3981 4098 4107 4161 mnf,

2412 4192 2724 4259 cramenti
2757 4191 3114 4273 confertur,
3159 4189 3369 4278 qualis
3400 4200 3498 4255 est
3535 4187 3736 4276 gratia
3764 4200 3939 4253 actu·
3998 4163 4032 4212 P
4033 4168 4106 4209 m

2387 4309 2532 4374 alis
2580 4307 2849 4374 effectus
2915 4306 3169 4393 gratiae,
3218 4326 3413 4392 quem
3480 4303 3706 4392 recipit
3758 4301 3940 4368 fictus

2415 4424 2756 4491 recedente
2788 4422 3069 4503 fictione,
3106 4443 3187 4488 ex
3228 4420 3517 4487 efficacia
3566 4416 3938 4487 Sacramenti

2417 4536 2756 4624 praeteriti,
2829 4548 2941 4603 aut
2993 4548 3169 4602 certe
3226 4533 3651 4614 characteris,
3687 4543 3943 4617 uterque

2416 4654 2685 4720 effectus
2751 4652 3060 4739 competit
3137 4654 3581 4731 sacramento,
3641 4660 3709 4716 ut
3749 4665 3943 4714 causae

2419 4769 2668 4835 morali.
2704 4770 2972 4845 Quando
3017 4768 3212 4835 etiam
3253 4768 3588 4834 confertur
3649 4764 3942 4833 mediante

2419 4886 2773 4972 BaptismO,
2845 4886 3028 4951 verbi
3078 4883 3313 4972 gratia,
3386 4882 3662 4951 effectus
3729 4878 3939 4967 aliquis

2421 5001 2874 5083 miraculosuS,
2921 5001 2998 5067 ad
3049 5000 3360 5069 virtutem
3402 4998 3716 5086 Baptismi
3762 4994 3939 5062 refer·

2419 5129 2551 5198 tur,
2605 5137 2752 5204 quoe
2790 5117 2914 5184 erit
2981 5129 3234 5183 tantum
3295 5115 3588 5183 moralis,
3659 5110 3941 5200 Superius

2421 5234 2615 5300 etiam
2692 5233 3100 5300 ostendimus
3166 5253 3280 5319 per
3332 5231 3630 5298 eamdem
3699 5231 3938 5296 formam

2421 5351 2769 5418 verborum
2813 5351 2878 5418 in
2920 5350 3254 5436 Scriptura
3297 5349 3578 5435 exprimi
3610 5344 3936 5415 efficaciam

2424 5466 2598 5545 fidei,
2634 5465 3063 5553 poenitentiae,
3124 5464 3485 5542 charitatiS,
3561 5475 3681 5530 etc.
3724 5459 3937 5549 quibus

2424 5581 2687 5649 moralis
2720 5580 3011 5650 efficacia
3040 5579 3353 5667 competit
3388 5579 3626 5648 solum.
3678 5575 3936 5645 Adducta
