4255 6375
1347 440 1528 501 Dls'r
1573 440 1673 500 1V.
1707 435 2071 513 QUAESTIO
2115 439 2190 501 V.

239 608 414 685 juxta
490 607 878 669 sententiam
971 620 1222 678 eorum,
1300 603 1408 683 qui
1497 603 1772 681 exigunt

245 725 522 785 dolorem
569 724 946 786 distinctum
1006 722 1088 786 de
1136 722 1413 801 singulis
1461 721 1768 797 peccatiS‚

239 856 424 918 quam
452 855 531 900 ex
556 840 854 916 professo
879 837 1041 903 infra
1078 844 1308 900 tractat
1330 840 1595 905 Doctor;
1626 851 1770 896 eam

233 962 441 1019 autem
488 972 569 1017 ex
640 964 863 1016 mente
921 944 1194 1017 alior‘um
1255 954 1360 1015 hic
1423 952 1767 1030 supponit,

231 1076 323 1135 vel
377 1074 571 1134 etiam
623 1073 678 1133 si
757 1071 1040 1133 accedat
1095 1071 1267 1132 bona
1325 1069 1480 1141 fide,
1553 1070 1769 1147 reipsa

233 1195 439 1249 tamen
472 1186 917 1266 impoenitens,
970 1189 1118 1265 quia
1165 1185 1377 1248 solum
1409 1203 1487 1247 ex
1519 1186 1766 1247 intento

232 1305 447 1380 quaerit
505 1302 775 1364 modum
825 1318 957 1381 quo
1015 1302 1386 1363 remittatur
1453 1298 1650 1373 fictio,
1700 1303 1766 1359 et

232 1416 428 1479 detur
510 1416 787 1478 effectus
844 1419 1238 1477 sacramenti
1321 1416 1630 1492 Baptismi
1700 1419 1767 1476 et

230 1535 632 1607 Poenitentiae,
697 1538 763 1594 et
831 1532 1133 1595 ordinem
1186 1532 1495 1595 causandi
1570 1547 1768 1610 quern

229 1654 389 1711 inter
437 1665 509 1711 se
541 1649 833 1711 retinent
865 1652 1308 1723 Sacramenta,
1369 1652 1435 1709 in
1482 1664 1632 1709 casu
1691 1646 1760 1707 fi·

232 1767 449 1829 ctionis
512 1780 851 1843 expresse,
915 1781 1194 1842 peccare
1265 1770 1486 1825 autem
1575 1764 1769 1825 talem

232 1884 679 1946 indubitanter
708 1884 941 1943 asserit
983 1884 1049 1943 in
1095 1882 1280 1943 tertio
1316 1879 1514 1943 modo
1551 1879 1768 1942 dicen-

234 2000 289 2061 di
331 2001 368 2080 g
417 2002 629 2061 Tertio
657 2001 845 2060 modo
871 1997 1347 2074 principaliter.

305 2118 466 2179 Dicit
512 2133 670 2196 ergo
745 2116 902 2179 illud
975 2119 1321 2194 peccatum
1369 2113 1607 2177 remitti
1652 2129 1773 2189 per

162 2313 170 2328 .
234 2235 707 2310 poenitentiam,
756 2238 986 2295 caetera
1033 2249 1154 2312 per
1185 2233 1604 2313 Baptismum,
1670 2234 1770 2292 cui

237 2352 400 2409 Deus
421 2350 664 2410 assistit
685 2348 768 2409 ad
801 2354 1008 2409 totum
1049 2347 1386 2419 effectum,
1411 2346 1771 2408 recedente

233 2466 508 2539 fictione,
601 2471 734 2528 tam
803 2468 1034 2545 gratiae
1069 2483 1266 2544 quam
1343 2464 1767 2526 remissionis.

235 2582 424 2644 Casus
454 2583 648 2659 hujus
677 2583 1110 2661 suppositum,
1162 2595 1402 2657 nempe
1448 2578 1585 2640 dari
1617 2594 1766 2655 pos-

234 2718 298 2762 se
339 2702 800 2779 poenitentiam
846 2700 928 2762 de
960 2715 1091 2760 uno
1125 2702 1422 2778 peccate,
1457 2714 1607 2777 quae
1637 2715 1770 2759 non

235 2820 621 2881 extendatur
664 2819 747 2880 ad
822 2818 966 2891 alia,
1044 2821 1424 2880 etiamtum
1489 2818 1767 2896 cogitata

234 2928 627 2991 disseremus
685 2925 851 2987 infra
924 2927 1065 2988 dist.
1126 2928 1223 2988 15.
1297 2932 1511 3002 quaest.
1572 2927 1625 2986 1.
1686 2925 1770 2986 ita

234 3037 606 3115 contingere
664 3038 819 3099 satis
862 3035 1135 3115 vulgare
1184 3039 1284 3095 est
1349 3035 1525 3112 apud
1598 3035 1765 3095 anti-

232 3169 386 3230 quos
429 3155 770 3227 Doctores,
806 3152 910 3215 vel
955 3153 1065 3231 qui
1120 3151 1504 3233 deb'singuHs
1534 3168 1766 3231 pecca-

237 3272 305 3329 tis
348 3272 645 3351 singulos
681 3268 944 3331 dolores
997 3272 1293 3350 exigunt,
1326 3272 1429 3333 vel
1489 3275 1666 3332 certe
1695 3273 1768 3330 ut

234 3386 617 3454 extendatur
661 3407 836 3453 unus
895 3388 1082 3452 dolor
1133 3391 1216 3452 ad
1263 3390 1521 3470 singula
1584 3391 1764 3468 cogi-

236 3513 351 3569 tata
393 3507 794 3572 necessitate
864 3508 1292 3580 remissionis,
1352 3508 1473 3569 sed
1537 3509 1616 3570 de
1648 3510 1770 3570 hoc

237 3627 336 3688 ibi.

307 3760 625 3823 Caeterum
656 3760 1054 3839 praemissam
1091 3759 1454 3822 doctrinam
1486 3760 1769 3822 admittit

162 3855 464 3952 ffitSuarez
505 3881 654 3936 sect.
690 3879 748 3937 5.
798 3892 878 3939 eo
926 3884 1227 3955 excepm,
1291 3874 1471 3954 quod
1527 3878 1762 3937 asseri-

162 3983 167 4011 l

239 3995 331 4050 tur
359 3996 732 4071 peccatum,
760 3991 934 4069 quod
968 3992 1302 4069 praecessit
1337 3991 1765 4069 Baptismum,

162 4104 206 4197 ‘ff
236 4124 464 4185 nempe
496 4109 880 4187 septimum,
952 4107 1134 4187 quod
1164 4108 1349 4170 dedit.
1392 4126 1654 4170 causam
1702 4108 1769 4169 fi-

162 4295 185 4324 l·

238 4225 444 4300 ctioni‚
525 4225 772 4287 remitti
851 4242 973 4304 per
1063 4226 1543 4303 poenitentiam,
1619 4227 1769 4303 quia

236 4347 619 4420 sequeretur
680 4343 860 4422 quod
916 4345 1223 4420 Baptismi
1298 4341 1585 4404 efficacia
1637 4358 1770 4404 non

239 4462 700 4524 extenderetur
756 4460 840 4522 ad
884 4463 1100 4522 omnia
1133 4464 1405 4539 peccata
1447 4466 1598 4522 ante
1645 4461 1762 4520 Ba-

239 4578 537 4652 ptismum
583 4581 953 4653 commissa,
992 4578 1170 4658 quod
1216 4585 1315 4641 est
1348 4577 1602 4639 falsum.
1651 4579 1765 4640 Se-

237 4696 462 4772 cundo,
513 4698 693 4777 quod
723 4698 882 4760 illud
929 4703 1278 4776 peccatum
1322 4700 1772 4760 remitteretur

238 4816 444 4891 quoad
492 4821 691 4877 totam
724 4830 983 4892 poenam
1032 4817 1487 4891 temporalem.
1521 4818 1765 4888 'sertim

240 4932 380 5009 quia
424 4941 699 5010 peccata
747 4939 896 4996 ante
956 4934 1355 5010 Baptismum
1402 4933 1771 4994 ‘commissa

240 5061 360 5109 non
389 5049 635 5111 cadunt
692 5050 816 5110 sub
851 5048 1374 5129 jurisdictionem
1421 5049 1760 5120 Ecclesiae;

243 5177 388 5241 ergo
432 5182 563 5227 non
594 5171 899 5244 spectant
951 5167 1034 5228 ad
1090 5172 1570 5228 sacramentum
1621 5169 1767 5226 Poe-

162 5302 180 5336 ι
243 5279 543 5344 nitentiae.
599 5283 869 5358 Quart0‚
919 5284 1066 5362 quia
1126 5287 1397 5361 peccata
1453 5301 1586 5345 non
1644 5301 1773 5364 qua

162 5426 221 5462 lm
246 5395 570 5473 inhaerent,
632 5398 754 5462 sed
827 5416 954 5479 qua
1010 5407 1163 5463 sunt
1204 5406 1351 5463 actu
1402 5402 1772 5474 commissa,

162 5491 199 5523 58

172 5602 227 5650 ad

253 5521 392 5575 sunt
426 5518 699 5579 materia
731 5517 1161 5580 confessionis
1207 5523 1273 5580 et
1309 5520 1769 5594 absolutionis;

257 5654 402 5720 ergo
446 5660 584 5705 non
609 5662 805 5708 omne
831 5650 1179 5724 peccatum
1211 5645 1390 5725 quod
1415 5652 1550 5709 tum
1579 5648 1775 5722 inest,

3307 442 3425 500 430

1888 604 1954 661 et
1997 604 2381 677 perseverat
2425 605 2572 677 post
2623 601 3053 677 Baptismum,
3128 604 3228 660 est
3288 617 3422 659 ma·
3481 600 3768 669 poenitenti-

1889 720 2050 779 teria
2100 717 2524 793 poenitentiae,
2567 720 2618 779 si
2662 715 2783 778 fuit
2826 723 2979 778 ante
3024 718 3429 795 Baptismum
3570 684 3673 718 am.

1885 830 2356 890 commissium.
2394 829 2659 903 QuintO,
2694 828 2845 907 quia
2877 832 3265 907 poenitentia
3299 846 3429 891 non

1882 947 2083 1007 habet
2125 946 2436 1007 effectum
2488 948 2609 1007 nisi
2641 947 2707 1005 in
2765 946 3112 1021 baptizato,
3168 951 3231 1007 et
3281 947 3432 1007 insi·

1882 1067 2065 1144 gnito
2136 1062 2994 1140 characteressaptisrnali3
3069 1080 3228 1142 ergo
3300 1081 3431 1126 non

1885 1177 2394 1258 comprehendit
2436 1186 2734 1256 peccata,
2777 1196 2919 1256 quae
2967 1184 3118 1240 ante
3176 1181 3427 1256 Baptis-

1883 1313 2064 1357 mum
2120 1294 2482 1367 infuerunt,
2544 1308 2667 1354 nec
2713 1300 3013 1373 spectant
3083 1294 3166 1355 ad
3215 1298 3427 1372 poeni-

1886 1414 2180 1475 tentiam.
2256 1411 2742 1488 Consequentia
2784 1416 2970 1487 patet
3030 1428 3112 1471 ex
3153 1413 3425 1473 Triden-

1889 1531 2021 1591 tino
2073 1547 2222 1591 3633.
2262 1531 2356 1590 14.
2394 1546 2531 1605 cap.
2572 1530 2624 1589 1.
2664 1535 2719 1590 ct
2761 1532 2819 1590 2.
2869 1531 2979 1592 ubi
3040 1530 3235 1591 docet
3281 1547 3428 1607 poe-

1881 1646 2230 1708 nitentiam
2276 1647 2637 1737 institutam
2684 1661 2830 1705 esse
2893 1650 3116 1707 contra
3186 1662 3423 1724 pecca-

1883 1773 1945 1826 ta
1976 1773 2126 1842 post
2169 1765 2576 1840 Baptismum
2620 1762 2992 1823 commissa.

1963 1878 2426 1957 Respondetur
2508 1884 2729 1938 tamen
2802 1880 3197 1940 sententiam
3251 1878 3426 1938 illam
3480 1901 3776 1964 Responsio.

1885 2003 2183 2063 Doctoris
2216 2016 2362 2062 esse
2393 2016 2642 2072 veram,
2673 2014 2869 2075 quam
2897 1997 3090 2058 tradit
3121 2000 3314 2058 etiam
3336 2001 3425 2059 in-

1882 2117 1977 2179 fra
2001 2119 2435 2197 responsione
2463 2116 2546 2178 ad
2569 2115 2929 2177 secundam
2954 2114 3426 2194 objectionem,

1888 2237 2113 2298 dicens
2194 2234 2577 2305 rationabile
2639 2249 2786 2295 esse
2844 2233 3022 2311 quod
3067 2239 3427 2311 peccatum,

1887 2355 2066 2437 quod
2127 2356 2310 2417 dedit
2351 2372 2616 2416 causam
2686 2352 2953 2426 fictioni,
3027 2369 3161 2414 non
3227 2353 3436 2413 subsit

1886 2470 2195 2534 efficaciae
2227 2470 2536 2547 Baptismi
2567 2490 2581 2543 ;
2620 2477 2685 2531 et
2727 2466 2949 2529 subdit
2982 2486 2996 2527 ε
3032 2473 3106 2529 Et
3136 2474 3306 2540 tunc,
3340 2468 3432 2527 in-

1885 2590 2048 2677 quit,
2103 2590 2227 2654 illa
2304 2588 2674 2673 propositio
2710 2613 2729 2650 .·
2769 2597 3110 2672 peecatum
3152 2586 3432 2650 moi-talc

1878 2722 2026 2798 post
2057 2712 2473 2796 Baptismum
2508 2731 2639 2775 non
2672 2708 2951 2786 deletur,
2990 2708 3126 2771 nisi
3151 2727 3274 2792 per
3292 2727 3433 2790 ριν-

1883 2830 2263 2909 m‘tentiam,
2291 2826 2474 2891 debet
2507 2825 2801 2908 intellisli
2849 2824 2930 2888 dc
2963 2832 3233 2909 peccato
3266 2842 3432 2885 com-

1883 2947 2080 3010 misso
2123 2955 2273 3031 post
2304 2944 2743 3028 Baptismum,
2784 2942 2884 3007 vcl
2916 2942 3188 3005 omnino
3223 2940 3432 3003 inelim-

1883 3074 2089 3138 rente,
2136 3062 2232 3125 3·ίο
2263 3061 2515 3125 scilicet
2547 3058 2720 3145 quod
2752 3058 2833 3122 (Ic
2866 3060 3009 3143 ipso
3060 3077 3176 3120 nec
3219 3055 3431 3137 fucrit

1885 3179 2221 3256 contriti'O,
2268 3199 2387 3242 nec
2443 3177 2705 3242 attritio
2761 3176 2833 3240 in
2884 3175 3247 3260 Βαριίεηιο,
3315 3193 3431 3236 nec

1881 3307 2029 3383 post
2084 3297 2526 3381 Baptismum,
2570 3306 2691 3358 etc.
2740 3296 2889 3358 llaec
2920 3290 3212 3356 clausula
3256 3288 3433 3353 dedit

1883 3423 2103 3483 locum
2127 3419 2638 3499 impugnationi,
2695 3434 2842 3478 nam
2903 3433 2983 3477 ex
3043 3432 3119 3475 eo
3165 3416 3432 3492 praecise

1886 3539 2064 3618 quod
2097 3543 2446 3616 peccatum
2477 3536 2635 3596 alias
2664 3533 2908 3594 factum
2951 3532 3123 3604 insit,
3186 3531 3267 3592 de
3303 3548 3431 3608 quo

1884 3672 2017 3717 non
2090 3657 2194 3715 est
2251 3652 2576 3725 contritiO,
2653 3667 2873 3728 neque
2956 3649 3221 3722 attritiO,
3300 3664 3434 3707 non

1883 3773 2144 3835 videtur
2199 3775 2501 3848 spectare
2554 3768 2637 3829 ad
2720 3766 3076 3842 fictionem,
3151 3780 3292 3842 quae
3368 3765 3433 3823 in
3511 3798 3738 3862 Urgetur

1882 3889 2023 3966 ipsa
2055 3888 2410 3949 omissione
2457 3886 2863 3948 contritionis
2904 3900 3028 3945 seu
3072 3883 3430 3952 attritionis,
3467 3859 3752 3910 difficustas·

1886 4010 1951 4065 et
2019 4002 2448 4066 irreverentia
2505 4004 2849 4064 commissa
2926 3999 2992 4060 in
3050 4000 3431 4059 Sacramen-

1886 4128 2045 4193 tum,
2094 4121 2238 4182 sine
2299 4118 2522 4181 debita
2562 4117 2990 4193 dispositione
3049 4118 3429 4192 susceptum

1886 4243 2197 4304 consistit.
2280 4239 2411 4301 Sed
2470 4214 2819 4300 declarata
2848 4240 3072 4297 mente
3129 4237 3429 4296 Doctor1s

1886 4358 2090 4419 facilis
2125 4362 2224 4417 est
2282 4354 2539 4416 solutio.

1965 4471 2434 4551 Respondetur
2528 4471 2751 4546 itaque
2842 4470 3193 4528 Doctorem
3296 4479 3427 4525 non
3578 4481 3661 4552 2⁰·

1886 4593 2256 4671 intelligere
2329 4592 2666 4666 peccatum
2747 4585 3072 4646 inhaerens
3166 4582 3246 4644 de
3336 4583 3429 4641 in-
3464 4544 3764 4659 Effgss‘t’gffr

1885 4709 2193 4770 haerentia
2249 4704 2584 4776 habituali,
2625 4718 2708 4790 ‚eo
2773 4698 2971 4762 modo
3035 4716 3164 4776 quo
3245 4695 3433 4759 infuit

1886 4831 2038 4888 ante
2156 4825 2584 4901 Baptismum,
2681 4817 2803 4881 sed
2883 4817 2964 4879 de
3051 4817 3429 4879 inhaercntizi

1887 4942 2126 5006 actuali
2208 4956 2329 5017 per
2400 4937 2961 5016 complacentiam,
3047 4937 3429 5012 inquantum

1890 5059 2073 5122 dedit
2175 5073 2424 5121 causam
2530 5055 2796 5128 fictioni,
2913 5053 3085 5116 verbi
3197 5053 3426 5129 gratia,

1889 5180 2034 5257 quis
2091 5176 2293 5237 habet
2351 5173 2748 5234 attritionem
2781 5169 2864 5231 de
2921 5169 3062 5230 aliis
3113 5185 3252 5240 seit,
3290 5185 3428 5245 quae

1887 5292 2163 5372 requirit
2262 5293 2459 5352 etiarn
2534 5288 2941 5349 voluntatem
3029 5282 3431 5345 emendandi

1889 5429 1959 5472 se
2004 5411 2068 5470 in
2113 5409 2258 5477 illis,
2293 5414 2357 5468 et
2413 5405 2716 5485 quaelibet
2766 5404 3002 5464 attritio
3052 5402 3133 5462 sit
3190 5418 3424 5463 conce-

1888 5532 1999 5604 pta
2033 5541 2112 5585 ex
2149 5522 2550 5614 turpi-tudine
2610 5520 2935 5599 cuiusque
2979 5519 3044 5578 in
3090 5519 3430 5593 particula-

1901 5648 2015 5721 ri;
2065 5646 2201 5707 haec
2259 5643 2521 5714 attritio,
2569 5646 2641 5703 ut
2703 5638 3179 5701 declaravimus
3234 5656 3432 5717 supra
