4255 6375
1454 404 1657 466 Dls'r.
1707 404 1752 465 Ι.
1786 400 2145 478 QUAESTIO
2177 400 2276 460 Vl.
3386 386 3501 448 233

268 570 354 641 tu
447 572 775 643 naturae
835 569 1111 662 lapsae,
1174 565 1632 659 congruunt
1693 560 1832 633 ho-

1947 561 2171 634 tione
2237 556 2651 637 fecissent,
2729 557 2900 629 tum
3002 555 3167 623 Gen.
3260 551 3324 622 4.
3423 549 3514 620 de

279 684 479 759 mini
595 685 827 778 signa
914 683 1329 758 sensibilia
1460 681 1833 772 respectu
1944 677 2302 749 olatiria
2392 674 2579 748 A'nl
2688 677 2773 746 et
2872 670 3098 747 Cain,
3167 674 3338 741 tum
3418 687 3519 738 ex

284 802 905 894 spiritualium;
1030 819 1230 892 ergo
1347 792 1840 870 rationabile

278 925 402 993 est
478 920 799 1014 aliquod
835 920 1479 998 Sacramentum,
1547 913 1841 987 saltem

283 1043 584 1111 contra
629 1037 1054 1130 originale,
1103 1036 1355 1107 fuisse
1409 1033 1490 1105 in
1532 1036 1841 1123 tempo—

286 1178 374 1229 re
434 1155 644 1248 legis
675 1159 1019 1230 naturae.
1068 1152 1148 1227 Si
1186 1155 1464 1227 autem
1518 1147 1845 1242 aliquod

286 1273 530 1357 aliud,
582 1276 776 1365 puta
810 1269 1457 1352 Matrimonium,
1528 1266 1657 1339 vel
1707 1264 1847 1337 ali·

287 1390 500 1483 quod
542 1388 1187 1481 correspondens
1249 1383 1498 1459 alicui
1560 1386 1846 1458 Sacra-

290 1508 574 1579 mento
633 1524 865 1578 novae
908 1502 1138 1595 legiS,
1194 1500 1442 1575 fuerit
1481 1499 1619 1573 illo
1655 1504 1849 1571 tem-

289 1642 519 1715 pore,
586 1622 679 1694 de
729 1621 883 1694 hoc
931 1618 1272 1693 inferius
1325 1619 1402 1691 in
1473 1617 1850 1692 tractati-

293 1738 440 1810 bus
474 1739 571 1810 de
613 1736 777 1810 illis
841 1734 1428 1810 sacramentis.

83 1860 232 1988 ἐξ,
381 1855 500 1927 Ad
577 1853 930 1947 primum
1009 1854 1585 1943 argumentum
1642 1849 1847 1931 dico,

166 1959 178 1972 ’
245 1959 509 2064 'quod
570 1970 1020 2062 Gregorius
1061 1989 1223 2041 non
1290 1966 1679 2058 intelligit
1731 1987 1852 2038 so-

295 2084 461 2156 lam
514 2086 778 2170 fidem,
850 2106 998 2179 pro
1060 2086 1235 2158 solo
1309 2084 1614 2165 habitu,
1708 2102 1853 2155 nec

294 2201 520 2274 forte
581 2205 900 2276 tantum
971 2221 1122 2293 pro
1193 2204 1376 2273 actu
1441 2196 1849 2281 interiori,

296 2318 435 2390 sed
501 2338 653 2411 pro
724 2322 906 2391 actu
988 2317 1392 2391 exteriori
1488 2314 1853 2388 sensibili

294 2437 819 2527 protestante
851 2435 1109 2506 fidem.
1138 2434 1283 2506 Ille
1316 2436 1587 2505 autem
1624 2436 1857 2505 actus

295 2549 808 2624 sufficienter
911 2549 1179 2642 potuit
1276 2548 1572 2621 habere
1660 2547 1860 2621 rati-

300 2688 548 2739 onem
621 2665 1156 2747 Sacramenti,
1238 2669 1317 2738 et
1406 2664 1518 2737 sic
1588 2664 1863 2738 distin·

302 2783 595 2875 guitur
644 2783 833 2855 fides
878 2783 1075 2866 sola,
1142 2783 1211 2854 id
1252 2786 1404 2865 est,
1472 2782 1662 2854 fides
1734 2802 1861 2854 so-

301 2899 595 2974 litaria
663 2898 835 2972 sine
905 2898 1360 2980 sacrificiis,
1428 2902 1718 2971 contra
1786 2897 1862 2969 fi-

300 3019 483 3091 dem
549 3020 629 3091 in
709 3018 1115 3091 sacrificio
1161 3021 1741 3112 protestatam;
1783 3020 1862 3090 et

307 3134 673 3227 primum
726 3133 998 3228 posuit
1051 3135 1221 3229 ipse
1264 3131 1634 3207 sufficere
1712 3153 1860 3226 pro

309 3254 725 3346 parvulis,
771 3253 986 3328 forte
1029 3259 1303 3328 autem
1375 3255 1533 3327 ista
1604 3256 1866 3345 prote-

311 3371 568 3444 statio
610 3370 851 3445 fiebat
904 3371 981 3443 in
1027 3371 1274 3443 verbo
1334 3371 1605 3462 aliquo
1649 3370 1865 3442 invo-

310 3483 543 3558 candi
603 3486 888 3567 Deum,
950 3486 1079 3560 vel
1125 3486 1515 3560 offerendi
1580 3508 1866 3580 parvu-

311 3601 484 3675 lum
535 3603 733 3675 Deo.
789 3603 1235 3677 Secundum
1315 3608 1611 3688 autem,
1651 3602 1865 3678 scili-

316 3722 444 3793 cet
524 3718 757 3791 fldem
854 3741 1039 3792 cum
1153 3720 1606 3804 sacrificiis,
1717 3741 1866 3814 pro

319 3835 624 3909 adultis
687 3834 939 3908 fuisse
971 3838 1524 3910 necessarium
1568 3836 1864 3930 posuit.

83 3966 217 4017 aaz.
389 3953 505 4025 Ad
531 3953 969 4026 secundum
1013 3956 1280 4046 potest
1311 3953 1465 4027 dici
1500 3975 1656 4026 uno
1702 3975 1870 4026 mo-

317 4065 660 4160 do,quod
690 4068 959 4160 potuit
978 4071 1193 4142 Deus
1214 4069 1376 4143 tale
1400 4073 1871 4144 Sacramen-

320 4185 494 4256 tum
541 4184 959 4257 revelasse
991 4184 1236 4258 alicui
1278 4188 1644 4284 Patrum,
1691 4207 1871 4259 cum

324 4318 479 4390 quo
532 4303 727 4374 tunc
794 4300 1303 4394 frequentius
1358 4302 1871 4396 loquebatur,

324 4414 514 4490 licet
576 4416 707 4490 cui
751 4422 831 4490 et
868 4419 1204 4510 quando,
1243 4420 1671 4512 Scriptura
1716 4441 1878 4493 non

322 4533 565 4615 dicat,
642 4555 819 4626 quae
899 4535 997 4607 ab
1075 4536 1323 4609 Adam
1431 4559 1682 4630 usque
1785 4538 1880 4611 ad

328 4648 742 4722 Abraham
857 4651 1059 4726 satis
1194 4652 1605 4727 succincte
1709 4675 1882 4747 per·

330 4764 661 4839 transit.

157 4911 197 4961 4,
414 4881 562 4954 Vel
631 4883 903 4975 potest
989 4882 1169 4965 dici,
1237 4884 1440 4975 quod
1499 4905 1885 4977 expresse

90 4971 255 5098 ,ffiss‘gd
338 4996 685 5073 habetur
754 5020 850 5072 ex
921 4999 1375 5091 Scriptura,
1461 5003 1665 5093 quod
1733 5023 1883 5095 pro

83 5101 711 5215 ffiflffiiggntempore
769 5114 910 5188 illo
970 5114 1456 5211 placuerunt
1529 5119 1696 5190 Deo
1768 5139 1888 5191 sa-

83 5224 676 5314 ffiamefficriflcia,
723 5231 930 5324 quod
970 5252 1134 5304 non
1171 5237 1411 5315 esset,
1447 5232 1605 5306 nisi
1635 5255 1682 5306 a
1716 5236 1886 5308 Deo

132 5293 236 5340 tuin.

339 5345 685 5421 fuissent
748 5347 1150 5430 instituta,
1212 5348 1372 5420 imo
1417 5356 1890 5443 reputaren-

338 5465 475 5535 tur
498 5462 708 5539 fatui
771 5469 851 5537 et
884 5467 1545 5557 praesumptuosi,
1586 5468 1651 5539 si
1693 5469 1889 5543 talia

340 5578 510 5653 sine
552 5580 826 5653 divino
900 5584 1308 5675 praecepto
1350 5583 1477 5655 vel
1544 5583 1885 5677 inspira-

1961 792 2371 866 oblatione
2405 793 2605 872 Noe,
2665 792 3097 881 postquam
3132 784 3386 859 exivit
3426 784 3517 855 de

1958 932 2155 985 arca
2214 914 2374 981 Gen.
2410 913 2477 982 8.
2523 911 2700 982 tum
2742 927 2839 979 ex
2876 903 3288 978 oblatione
3329 900 3520 973 Mel-

1958 1027 2406 1109 chisedech,
2472 1026 2605 1119 qui
2675 1027 2858 1097 erat
2929 1015 3325 1096 Sacerdos
3384 1037 3512 1089 ex-

1959 1144 2161 1220 celsi
2201 1143 2372 1225 Dei,
2428 1148 2518 1216 ut
2584 1141 2886 1215 dicitur
2949 1142 3110 1207 Gen.
3168 1138 3273 1209 14.
3339 1136 3515 1207 tum

1955 1285 2055 1337 ex
2154 1261 2559 1336 oblatione
2637 1239 3007 1340 Abrahae,
3102 1248 3526 1327 dividentis

1959 1398 2340 1461 vaccam;
2386 1395 2613 1469 erg0.

2051 1501 2152 1571 Et
2232 1496 2443 1571 istud
2503 1493 2659 1568 fuit
2748 1488 3266 1570 rationabile,
3329 1486 3516 1580 quia

1963 1615 2334 1689 homines
2400 1611 2797 1704 temporis
2876 1609 3095 1682 illius
3180 1606 3515 1680 fuerunt

1964 1730 2203 1826 proni
2273 1729 2369 1801 ad
2459 1726 3042 1807 idololatriam,
3145 1725 3232 1794 ut
3295 1724 3518 1814 patet

1963 1870 2059 1922 ex
2095 1851 2327 1923 tanta
2363 1843 2899 1924 multitudine,
2940 1861 3114 1935 quae
3147 1844 3516 1931 tempore
3636 1862 3757 1911 Esse

1964 1965 2105 2040 illo
2176 1961 2507 2037 defluxit
2580 1962 2673 2033 ad
2769 1978 2973 2032 eam.
3055 1956 3243 2029 Fuit
3313 1974 3512 2045 ergo
3553 1922 3865 2036 Smt‘fflffl·

1965 2099 2420 2173 congruum
2499 2077 2579 2151 in
2685 2075 3152 2155 remedium,
3235 2093 3332 2144 ne
3420 2070 3512 2142 ad
3603 2053 3806 2161 ”0235ss

1968 2203 2212 2275 istam
2282 2197 2748 2277 defluerent,
2790 2193 2992 2288 quod
3068 2193 3281 2265 Deus
3345 2189 3513 2260 suis
3557 2174 3833 2290 ,ζζξξᾎζξξῗ

1968 2317 2421 2392 cultoribus
2545 2314 3017 2387 institueret
3113 2306 3519 2381 sacrificia

1972 2435 2124 2509 sibi
2218 2431 2652 2507 offerenda.
2766 2427 3158 2502 Possibile
3246 2429 3515 2499 autem

1970 2557 2119 2635 est,
2195 2550 2398 2643 quod
2480 2547 2802 2639 aliquod
2889 2543 3523 2618 determinatum

1977 2664 2471 2742 sacrificium
2567 2663 2781 2735 foret
2853 2661 3520 2738 Sacramentum;

1978 2805 2140 2858 non
2180 2787 2304 2857 est
2347 2782 2561 2854 enim
2608 2781 2895 2854 contra
2959 2775 3361 2849 rationem
3409 2793 3524 2844 sa-

1978 2903 2294 2983 crificii,
2370 2900 2575 2992 quod
2661 2897 2925 2990 ipsum
3003 2893 3129 2966 vel
3219 2890 3522 2964 oblatio

1976 3020 2154 3112 ejus
2245 3017 2350 3091 sit
2429 3017 3073 3096 Sacramentum,
3167 3015 3245 3083 et
3334 3014 3523 3083 tunc

1973 3134 2192 3227 (licet
2269 3133 2757 3223 indistincte)
2816 3129 3162 3202 habetur
3219 3128 3310 3200 de
3377 3125 3528 3200 tali

1977 3254 2510 3328 Sacramento
2558 3249 2638 3322 in
2690 3247 3033 3320 diversis
3070 3245 3270 3319 locis
3317 3242 3528 3318 Scri-

1978 3375 2267 3466 pturae,
2315 3369 2521 3463 quod
2572 3367 2676 3440 sit
2739 3364 3209 3439 institutum
3243 3384 3290 3435 a
3357 3364 3525 3436 Deo

1982 3490 2059 3562 in
2099 3490 2279 3581 loge
2332 3490 2522 3560 natu
2542 3506 2678 3557 rae.

2415 3769 3069 3836 COMMENTARIUS.

2040 4064 2127 4153 (a)
2153 4063 2530 4151 Respondeo
2553 4064 2740 4129 nullo
2772 4074 3213 4149 commi-mete.
3243 4064 3395 4129 Hoec
3417 4048 3531 4129 ¹est
3691 4093 3742 4143 1.

1986 4181 2320 4248 conclusio
2381 4179 2696 4259 Doctoris‚
2773 4198 3006 4265 nempe
3046 4177 3110 4243 in
3143 4190 3311 4245 statu
3365 4178 3530 4264 legis
3553 4154 3876 4268 5222„ssss

1989 4311 2242 4365 naturae
2290 4301 2493 4363 Deum
2545 4296 2912 4362 instituisse
2977 4294 3236 4383 aliquod
3307 4297 3529 4361 Sacra·
3603 4281 3820 4395 gsstsseg

1990 4428 2281 4482 mentum
2335 4414 2398 4478 in
2449 4412 2809 4479 remedium
2863 4411 3104 4498 peccati
3162 4411 3526 4498 originalis,

1992 4535 2124 4598 Hoc
2156 4529 2326 4597 idem
2377 4531 2597 4596 docuit
2628 4551 2825 4615 supra
2875 4542 3101 4617 quoesc.
3156 4529 3219 4596 3.
3256 4542 3388 4597 art.
3463 4535 3528 4597 3.

1992 4649 2178 4715 Ratio
2218 4659 2340 4728 est,
2413 4647 2561 4734 quia
2607 4651 2774 4713 Deus
2808 4667 3140 4736 nunquam
3193 4646 3539 4734 dereliquit

1996 4764 2330 4832 homiuem
2389 4776 2533 4851 post
2599 4764 2855 4851 lapsum
2897 4763 3043 4831 sine
3100 4764 3389 4831 remedio
3458 4763 3535 4830 ad

1998 4883 2274 4949 salutem
2318 4881 2712 4962 necessariO,
2760 4881 2951 4970 quale
2991 4894 3091 4949 est
3130 4880 3312 4961 illud,
3367 4878 3538 4968 quod

1999 5000 2171 5067 delet
2201 4998 2557 5087 originale;
2602 5009 2666 5065 et
2706 5011 2879 5087 patet
2910 5000 3057 5077 hoc,
3094 4999 3246 5087 quia
3285 4997 3388 5064 lex
3430 5018 3540 5064 na·

2001 5131 2169 5186 turae
2208 5118 2549 5185 ordinabat
2570 5115 2902 5182 hominem
2936 5113 3010 5180 ad
3046 5113 3346 5192 salutem,
3383 5134 3542 5200 ergo

2001 5236 2231 5303 habuit
2275 5234 2487 5301 media
2529 5235 2917 5301 necessaria.
3000 5231 3321 5316 Secundo,
3392 5231 3544 5319 quia
3604 5260 3842 5318 Prohatio

2002 5354 2069 5420 in
2131 5353 2241 5419 illo
2317 5363 2486 5419 statu
2543 5351 2663 5419 suit
2726 5372 2882 5418 vera
2931 5350 3243 5429 Ecclesia,
3281 5350 3547 5417 fuerunt
3606 5326 3850 5442 ‘'⁰3²5ssss

2002 5470 2214 5550 electi,
2287 5471 2408 5537 fuit
2468 5469 2653 5551 fides,
2729 5469 2851 5536 ruit
2919 5469 3328 5561 justificatio,
3391 5468 3544 5556 quia

2001 5589 2328 5656 Abraham
2372 5589 2728 5659 secundum
2764 5588 3138 5678 Apostolum
3193 5588 3314 5655 fuit
3336 5587 3536 5678 justi-
