4255 6375
792 415 912 479 414
1948 420 2094 483 LIB.
2126 420 2228 483 lv.
2261 422 2859 488 SENTENTIARUM

798 578 907 640 vel
954 595 1188 659 aquam
1245 597 1477 659 puero,
1537 581 1719 663 quod
1776 598 1907 647 non
1963 583 2224 647 videtur
2268 600 2346 646 eo
2459 589 2675 650 textus
2732 602 2929 667 quem
2997 591 3168 652 citat.
3232 590 3502 654 Videtur
3555 605 3711 669 ergo
3768 588 3949 667 opinio
3982 613 4071 668 nea

804 710 961 757 casu
988 695 1151 760 fleri.
2457 699 2754 777 Vasquez
2803 717 2935 763 non
2981 719 3127 765 esse
3176 704 3466 767 tenenda
3511 705 3578 765 in
3626 706 3820 782 praxi,
3858 705 3949 767 sed
3984 745 4116 808 Vm*

541 821 742 894 natio·
880 812 1083 875 Aliter
1102 813 1723 891 probatRichardus
1748 817 2052 880 eamdem
2085 824 2348 881 senten·
2455 816 2858 893 Baptismum
2933 822 3234 883 absolute
3320 822 3785 887 conferendum
3836 839 3951 885 esse

463 884 768 1013 8ξέῧὲἷῖἒέ
808 926 985 1003 tiam,
1018 932 1171 1007 quia
1214 931 1368 993 lotio
1400 931 1804 1010 baptismalis
1844 934 2064 1013 exigit,
2120 934 2346 996 ut'im·
2462 931 2678 995 taliter
2725 942 2907 1009 nat0,
2955 936 3135 1015 quod
3196 940 3412 1021 magis
3477 955 3837 1017 supponere
3881 939 3951 999 vi·

593 3269 669 3320 15.

590 3333 665 3384 De

803 1045 1116 1109 mersioni
1157 1048 1476 1110 succedat
1526 1051 1832 1124 emersio,
1891 1066 2032 1130 quae
2074 1050 2352 1130 intelligi

800 1162 894 1223 sic
951 1160 1171 1237 debet,
1245 1172 1317 1228 ut
1385 1167 1618 1229 saltem
1690 1167 2054 1231 succedere
2118 1170 2350 1246 possit,

801 1281 1119 1354 quantum
1166 1284 1268 1341 est
1298 1296 1380 1342 ex
1422 1289 1653 1344 natura
1686 1284 2036 1346 ablutionis
2077 1299 2200 1345 seu
2226 1284 2348 1344 im-

797 1395 1167 1468 mersioniS,
1220 1397 1375 1459 licet
1412 1414 1534 1476 per
1578 1398 1888 1462 accidens
1937 1418 2070 1463 non
2114 1415 2350 1478 sequa·

796 1515 920 1584 tur,
977 1517 1051 1573 ut
1113 1515 1431 1595 contingit
1493 1520 1558 1580 in
1629 1535 1787 1580 casu
1859 1519 2194 1596 proposito
2267 1514 2351 1578 ad

799 1628 1196 1703 oppositum,
1229 1647 1359 1709 quo
1390 1649 1524 1693 non
1556 1638 1785 1710 posset
1812 1636 2110 1695 minister
2139 1639 2350 1695 extra·

797 1738 961 1802 here
990 1741 1554 1807 Catecbumenum
1615 1764 1696 1809 ex
1738 1745 1945 1821 fonte,
2009 1747 2133 1809 hoc
2177 1749 2352 1808 enim

800 1873 923 1936 per
951 1859 1260 1922 accidens
1293 1867 1394 1923 est
1434 1879 1518 1925 ex
1558 1861 1824 1926 defectu
1868 1865 2140 1939 virium3
2192 1865 2358 1926 alter

804 1987 997 2035 casus
1055 1944 1138 2037 de
1197 1993 1367 2055 aqua
1417 1978 1806 2041 calidissima
1856 1979 2106 2041 admitti
2159 1982 2357 2041 etiam

803 2093 1049 2165 potest,
1109 2090 1214 2153 vel
1268 2095 1518 2173 negari,
1574 2099 1727 2173 quia
1779 2110 1908 2155 non
1972 2111 2053 2157 ex
2126 2101 2361 2157 natura

803 2204 1155 2267 ablutionis
1175 2208 1240 2269 in
1272 2225 1442 2288 aqua
1467 2227 1620 2271 mox
1650 2212 1952 2290 sequitur
1981 2229 2158 2274 mors
2188 2229 2360 2290 pue·

804 2322 883 2392 ri,
967 2320 1090 2382 sed
1155 2340 1234 2387 ex
1312 2326 1625 2402 qualitate
1697 2325 2082 2388 accidentali
2158 2328 2363 2406 ipsius

807 2453 1013 2517 aquae.
1089 2439 1220 2502 Sed
1290 2442 1525 2504 melius
1596 2440 1764 2505 forte
1830 2446 2112 2521 negatur
2182 2443 2364 2505 valor

806 2562 951 2623 talis
982 2562 1359 2635 ablutionis,
1414 2578 1559 2641 quae
1607 2576 1739 2623 non
1789 2567 1890 2625 est
1937 2564 2212 2624 materia
2247 2540 2362 2621 'Ba-

804 2678 1045 2756 ptismi,
1105 2676 1226 2740 sed
1278 2679 1386 2739 illa
1443 2694 1587 2756 quae
1637 2682 1868 2739 natura
1917 2676 2191 2739 actionis
2227 2692 2363 2737 non

805 2791 1146 2856 ordinatur
1175 2793 1259 2856 ad
1302 2800 1582 2856 mortem
1616 2794 1784 2873 ejuS,
1822 2793 1974 2872 quia
2016 2794 2109 2854 sic
2151 2794 2366 2871 magis

810 2894 1178 2989 congruum
1219 2910 1454 2973 divinae
1494 2909 1881 2973 institutioni
1963 2916 2030 2972 et
2076 2925 2363 2972 commu-

812 3028 1119 3091 nicationi
1164 3027 1594 3099 Sacramenti‚
1648 3031 1713 3088 et
1763 3025 2083 3088 ablutioni
2159 3027 2364 3089 esuali

818 3158 941 3208 seu
972 3145 1303 3206 consuetae
1347 3145 1414 3204 et
1459 3140 1704 3204 morali.

899 3260 991 3344 (d)
1041 3265 1120 3326 Si
1162 3262 1438 3324 secundo
1488 3263 1678 3323 modo
1719 3263 1812 3322 sic
1852 3282 1871 3321 :
1919 3269 2032 3324 aut
2074 3268 2367 3338 apparet,

506 3395 763 3461 baptizato
820 3379 1098 3441 etcuaeo
1129 3382 1230 3438 est
1253 3378 1570 3440 resolutio
1603 3376 1967 3438 communis
1991 3379 2368 3450 Doctorum,

491 3456 547 3507 in
588 3463 729 3522 parte
741 3495 754 3508 .

536 3949 692 4002 Sotus
704 3991 716 4003 .

523 4311 734 4361 Suarez.

496 4888 748 4949 vasquez.

531 4950 654 5009 Quae
666 4948 733 4995 sit

818 3500 886 3557 et
932 3499 1112 3573 patet
1157 3512 1238 3556 ex
1280 3494 1666 3566 rationibuS,
1707 3509 1870 3574 quas
1899 3495 2140 3557 Doctor
2169 3493 2372 3573 subJ'i·

819 3612 941 3685 cit;
1014 3611 1068 3673 si
1138 3627 1298 3691 ergo
1360 3628 1511 3689 pars
1585 3610 1959 3689 principalis
2015 3613 2374 3690 attingatur

817 3745 1013 3808 aqua,
1058 3731 1296 3792 iterum
1346 3745 1481 3791 non
1530 3727 1732 3790 debet
1777 3727 2088 3804 baptizari
2134 3729 2368 3797 natus;

817 3844 867 3904 si
910 3851 1130 3905 autem
1163 3845 1380 3905 minus
1423 3842 1951 3920 principalis‚sub
1999 3840 2373 3904 conditione

816 3957 1248 4037 baptizandus
1292 3962 1416 4031 est,
1466 3960 1760 4037 quamvis
1806 3960 1998 4020 Sotus
2043 3957 2377 4020 existimet

783 4074 1202 4153 simpliciter
1247 4092 1380 4138 non
1424 4074 1563 4137 fieri
1611 4073 2007 4154 baptismum
2068 4076 2135 4136 in
2190 4080 2374 4153 parte

821 4194 1041 4254 minus
1098 4191 1461 4269 principali,
1530 4197 1655 4253 art.
1728 4194 1788 4254 7.
1837 4194 1980 4254 dist.
2050 4192 2110 4253 3.
2177 4210 2371 4272 quem

820 4310 1124 4388 sequitur
1180 4309 1420 4370 Suarez
1476 4311 1638 4386 disp.
1705 4307 1804 4369 20.
1866 4314 2009 4370 sect.
2058 4310 2118 4370 2.
2167 4310 2376 4371 Minus

819 4425 1196 4504 principalis
1236 4422 1457 4504 quoad
1510 4424 1916 4487 dubietatem
1970 4425 2378 4487 Sacramenti

822 4546 924 4603 est
960 4557 1107 4619 peS,
1139 4541 1245 4603 vel
1286 4557 1539 4613 manus;
1591 4539 1810 4620 quoad
1863 4539 2231 4603 nullitatem
2279 4545 2381 4603 est

821 4674 975 4736 pars
1032 4659 1310 4721 minimae
1368 4658 1771 4738 quantitatis,
1829 4664 1903 4720 ut
1959 4657 2227 4738 digitus,
2274 4657 2380 4719 vel

820 4788 976 4850 pars
1034 4771 1241 4853 digiti,
1300 4772 1672 4836 secundum
1732 4771 2023 4836 eosdem.
2081 4774 2379 4852 Vasquez

824 4890 1200 4968 oppositum
1231 4887 1427 4951 docet
1457 4906 1596 4965 cap.
1639 4891 1700 4950 4.
1753 4905 1874 4965 per
1916 4893 2174 4966 partem
2206 4889 2381 4966 prin-

469 5026 589 5083 pars
628 5010 795 5059 minus
828 5005 1106 5083 cipalem
1151 5003 1456 5085 intelligit
1505 5006 1747 5066 Doctor
1792 5003 1959 5080 illas,
2015 5003 2097 5066 de
2141 5005 2379 5084 quibus

470 5071 764 5140 principalis
774 5110 788 5125 .

825 5122 1142 5186 asseritur
1202 5120 1469 5185 dubium
1551 5121 2079 5196 Sacramentum,
2157 5121 2245 5184 ita
2309 5126 2384 5183 ut

823 5243 1034 5320 repeti
1111 5239 1355 5302 debeat
1426 5240 1549 5302 sub
1636 5237 2054 5310 conditione,
2137 5253 2380 5314 nempe

826 5356 1068 5435 pedem
1127 5359 1229 5418 vel
1299 5371 1591 5427 manum,
1650 5370 1783 5416 non
1838 5358 2062 5415 autem
2123 5357 2380 5430 partem

827 5489 1316 5552 quamcumque
1382 5474 1673 5535 minimae
1749 5469 2155 5548 quantitatis,
2230 5470 2382 5546 quia

780 5588 917 5702 tde
981 5589 1104 5651 hac
1174 5590 1425 5669 antiqui
1489 5605 1652 5682 non*
1695 5587 2080 5667 loquuntur,
2159 5601 2380 5666 neque

2463 1045 2705 1110 dentur
2769 1050 3175 1127 scholastici,
3256 1057 3409 1133 quia
3479 1056 3825 1117 vehemens
3883 1059 3958 1116 est

2463 1161 2736 1226 dubium
2769 1164 2852 1227 de
2897 1169 3117 1231 valore
3167 1171 3571 1233 Sacramenti
3621 1187 3696 1232 ex
3742 1168 3959 1232 defectu

2462 1281 2779 1354 inateriae,
2842 1300 2986 1344 cum
3031 1285 3138 1346 illa
3184 1302 3319 1347 non
3364 1293 3713 1348 censeatur
3790 1303 3962 1347 mora·

2458 1394 2608 1457 liter
2679 1414 2760 1459 ex
2832 1402 3306 1463 consuetudine
3378 1402 3624 1464 ablutio
3716 1402 3963 1463 absoluta

2462 1509 2766 1585 hominis,
2818 1513 2924 1575 vel
2968 1531 3111 1593 quae
3170 1521 3369 1578 totum
3423 1517 3752 1579 hominem
3796 1518 3962 1578 deno-

2463 1630 2691 1700 minet,
2725 1630 2893 1691 sicut
2935 1645 3155 1710 neque
3198 1632 3492 1711 AEthiops
3538 1633 3774 1695 dicitur
3813 1634 3966 1694 albus

2466 1742 2767 1806 absolute
2827 1753 3096 1824 propter
3151 1747 3412 1824 dentes,
3461 1749 3581 1810 sed
3647 1748 3964 1811 secundum

2470 1858 2671 1937 quid;
2718 1862 3079 1925 vehemens
3129 1869 3350 1926 autem
3408 1866 3694 1942 suspicio
3748 1881 3866 1926 non
3898 1865 3969 1925 vi-

2471 1975 2666 2038 detur
2707 1976 3054 2041 admittere
3107 1996 3253 2043 eam
3315 1982 3684 2057 scientiam,
3731 1987 3970 2059 autpro·

2469 2090 2894 2167 habilitatem,
2972 2112 3053 2159 ex
3125 2112 3255 2176 qua
3330 2097 3822 2159 Sacramentum
3879 2097 3968 2156 sub

2474 2208 2850 2271 conditione
2928 2213 3013 2273 sit
3078 2211 3604 2286 ministrandum,
3680 2213 3822 2291 quia
3874 2228 3969 2273 non

2472 2325 2694 2387 tribuit
2749 2327 2814 2386 in
2877 2328 3057 2405 praxi
3111 2324 3622 2390 fundamentum
3692 2326 3974 2390 sufficiens

2472 2443 2875 2521 applicandae
2927 2445 3310 2521 conditioni,
3359 2446 3511 2509 ideo
3557 2446 3850 2509 absolute
3890 2462 3975 2524 ap·

2473 2557 2701 2636 plicari
2733 2557 2956 2621 debet.

2559 2673 2877 2736 Caeterum
2906 2692 3039 2738 non
3067 2676 3543 2754 improbandus
3587 2687 3713 2752 est,
3759 2679 3861 2758 qui
3895 2678 3973 2739 vel

2472 2788 2690 2865 ipsum
2756 2789 3051 2869 digitum,
3097 2794 3152 2854 si
3203 2794 3378 2856 aliud
3429 2810 3561 2858 non
3607 2800 3886 2874 apparet,
3925 2794 3973 2853 in

2478 2903 2766 2967 evidenti
2847 2910 3139 2984 periculo
3244 2916 3312 2972 et
3387 2920 3561 2973 certo
3634 2912 3967 2990 baptizaret,

2480 3037 2629 3083 cum
2673 3021 2796 3083 alia
2841 3025 3170 3086 sententia
3205 3042 3337 3088 non
3382 3027 3463 3089 sit
3502 3029 3773 3090 omnino
3819 3033 3972 3093 certa,

2480 3144 2548 3200 et
2576 3140 3003 3219 sepeliendus
3045 3148 3222 3206 esset
3268 3143 3483 3206 infans
3510 3141 3603 3208 sic
3663 3147 3977 3224 baptizatus

2481 3259 2548 3316 et
2594 3261 2913 3330 mortuuS,
2974 3259 3038 3320 in
3082 3260 3228 3321 loco
3273 3259 3653 3334 benedictO,
3700 3263 3840 3340 quia
3878 3274 3979 3319 non

2483 3369 2673 3433 deest
2725 3372 3233 3436 fundamentum
3289 3392 3373 3436 ex
3431 3379 3743 3453 opinione
3806 3373 3979 3456 gravis

2479 3489 2797 3570 Theologi
2842 3491 2924 3553 ad
2954 3490 3083 3554 hoc
3125 3491 3479 3567 sufficiens;
3519 3498 3631 3573 qui
3675 3504 3876 3558 tamen
3912 3491 3981 3553 sie

2483 3604 2842 3681 baptizaret
2910 3606 3257 3687 sequendo
3346 3610 3514 3671 illam
3610 3611 3980 3678 sententiam,

2481 3726 2711 3799 posset
2781 3726 2972 3785 etiam
3037 3725 3159 3786 sub
3234 3727 3611 3788 conditione
3674 3728 3976 3805 baptizare,

2484 3838 2535 3898 si
2592 3835 2805 3900 infans
2861 3842 3316 3916 supervixerit.
3367 3843 3435 3902 ln
3479 3842 3605 3904 hoc
3666 3851 3871 3905 autem
3904 3855 3982 3900 re·

2484 3951 2703 4013 medio
2737 3952 2819 4014 ad
2849 3956 3132 4016 salutem
3168 3959 3572 4033 necessario,
3622 3958 3817 4037 magis
3860 3971 3978 4033 prae·

2484 4069 2884 4132 sumendum
2957 4077 3060 4132 est
3126 4073 3207 4136 de
3266 4075 3710 4139 misericordia
3757 4078 3882 4144 Dei,
3933 4076 3981 4132 et

2484 4185 2551 4247 in
2615 4203 2772 4250 casu
2828 4192 3235 4252 necessitatis
3294 4189 3717 4254 extendenda
3769 4204 3977 4256 manus,

2489 4322 2686 4383 quam
2742 4307 3077 4380 arctanda,
3124 4309 3238 4371 ubi
3282 4309 3438 4371 nihil
3487 4314 3668 4372 certo
3710 4313 3773 4374 in
3812 4321 3980 4387 oppo-

2487 4421 2679 4483 situm
2734 4421 3039 4484 habetur.

2570 4538 2638 4598 ln
2668 4538 3109 4600 sacramentis
3154 4542 3327 4602 enim
3360 4541 3551 4620 juxta
3594 4542 3841 4621 regulas
3877 4541 3975 4599 Do·

2490 4654 2684 4715 ctoris
2724 4670 2922 4732 supra
2979 4657 3348 4735 assignatas
3404 4659 3468 4719 d.
3518 4660 3577 4721 3.
3638 4676 3698 4736 q.
3741 4660 3798 4720 2.
3851 4673 3901 4716 a.
3934 4655 3976 4713 5·

2489 4765 2693 4832 debet
2734 4772 3045 4850 applicari
3093 4773 3360 4852 quando
3404 4782 3642 4852 potest,
3675 4773 3842 4856 quod
3876 4786 3975 4832 cer·

2492 4888 2628 4947 tum
2662 4891 2791 4958 est;
2827 4889 2882 4949 si
2911 4894 3132 4951 autem
3164 4890 3415 4970 nequit,
3462 4889 3643 4970 quod
3673 4891 3749 4952 ad
3778 4891 3975 4951 certum

2492 5001 2702 5080 magis
2733 5001 3011 5075 accedit,
3061 5008 3123 5065 ei.
3170 5004 3265 5066 sic
3308 5008 3374 5068 in
3429 5007 3836 5079 necessitate,
3874 5014 3977 5081 quae

2489 5115 2859 5178 remedium
2893 5133 3028 5179 non
3076 5119 3299 5194 habet,
3340 5120 3651 5197 applicari
3704 5119 3865 5200 quod
3897 5129 3977 5195 po·

2495 5235 2663 5305 test3
2711 5249 2931 5312 neque
2971 5236 3302 5297 sententia
3344 5237 3643 5316 vasquez
3674 5244 3769 5298 est
3791 5239 3974 5309 impro-

2492 5347 2721 5412 babilis
2764 5352 3167 5429 speculative
3221 5352 3582 5432 loquend0,
3629 5347 3973 5434 quamvisui

2497 5465 2650 5543 dixi,
2685 5470 2751 5531 in
2793 5469 2972 5547 praxi
3020 5467 3189 5532 forte
3244 5488 3373 5534 non
3424 5476 3602 5534 esset
3649 5462 3967 5551 applicanda

2496 5585 2786 5649 conditio
2843 5587 2910 5674 in
2957 5579 3167 5669 ferma
3220 5588 3533 5666 Baptismi
3601 5597 3749 5653 nato
3795 5597 3967 5670 puero·
