4255 6375
515 839 596 889 Ad
623 838 676 891 2.

760 413 879 473 5:32
1938 418 2001 478 Ll
2015 417 2082 478 B.
2115 418 2218 480 tv,
2264 416 2863 481 SENTENTIARUM

771 571 1252 663 baptizandi,
1292 576 1480 667 quia
1543 576 1730 648 illud
1778 579 1899 647 est
1952 574 2325 647 commis-

772 709 952 761 sum
996 691 1442 764 Sacerdoti.

859 806 972 878 Ad
1046 807 1473 894 rationem,
1551 809 1727 881 (lico
1818 809 2022 900 quod
2102 807 2325 879 solus

771 923 1163 995 Sacerdos
1241 928 1505 1016 potest
1552 925 1971 1000 dimittere
2042 946 2328 1019 pecca-

769 1043 879 1122 ta,
931 1060 1072 1130 per
1135 1041 1455 1112 modum
1513 1041 1832 1132 judicis,
1914 1041 2040 1113 vel
2104 1041 2322 1114 arbi-

762 1154 901 1239 tri,
958 1157 1356 1246 quomodo
1419 1158 1957 1233 remittuntur
2019 1159 2099 1229 in
2148 1161 2309 1230 Poe·

758 1271 1148 1358 nitentia;
1214 1274 1343 1345 sed
1405 1273 1481 1346 in
1541 1275 1965 1367 Baptismo
2019 1273 2329 1347 virtute

765 1389 1302 1472 sacramenti,
1375 1391 1674 1482 absque
1742 1390 2117 1472 arbitrio,
2195 1393 2324 1465 vol

754 1507 1059 1596 judicio
1097 1509 1660 1583 remittuntur.

902 1623 1140 1696 Circa
1283 1625 1713 1696 secundum
1852 1623 2323 1717 principale

760 1760 1037 1832 quaero
1081 1738 1295 1812 tria:
1336 1739 1639 1822 Primo,
1699 1760 1798 1812 an
1854 1739 2123 1812 unitas
2176 1741 2320 1811 Ba-

760 1852 1042 1947 ptismi
1098 1856 1566 1928 necessario
1643 1854 2047 1946 requirat.
2112 1858 2319 1949 quod

760 1967 863 2039 ab
924 1989 1083 2040 uno
1149 1970 1529 2044 ministro
1614 1973 2118 2044 conferatur.
2193 1974 2325 2044 Se-

763 2083 1045 2164 cundo,
1146 2105 1245 2156 an
1340 2086 1709 2178 requirat
1789 2087 2031 2159 simul
2142 2109 2320 2159 esse

767 2201 1291 2282 ablutionem,
1367 2209 1448 2278 et
1519 2203 2067 2296 prolationem
2147 2223 2319 2274 ver·

773 2317 1088 2391 borum.

859 2436 1161 2517 Tertio,
1211 2435 1395 2528 quia
1431 2458 1630 2502 umam
1684 2439 1808 2507 est
1865 2433 1937 2505 in
1993 2452 2077 2504 se·
2130 2430 2320 2502 indi-

767 2551 1060 2636 visum,
1114 2551 1342 2625 et'ab
1383 2551 1546 2623 alio
1594 2551 1967 2629 divisum,
2041 2568 2145 2618 an
2202 2566 2320 2617 re-

768 2667 1044 2759 quirat
1143 2666 1691 2761 baptizantem
1769 2687 1947 2737 esse
2013 2663 2316 2735 discre-

764 2789 937 2859 tum
977 2783 1524 2877 personaliter
1575 2805 1620 2855 a
1680 2783 2118 2875 baptizato.

1198 3031 1837 3093 COMMENTARIUS.

845 3257 932 3339 (a)
989 3260 1375 3335 Responde-0,
1457 3275 1600 3319 cam
1684 3264 1995 3334 oporteat,
2042 3263 2169 3321 etc.
2219 3258 2318 3320 Ad

762 3374 1232 3453 baptizandum
1276 3379 1676 3436 concurrunt
1714 3392 1795 3436 ex
1853 3383 2037 3452 parte
2084 3375 2311 3437 minis-

764 3492 841 3552 tri
874 3496 1059 3553 actus
1092 3491 1511 3569 baptismaliS,
1548 3490 1627 3552 ab
1660 3492 1765 3553 illo
1819 3492 2148 3553 exercitus
2194 3509 2315 3570 per

760 3611 1123 3686 potentiam
1199 3609 1507 3671 motivam
1535 3657 1550 3684 ,
1629 3609 1902 3686 prolatio
1983 3607 2313 3670 sensibilis

757 3724 981 3787 formae
999 3742 1120 3803 per
1164 3726 1362 3788 verba
1394 3724 1692 3798 formata,
1729 3730 1794 3786 et
1836 3726 2138 3799 intentio;
2199 3728 2309 3803 qui

413 3869 725 3932 lmpotente÷
758 3843 975 3923 aliquo
1046 3845 1283 3905 horum
1350 3847 1548 3916 caret,
1624 3858 1756 3903 non
1816 3847 2033 3920 potest
2097 3843 2313 3903 minis-

438 3933 502 3981 ad
555 3934 701 3984 mini-

457 3996 688 4048 sterium.

428 4488 711 4540 Conclusio.

758 3966 928 4022 trare
1000 3962 1534 4031 Sacramentum3
1613 3956 2057 4019 excluduntur
2147 3975 2310 4039 ergo

760 4078 872 4156 qui
916 4093 1110 4138 usum
1182 4076 1621 4139 membrorun
1687 4091 1818 4136 non
1904 4075 2175 4148 habent,
2245 4079 2313 4135 et

761 4195 919 4256 muti
992 4198 1058 4255 et
1114 4196 1413 4254 amentes
1470 4208 1591 4254 seu
1660 4192 1926 4253 rationis
1997 4191 2308 4268 impoteS,

757 4317 870 4395 qui
901 4319 1244 4391 nequeunt
1288 4328 1601 4374 exercere
1652 4317 1868 4373 actum
1920 4311 2306 4374 humanum.

759 4431 1104 4494 ConcludIt
1136 4432 1386 4493 nullum
1435 4432 1850 4508 suppositum
1902 4433 2155 4491 naturae
2209 4432 2304 4489 in·

758 4548 1149 4612 tellectualis
1179 4547 1562 4627 simpliciter
1599 4545 1858 4611 excludi
1902 4564 1938 4607 a
1980 4550 2308 4623 potestate

754 4664 1150 4744 baptizandi,
1200 4665 1323 4725 nisi
1355 4680 1436 4725 ex
1492 4663 1710 4742 aliquo
1763 4662 2134 4739 particulari
2184 4660 2309 4721 ho-

753 4798 923 4853 rum,
958 4784 1071 4841 aut
1141 4778 1458 4840 omnium.
1505 4778 1580 4839 Et
1627 4776 1915 4855 loquitur
1973 4774 2058 4837 de
2116 4779 2304 4853 pote-

748 4904 920 4962 state
965 4902 1296 4976 quantum
1325 4894 1408 4957 ad
1456 4896 1891 4973 capacitatem
1949 4891 2306 4955 exercendi

747 5021 931 5077 actus
988 5012 1435 5091 baptismaleS,
1497 5026 1631 5072 non
1696 5016 1916 5073 autem
1974 5008 2057 5071 de
2115 5017 2306 5087 pote-

746 5136 917 5195 state
963 5129 1292 5193 ordinaria
1346 5144 1427 5187 ex
1479 5128 1886 5190 institutione
1941 5124 2155 5188 divina
2204 5141 2304 5187 se·

751 5246 1041 5309 cundum
1073 5250 1339 5325 legem;
1391 5245 1493 5306 vel
1546 5244 1596 5305 si
1641 5245 1811 5305 hanc
1868 5243 2304 5321 comprehen-

750 5362 891 5436 das,
939 5361 1213 5440 intelligi
1247 5360 1469 5432 debet,
1503 5368 1575 5421 ut
1623 5358 1895 5421 includit
1945 5358 2299 5420 auctorita·

754 5484 885 5540 tem
970 5483 1036 5539 et
1122 5477 1598 5539 institutionem
1659 5490 2099 5550 communem,
2165 5489 2304 5551 quae

756 5596 1082 5673 competit
1128 5593 1372 5655 homini
1401 5593 1625 5655 viatori
1659 5597 1932 5666 tantum,
1981 5595 2049 5653 et
2093 5594 2307 5651 extra-

2444 577 2838 640 ordinariam
2874 595 2996 641 seu
3040 580 3425 658 specialem,
3478 595 3617 658 quae
3665 580 3925 641 committi

2442 699 2661 772 potest
2687 696 2941 775 Angelo
2984 697 3157 759 bono
3192 703 3303 757 aut
3352 697 3544 757 malo.
3590 697 3763 757 Ratio
3802 713 3929 773 ρη-

2440 810 2789 871 missorum
2846 827 2926 872 ex
2984 812 3143 872 alias
3204 810 3392 872 dictis
3433 809 3636 872 fusius
3680 811 3923 885 hahetur,

2442 932 2760 1003 quantum
2819 928 2903 989 ad
2961 944 3039 988 ea
3101 943 3253 1007 quae
3300 928 3669 990 necessaria
3698 933 3827 989 sunt
3867 946 3925 989 ex

2443 1051 2625 1118 parte
2682 1044 2954 1105 ministri
3013 1045 3392 1122 respective
3452 1045 3535 1106 ad
3590 1044 3838 1106 formam
3880 1054 3927 1106 et

2441 1161 2782 1222 materiam
2874 1162 3323 1238 Sacramenti;
3417 1163 3637 1242 quoad
3715 1164 3926 1224 intenti·

2442 1291 2661 1350 onem,
2710 1276 2966 1340 dicetur
3012 1286 3229 1356 quaest.
3277 1281 3335 1340 5.
3389 1287 3703 1358 quantum
3746 1277 3817 1339 ad
3848 1295 3923 1338 re·

2439 1392 2616 1470 liqna
2646 1394 2896 1471 patebit
2938 1411 3021 1456 ex
3062 1396 3524 1474 sequentibus,

2519 1507 2612 1588 (b)
2645 1513 2809 1570 Cam
2838 1526 2991 1586 erqo
3029 1528 3157 1573 non
3183 1513 3566 1572 Sacerdotes
3608 1510 3800 1581 multi,
3836 1517 3927 1570 ete.

2441 1622 2785 1683 Doceteos
2831 1623 2943 1701 qui
2987 1639 3119 1685 non
3163 1629 3321 1684 sunt
3349 1624 3741 1686 Sacerdotes
3778 1638 3929 1700 posse

2440 1738 2806 1800 ministrare
2836 1742 3332 1802 Sacramentum
3382 1741 3691 1818 Baptismi
3726 1738 3926 1810 validm

2436 1855 2781 1935 subjungit
2862 1861 3092 1934 postea
3166 1858 3774 1935 interpretationem
3826 1857 3932 1935 ejus

2439 1969 2618 2047 quod
2680 1971 2888 2035 dixit:
2944 1975 3107 2035 Dixi
3173 1979 3389 2034 autem
3433 1974 3829 2049 qenai-aliter,
3866 1972 3936 2032 in·

2438 2086 2601 2162 quit,
2678 2092 3085 2166 suppositam
3174 2097 3429 2151 naturae
3512 2088 3932 2154 imenecmatis,

2439 2207 2564 2263 etc.
2625 2205 2888 2283 supple,
2943 2220 3138 2283 posse
3184 2206 3561 2267 ministrare
3605 2207 3931 2267 Sacramen-

2439 2325 2573 2381 tum
2622 2323 2950 2400 Baptismi,
3014 2340 3255 2401 nempe
3302 2323 3386 2385 de
3447 2326 3855 2386 concessione
3888 2327 3937 2382 et

2433 2444 2758 2515 praecepto
2790 2439 3061 2516 speciali
3093 2443 3247 2501 Dei·
3232 2440 3466 2520 ,quod
3516 2442 3793 2503 ostendit
3836 2442 3931 2519 pri·

2428 2567 2605 2613 mum
2640 2553 2722 2615 de
2767 2556 3020 2635 Angclo
3069 2558 3264 2628 bon0‚
3313 2555 3399 2618 de
3450 2575 3585 2636 quo
3630 2573 3757 2619 non
3797 2563 3933 2618 esset
4022 2597 4069 2640 u

2433 2667 2892 2742 dubitandum,
2924 2670 2977 2732 si
3005 2676 3333 2735 constaret
3364 2674 3585 2751 ipsum
3615 2661 4005 2736 ministrare

2431 2784 2945 2863 Sacramentum,
2993 2792 3145 2869 quia
3218 2789 3375 2852 nihil
3445 2794 3682 2869 ageret
3753 2795 3931 2850 contra
3953 2806 4058 2904 pag*

2429 2904 2864 2965 reverentiam
2914 2908 3029 2967 Dei
3083 2910 3148 2966 et
3195 2907 3627 2979 Sacramenti,
3663 2911 3771 2965 aut
3811 2920 3928 2965 con·

2432 3018 2523 3077 tra
2557 3019 2923 3095 profectum
2949 3021 3311 3082 hominum.
3356 3020 3550 3082 Certa
3595 3038 3753 3100 ergo
3794 3025 3935 3080 esset
3965 2990 4046 3078 rj-

2431 3138 2767 3196 concessio
2816 3136 2927 3197 Dei
2979 3135 3322 3214 specialis:
3377 3141 3560 3213 patet
3608 3132 3819 3214 quoad
3845 3133 3937 3194 alia
3956 3151 4041 3225 ¹³³ss

2429 3250 2811 3326 ministeria,
2913 3260 2986 3316 ut
3076 3254 3576 3318 consecratione
3671 3252 3935 3315 Ecvlesiae

2429 3369 2668 3431 montis
2726 3371 3031 3451 Gargani.
3100 3372 3172 3432 Et
3226 3369 3639 3448 Nicephorus
3698 3370 3983 3431 Calixtus
4014 3361 4048 3444 J

2428 3485 2540 3547 lib.
2597 3488 2685 3548 11.
2719 3488 3002 3548 historiae
3045 3505 3189 3564 cap.
3233 3490 3335 3551 20.
3384 3487 3591 3550 refert
3642 3487 4078 3582 ‚tamphilo-5⁴1}

2430 3604 2643 3667 chium
2691 3610 3147 3668 consecratum
3190 3606 3589 3684 Episcopum
3635 3607 3719 3668 ab
3765 3611 3938 3683 Ange·

2426 3719 2501 3779 lis
2558 3720 2622 3780 in
2676 3718 2960 3794 deserto,
3012 3728 3351 3800 receptum
3400 3720 3606 3784 fuisse
3648 3722 3716 3784 in
3764 3718 3936 3801 gradu

2426 3834 2508 3895 ab
2560 3834 2702 3895 aliis
2745 3836 3086 3914 Episcopi;
3150 3836 3320 3897 sicut
3362 3837 3560 3898 etiam
3615 3837 3734 3898 Dei
3775 3839 3937 3896 virtus

2427 3965 2557 4009 non
2603 3954 2703 4011 est
2758 3950 3014 4029 alligata
3075 3953 3534 4024 SacramentiS,
3593 3953 3684 4013 ita
3746 3964 3930 4029 neque

2426 4066 2732 4127 ministris
2777 4065 3245 4140 determinatis,
3300 4069 3459 4147 quin
3513 4084 3633 4145 per
3685 4069 3837 4129 alios
3873 4081 3935 4126 ex

2422 4183 2690 4261 speciali
2742 4187 3168 4248 concessione
3218 4185 3397 4248 salva
3450 4186 3810 4248 substantia
3856 4186 3938 4245 Sa·

2424 4302 2741 4363 cramenti
2771 4302 3115 4363 ministrari
3146 4305 3421 4379 possint,
3455 4302 3569 4380 qui
3602 4300 3935 4365 secundum

2421 4419 2637 4497 legem
2671 4416 3066 4479 ordinariam
3096 4420 3182 4479 ad
3212 4417 3280 4479 id
3309 4419 3601 4480 muneris
3636 4436 3773 4481 non
3817 4418 3940 4479 sunt

2421 4535 2761 4613 assumpti.

2488 4650 2730 4711 'Ultimo
2763 4647 3033 4710 tandem
3063 4665 3179 4727 pro
3212 4649 3336 4709 hac
3382 4645 3826 4717 conclusione,
3854 4648 3931 4705 est

2420 4765 2838 4827 manifestum
2886 4765 3333 4826 testimonium
3380 4763 3584 4825 sancti
3622 4759 3937 4842 Augustini

2420 4883 2530 4943 lib.
2563 4886 2623 4948 2.
2658 4890 2884 4944 contra
2924 4885 3436 4944 Parmenianum
3465 4900 3601 4958 cap.
3656 4882 3751 4942 15.
3784 4878 3932 4957 obji-

2422 5004 2636 5067 ciebat
2698 5001 3164 5065 Parmenianus
3215 5002 3326 5081 qui
3378 5002 3549 5063 illius
3622 5010 3769 5063 erat
3820 5015 3936 5060 sen·

2418 5122 2656 5194 tentiae,
2702 5126 3001 5197 utsupra
3042 5118 3490 5195 exposuimuS,
3535 5117 3725 5196 quod
3770 5115 3936 5194 injus·

2418 5245 2522 5299 tus
2560 5254 2693 5298 non
2745 5237 3141 5299 ministraret
3184 5236 3401 5298 valide
3447 5238 3933 5296 Sacramentum,

2416 5361 2487 5415 ut
2533 5359 2713 5433 patet
2743 5353 2955 5432 capite
2988 5352 3413 5430 praecedenti,
3465 5366 3713 5429 nempe
3762 5350 3847 5411 14.
3875 5348 3931 5405 st

2416 5473 2575 5548 quid
2629 5487 2782 5547 erqo
2848 5474 3319 5532 Parmenianus
3395 5469 3577 5531 inani
3638 5464 3931 5546 jactantia

2420 5590 2689 5662 exaltat,
2744 5595 2798 5649 et
2856 5589 3010 5649 dicit
3056 5607 3076 5646 .·
3118 5588 3464 5662 Nunquam
3517 5587 3745 5648 dt’vinoe
3801 5582 3931 5657 109ss
