4255 6375
112 1855 178 1904 lib
189 1894 202 1907 .

112 1978 177 2028 iis

112 2080 190 2156 ἐξ.

131 3752 239 3803 ⁴00.

1519 415 1978 480 DlS'I'lNC'I'lO.
2028 415 2129 476 Vl.
3398 411 3517 472 525

1034 806 2188 952 DISTINCTIO
2304 807 2557 946 Vl.

1164 1077 1452 1165 (Texlns
1553 1075 1864 1161 Mayiscri
1939 1075 2501 1161 Sententiarum.)

1939 1397 2147 1457 rum,
2196 1373 2508 1448 scilicet
2549 1393 2835 1446 eorum
2870 1370 3003 1464 qui
3039 1371 3117 1443 in
3156 1370 3486 1443 nomine

604 1465 847 1542 Quibm
897 1466 1091 1529 ‘5⁶0⁰‘
1146 1464 1515 1550 baptizare·
1703 1569 1706 1570 ἢ
1939 1489 2211 1564 Patris
2279 1495 2359 1564 et
2416 1490 2604 1563 Fini
2660 1494 2741 1564 et
2801 1488 3155 1581 Spiritus
3221 1486 3484 1561 saneti

1937 1607 2376 1698 baptizant,
2421 1611 2502 1681 et
2579 1606 2963 1679 Ecclesiae
3006 1604 3482 1685 Catholicae;

359 1724 595 1796 Nunc
631 1722 913 1815 quibus
949 1721 1192 1794 liceat
1222 1718 1666 1813 baptizare,
1694 1720 1826 1792 ad-
1936 1725 2209 1795 tamen
2262 1723 2396 1817 qui
2438 1723 2643 1796 foris
2705 1722 3157 1796 Ecclesiam
3224 1721 3486 1813 bapti-

269 1843 590 1915 damus.
642 1842 756 1914 De
789 1838 939 1912 hoc
967 1839 1329 1912 Isidorus
1361 1837 1506 1921 ait;
1554 1865 1582 1900 ι
1630 1840 1826 1912 Con·
1935 1844 2250 1923 zantur,
2321 1862 2481 1913 non
2552 1845 2881 1914 sumunt
2941 1838 3481 1931 Baptismum‚

270 1960 472 2040 stat,
529 1955 950 2049 Baptisma
1005 1955 1203 2027 solis
1257 1952 1826 2028 Sacerdotibus
1937 1956 2030 2028 ad
2087 1958 2435 2030 salutem
2503 1958 2636 2030 sed
2696 1958 2792 2030 ad
2864 1954 3328 2048 perniciem,
3374 1958 3489 2023 Ιια-

268 2098 459 2150 esse
513 2075 931 2174 traditum,
997 2073 1331 2166 ejusque
1387 2070 1828 2145 ministeri-
1937 2076 2155 2142 homes
2207 2079 2495 2161 sormam
2571 2075 3111 2158 sacramenti,
3176 2077 3488 2143 virtutem

274 2213 419 2266 um
475 2214 619 2266 nec
661 2191 860 2284 ipsis
907 2190 1400 2265 Diaconibus
1480 2188 1826 2280 implere
1940 2206 2161 2260 autem
2201 2199 2343 2282 ejus
2401 2197 2838 2283 abnegantem
2882 2195 2960 2265 et
2999 2193 3171 2266 ideo
3225 2190 3493 2265 Eccle-

267 2312 399 2383 est
451 2309 789 2391 licitum,
856 2307 1155 2399 absque
1229 2306 1630 2399 Episcopo
1699 2304 1831 2382 vel
1945 2308 2067 2379 sia
2155 2329 2294 2380 eos
2380 2329 2539 2381 non
2638 2308 3116 2402 rebaptizat,
3201 2307 3332 2401 qui
3415 2306 3492 2378 in

270 2427 809 2517 Presbytero,
846 2423 1029 2508 nisi,
1075 2422 1200 2495 his
1238 2423 1524 2515 procul
1558 2422 1836 2495 absen-
1945 2426 2269 2500 nomine
2328 2425 2758 2501 Trinitatis
2807 2425 3201 2519 baptizati
3276 2426 3488 2506 sunt,

279 2544 532 2625 tibus,
580 2542 870 2616 ultima
940 2541 1366 2632 languoris
1403 2542 1641 2632 cogat
1692 2559 1820 2611 ne·
1940 2547 2020 2617 et
2089 2543 2264 2635 ipsa
2336 2547 2462 2616 est
2529 2542 2797 2615 forma
2868 2540 3406 2616 sacramenti.
3458 2569 3485 2602 υ

277 2657 911 2750 cessitas3quod
942 2657 1190 2731 etiam
1214 2655 1830 2730 laicisfidelibus
1946 2661 2150 2733 Item
2240 2686 2255 2729 :
2320 2690 2348 2724 α
2398 2660 2937 2753 Rebaptizare
2980 2658 3482 2739 haereticum,
3520 2708 3826 2761 numme

271 2775 822 2871 permittitur.
894 2802 922 2835 »
1010 2775 1212 2844 Item
1283 2792 1381 2844 ex
1458 2773 1828 2847 Concilio
1943 2774 2279 2868 quihaec
2317 2776 2778 2851 sanctitatis
2841 2777 3076 2868 signa
3118 2796 3485 2870 percepe-
3518 2772 3682 2846 EPffit·
3748 2771 3829 2824 ¹2·

655 2891 669 2904 .
890 2890 904 2904 .
1378 2889 1391 2902 .
1996 2889 2009 2902 .
2329 2891 2341 2904 .
3516 2835 3602 2886 lib.
3636 2835 3686 2884 1.
3724 2849 3834 2898 sup·

269 2891 909 2981 Cartha-glnensl
951 2892 1080 2963 IV.
1125 2919 1152 2953 α
1196 2889 1520 2973 Mulier,
1557 2910 1832 2982 quam-
1944 2894 2080 2974 rit,
2130 2912 2456 2964 omnmo
2507 2896 2919 2986 peccatum
2979 2895 3145 2974 cst;
3202 2891 3491 2965 Catho-
3522 2896 3828 3011 &effluam

285 3009 419 3082 vis
465 3010 771 3088 sancta,
833 3006 1252 3098 baptizare
1318 3026 1479 3078 non
1529 3027 1833 3099 praesu·
1947 3005 2186 3080 licum
2226 3031 2451 3097 vero,
2499 3009 3181 3081 immanissimum
3227 3006 3489 3080 scelus
3645 3026 3698 3071 et

277 3128 481 3209 mat,
518 3122 674 3197 nisi
718 3122 1206 3197 necessitate
1262 3125 1628 3215 cogente.
1679 3152 1707 3186 »
1944 3127 2195 3198 est.»
2278 3128 2395 3197 Ex
2438 3124 2565 3198 his
2662 3132 2948 3220 aperte
3038 3124 3488 3218 colligitur,
3548 3098 3814 3260 ”53:33ss

3568 3230 3617 3264 ln
3728 3225 3756 3259 8

1948 3240 2154 3332 quod
2234 3242 2365 3334 qui
2407 3241 2657 3315 etiam
2721 3243 2818 3313 ab
2876 3240 3286 3316 haereticis
3366 3242 3495 3314 ba-

271 3372 356 3437 Si
432 3366 903 3455 rebaptizandi
964 3379 1117 3433 sun!
1186 3366 1273 3433 ab
1349 3366 1683 3432 haretici-s
1727 3367 1836 3431 ba·
1951 3356 2238 3451 ptizati
2299 3362 2511 3439 sunt,
2581 3363 2911 3432 servato
3016 3358 3497 3433 charactere

929 3484 1200 3570 pcizaci.
1951 3472 2286 3557 Christi,
2388 3473 2939 3568 rebaptizandi
3032 3495 3192 3547 non
3283 3479 3494 3556 sunt,

1952 3595 2085 3667 sed
2165 3597 2485 3668 tantum
2587 3592 3114 3686 impositione
3213 3612 3500 3666 manus

370 3719 492 3791 De
559 3713 723 3787 illis
792 3734 1016 3794 vero,
1092 3713 1226 3806 qui
1286 3713 1383 3785 ab
1425 3712 1838 3787 haereticis
1952 3710 2556 3794 reconciliandi,
2660 3715 2748 3784 ut
2843 3710 3239 3803 Spiritum
3319 3730 3501 3782 san-

112 3829 213 3894 ,²¹¹⁸
191 3830 835 3927 baptizantur,
924 3835 1201 3905 utrum
1292 3830 1840 3924 rebaptizandi
1952 3831 2173 3901 ctum
2252 3827 2687 3919 accipiant,
2733 3831 2812 3901 et
2875 3828 2954 3898 in
3015 3827 3338 3918 signum
3380 3827 3500 3900 de-

112 3892 219 3990 eine

116 4001 249 4052 hom.

285 3948 484 4032 sint,
531 3948 785 4040 quaeri
848 3948 1080 4023 solet.
1153 3948 1268 4021 Ad
1320 3948 1525 4041 quod
1578 3948 1839 4021 brevi·
1954 3943 2426 4017 testationis
2494 3943 3105 4017 haereticorum.

112 4080 232 4174 Ψ·
286 4070 423 4140 ter
493 4065 858 4148 dicimus,
931 4065 1117 4158 quia
1186 4065 1662 4158 quicumque
1734 4065 1840 4139 sit
2042 4061 2244 4133 Sunt
2294 4064 2568 4134 tamen
2610 4059 2977 4133 nonnulli
3021 4061 3497 4140 Doctorum,
3534 4078 3850 4127 nommetur

112 4128 245 4302 {1111-
220 4185 429 4302 dqui
473 4183 850 4278 baptizet,
909 4182 976 4254 si
1037 4185 1418 4255 servatur
1484 4183 1753 4256 forma
1795 4203 1841 4255 a
1956 4180 2044 4250 ut
2105 4177 2564 4270 Cypiianus
2613 4183 2694 4252 et
2773 4177 2912 4250 alii
2974 4177 3318 4270 quidam
3366 4197 3503 4279 qul

135 4351 248 4430 2‘03.

3482 4176 3497 4189 .
3585 4138 3816 4192 salsitas,

220 4253 627 4375 dChristo
732 4300 1059 4381 tradita,
1159 4320 1446 4371 verum
1569 4299 1843 4393 Bapti-
1953 4296 2218 4369 dicere
2276 4297 2676 4377 videntur,
2744 4297 2841 4370 ab
2890 4294 3301 4371 haereticis
3343 4315 3502 4366 non

287 4438 562 4491 smum
618 4418 792 4500 dat;
856 4421 935 4491 et
1008 4417 1180 4491 ideo
1250 4417 1385 4511 qui
1430 4417 1659 4489 illum
1722 4439 1845 4489 su·
1958 4434 2196 4507 posse
2283 4415 2493 4488 tradi
2582 4414 3119 4507 Baptismum,
3206 4418 3285 4485 et
3363 4433 3502 4484 eos

288 4536 446 4609 mit
514 4555 674 4606 non
743 4534 970 4607 debet
1044 4533 1562 4629 rebaptizari.
1624 4534 1845 4607 Unde
1955 4551 2135 4604 esse
2214 4531 2854 4626 rebaptizandos,
2921 4551 3103 4604 cum
3169 4529 3502 4602 veniunt

284 4646 547 4729 Beda;
596 4677 624 4712 α
672 4647 855 4722 Sive
913 4646 1348 4721 haereticus
1425 4646 1594 4719 sive
1637 4645 1847 4720 schi-
1956 4648 2050 4719 ad
2113 4648 2593 4733 Ecclesiam,
2656 4649 2790 4742 qui
2859 4649 2958 4721 ab
3009 4647 3171 4719 illis
3230 4646 3503 4719 dicun-

286 4760 689 4837 smaticus
725 4767 896 4838 sive
942 4763 1456 4838 facinorosus
1504 4764 1843 4856 quisque
1958 4766 2095 4837 tur
2173 4765 2600 4858 baptizari.
2696 4767 2841 4839 Sed
2936 4763 3087 4864 hoc
3179 4765 3270 4836 de
3339 4761 3503 4836 illis

285 4878 370 4952 in
436 4881 947 4956 confessione
1021 4890 1324 4956 sanctae
1411 4880 1841 4955 Trinitatis
1954 4901 2245 4953 verum
2305 4886 2452 4965 est,
2509 4883 2642 4973 qui
2683 4883 2925 4954 extra
2966 4881 3319 4953 formam
3365 4881 3507 4950 Ec-

279 4996 669 5091 baptizet‚
732 5020 892 5072 non
978 5000 1197 5075 valet
1259 5000 1418 5082 ille,
1485 4998 1619 5093 qui
1710 4999 1842 5071 ba·
1953 4993 2223 5069 clesiae
2283 4996 2699 5088 baptizare
2765 4999 3293 5090 praesumunt.
3360 4998 3505 5084 Cy-

280 5113 646 5206 ptizatus
744 5120 894 5201 est,
964 5138 1010 5189 a
1086 5117 1319 5190 bonis
1397 5114 1844 5191 Catholicis
1957 5114 2293 5205 prianus
2351 5117 2622 5187 tamen
2686 5113 2792 5185 ibi
2847 5134 2895 5186 a
2963 5112 3314 5186 veritate
3383 5110 3505 5182 de-

280 5231 809 5323 rebaptizari,
858 5253 955 5305 ne
1023 5232 1424 5307 confessio
1487 5237 1567 5307 et
1625 5233 1842 5305 invo-
1953 5229 2225 5303 viasse
2318 5229 2664 5312 videtur,
2762 5230 2895 5322 qui
2987 5230 3103 5302 ait
3179 5229 3270 5301 de
3352 5226 3505 5298 hae-

279 5347 504 5421 catio
553 5347 985 5421 Trinitatis
1040 5350 1414 5423 videatur
1482 5349 1845 5422 annulla-
1958 5347 2217 5421 retico
2303 5373 2316 5416 :
2404 5376 2432 5409 «
2498 5347 2910 5429 Quomodo
2983 5345 3502 5423 sanctificare

280 5465 384 5539 ri.
431 5494 460 5527 ι
501 5466 706 5538 Item
753 5466 1262 5557 Augustinus
1306 5492 1321 5538 :
1374 5497 1401 5532 «
1450 5466 1835 5549 Quamvis
1955 5482 2252 5555 aquam
2287 5468 2581 5557 potest,
2620 5485 2801 5536 cum
2839 5463 3011 5557 ipse
3045 5461 3501 5535 immundus

265 5601 538 5654 ‘unum
599 5581 705 5656 sit
781 5582 1206 5675 Baptisma
1261 5587 1341 5657 et
1411 5581 1835 5655 haeretico·
1955 5583 2105 5661 est,
2178 5581 2256 5652 et
2329 5581 2534 5673 apud
2606 5600 2840 5673 quem
2896 5579 3255 5672 Spiritus
3327 5598 3501 5650 san-

3537 5170 3761 5221 Dubium
3792 5170 3846 5224 3.
