4255 6375
1437 450 1597 515 DlS't
1619 500 1633 514 .
1656 491 1688 514 -.

49 594 240 654 :raquo
303 610 593 667 ornatus
635 601 740 681 ille
771 609 1081 692 supponit
1111 613 1465 697 potentiam
1498 614 1866 682 obedienti-

48 666 180 702 &rma

48 712 215 840 ἓξὲξ
301 712 486 780 alem
521 715 586 781 in
628 718 946 805 subjectO,
991 725 1144 811 quia
1203 730 1516 796 naturalis
1566 751 1693 797 non
1756 733 1865 799 ad·

48 844 251 953 {9213}
303 831 600 897 mittitur
656 836 736 901 ab
810 838 997 923 ipsiS,
1063 842 1191 909 nisi
1260 846 1369 911 ubi
1426 846 1616 913 datur
1669 849 1863 915 etiam

48 919 160 1013 [effi
247 932 270 942 ’
300 962 521 1029 agens
565 950 877 1029 naturale,
925 952 1098 1038 quod
1137 955 1413 1024 educere
1446 972 1657 1046 potest
1688 961 1862 1027 illam

48 1026 197 1080 '¹³⁰¹‘
301 1063 673 1143 potentiam
704 1065 784 1131 ad
836 1078 1094 1148 actum;
1134 1071 1199 1137 in
1242 1073 1515 1162 reliquis
1553 1077 1861 1144 conveni·

298 1187 430 1240 unt
466 1179 677 1263 gratia
744 1194 806 1247 et
871 1182 1229 1268 character,
1304 1188 1370 1253 in
1431 1211 1574 1257 esse
1632 1192 1859 1261 formae

293 1291 672 1377 spiritualis
714 1297 1128 1368 accidentalis
1170 1302 1233 1369 in
1283 1325 1558 1391 genere.

399 1408 584 1475 Unde
640 1411 811 1479 sicut
866 1415 1154 1499 potentia
1225 1418 1682 1488 obedientialis
1738 1423 1856 1489 im·

293 1523 591 1592 mediate
637 1529 981 1617 subjicitur
1025 1537 1149 1598 Deo
1190 1536 1408 1620 agenti
1456 1551 1518 1603 et
1567 1538 1715 1617 soli,
1762 1538 1855 1605 lo-

286 1642 569 1729 quendo
606 1645 685 1711 de
726 1666 799 1712 ea
856 1668 1005 1735 quae
1045 1662 1144 1715 est
1186 1671 1363 1717 mere
1395 1652 1851 1723 obedientialis

289 1757 420 1844 (ut
470 1759 855 1826 excludatur
905 1762 1213 1831 instantia
1264 1766 1342 1832 de
1415 1769 1703 1854 potentia
1755 1770 1848 1834 vi-

288 1875 412 1940 tali
476 1875 541 1942 in
583 1877 812 1943 ordine
852 1879 931 1945 ad
991 1902 1187 1946 suum
1246 1895 1461 1949 actum
1527 1905 1848 1971 superna-

289 1990 608 2073 turalem,
642 2014 767 2081 qua
816 1995 1034 2062 vitalis
1084 2011 1181 2064 est
1226 2012 1289 2064 et
1337 2000 1722 2089 naturalis),
1762 2003 1848 2071 ita

289 2108 595 2193 potentia
642 2109 1093 2179 obedientialis
1138 2113 1216 2180 ad
1248 2114 1690 2183 characterem
1725 2119 1843 2185 soli

48 2214 231 2341 ὲξοξῖζξ
289 2227 432 2288 Deo
477 2224 710 2312 subjici
770 2225 981 2304 debet,
1039 2228 1207 2294 sicut
1264 2243 1326 2295 et
1384 2253 1532 2318 qua}
1589 2243 1689 2298 est
1765 2235 1844 2301 ad

49 2343 204 2451 flentis
285 2341 607 2426 gratiam,
653 2342 802 2429 quia
846 2344 1115 2428 perinde
1161 2346 1496 2413 character
1526 2349 1766 2416 dicitur
1809 2372 1843 2417 a

56 2416 255 2516 gnua-
287 2461 429 2523 Deo
499 2459 767 2546 produci
827 2472 891 2526 et
941 2461 1194 2528 infundi
1254 2464 1423 2531 sicut
1485 2466 1724 2552 gratia,
1788 2468 1840 2534 si

279 2587 669 2660 spectemus
746 2575 1062 2662 principia
1132 2579 1438 2660 revelata,
1525 2593 1599 2648 ut
1673 2584 1841 2650 infra

285 2690 579 2775 patebit;
616 2691 884 2777 perinde
923 2694 1115 2759 etiam
1163 2696 1372 2781 gratia
1421 2697 1659 2765 dicitur
1696 2721 1843 2767 oau-

282 2806 424 2871 sari
489 2827 526 2872 a
588 2808 1048 2890 SacramentiS‚
1109 2810 1278 2877 sicut
1318 2813 1679 2882 character.
1747 2822 1836 2884 Ex

284 2927 547 2991 ratione
585 2936 800 2991 autem
844 2947 972 2992 non
1011 2930 1300 3017 suppetit
1340 2931 1577 3019 aliquis
1623 2932 1839 3001 diver·

281 3064 403 3111 sus
443 3056 510 3110 et
559 3054 751 3109 notus
802 3043 1032 3110 modus
1071 3046 1376 3113 causandi
1439 3060 1829 3139 utrumque3

283 3183 454 3251 ergo
493 3162 731 3229 solutio
772 3161 1078 3249 praedieta
1118 3163 1377 3232 videtur
1426 3167 1695 3234 omnino
1752 3168 1835 3234 li·

286 3281 476 3362 bera,
548 3292 610 3346 et
663 3280 896 3347 merito
959 3299 998 3346 a
1055 3281 1444 3367 quibusdam
1494 3283 1835 3373 discipulis

288 3399 366 3460 D.
429 3397 701 3463 Thomae
757 3415 886 3461 non
955 3397 1310 3482 probantur
1376 3399 1700 3486 principia
1757 3401 1836 3468 ad

283 3531 446 3601 quae
479 3512 847 3578 reducitur.

381 3656 630 3723 Deinde
684 3655 1033 3743 disparitas
1073 3657 1270 3742 petita
1315 3661 1395 3726 ab
1428 3660 1572 3747 ipso
1610 3665 1837 3729 Ferraa

290 3775 526 3854 riensi,
589 3774 798 3862 quoad
856 3795 1196 3841 excessum
1261 3778 1699 3862 perfectionis,
1768 3780 1835 3844 in

293 3890 508 3956 forma
575 3891 735 3956 nihil
805 3890 1173 3971 concludit;
1258 3893 1324 3958 in
1398 3895 1628 3981 primis
1708 3917 1834 3963 non

295 4007 665 4074 admittitur
722 4009 929 4095 gratia
976 4030 1121 4075 esse
1159 4031 1354 4095 supra
1391 4025 1598 4079 totum
1657 4014 1837 4080 ordi-

300 4146 450 4190 nem
503 4137 775 4204 natores,
841 4146 923 4190 ne
980 4124 1240 4212 quidem
1300 4127 1365 4192 in
1420 4150 1664 4215 genere
1701 4131 1836 4197 for-

295 4262 426 4309 mae
455 4241 896 4321 accidentalis,
950 4243 1100 4328 quia
1130 4244 1322 4331 juxta
1370 4246 1686 4334 principia
1717 4269 1830 4314 no·

288 4370 450 4437 stra,
497 4358 708 4444 gloria
737 4369 801 4424 et
839 4369 1020 4424 actus
1059 4363 1572 4445 supernaturalis
1615 4363 1832 4429 fruiti-

281 4475 433 4542 onis
474 4475 541 4541 in
596 4474 802 4562 patria
860 4486 959 4542 est
1003 4475 1351 4561 perfectior
1404 4478 1467 4543 in
1526 4480 1823 4559 entitate‚

281 4606 348 4657 et
388 4591 740 4679 perfectius
797 4589 1135 4678 conjungit
1194 4596 1345 4675 Dec,
1432 4615 1628 4682 quam
1691 4596 1830 4681 ipsa

284 4707 531 4795 gratia.

53 4863 184 4914 Ratio
376 4826 455 4889 Et
493 4823 642 4889 dato
681 4823 873 4888 etiam
926 4824 1227 4909 opposito
1268 4826 1458 4911 juxta
1515 4828 1830 4894 sententi-

48 4942 260 5042 rsggume
287 4956 392 5001 am
433 4934 813 5014 asserentis,
853 4947 915 5000 et
944 4956 1169 5001 eorum
1219 4938 1328 5022 qui
1370 4938 1648 5023 gratiam
1682 4961 1831 5006 esse

48 5053 221 5166 {efflet
288 5053 515 5118 dicunt
556 5051 1105 5138 participationem
1147 5051 1355 5118 divini
1418 5076 1573 5135 esse,
1638 5067 1702 5121 et
1732 5055 1826 5121 di-

230 5156 242 5169 ’
288 5166 540 5252 stingui
600 5187 672 5232 re
700 5187 735 5231 a
773 5166 1108 5246 charitate,
1172 5188 1303 5233 non
1344 5169 1578 5254 probat
1617 5170 1824 5235 inten-

287 5296 453 5362 tum,
489 5284 640 5370 quia
689 5284 875 5348 etiam
926 5304 1074 5369 quae
1114 5283 1444 5350 inferioris
1502 5297 1653 5353 sunt
1683 5307 1827 5372 gra-

284 5399 435 5479 duS,
517 5397 855 5486 aliquando
932 5399 1208 5486 exigunt
1279 5421 1360 5466 ex
1421 5414 1648 5468 natura
1707 5423 1826 5469 sua

281 5512 688 5599 superiorem
759 5533 1047 5594 causam,
1111 5525 1173 5579 et
1241 5516 1507 5582 materia
1585 5517 1816 5602 prima,

284 5650 433 5718 quae
492 5643 594 5699 est
637 5629 1071 5716 imperfectior
1129 5631 1358 5712 forma,
1407 5633 1566 5720 petit
1595 5654 1672 5703 ex
1704 5654 1821 5722 pe-

48 3933 252 4003 sparitns

48 4002 235 4056 agnata

48 4066 252 4107 vernam·

73 4119 186 4169 ralis

48 4178 225 4243 jicilur.

1751 493 2118 565 OUAESTlo
2168 507 2239 568 V.

3394 542 3506 603 149

1982 638 2494 750 ⁰⁰⁶*‘’'³.ratione
2551 685 2815 769 produci
2855 711 2892 757 a
2949 696 3078 760 Deo
3128 699 3291 781 soto,
3353 704 3507 790 quia

1981 747 2077 867 eft
2117 758 2403 869 primm*
2475 796 2807 874 ”biectum
2855 830 2871 885 3
2918 811 3088 897 quod
3149 834 3306 901 ergo
3358 839 3504 905 gra·

1979 866 2089 921 tiae
2173 878 2268 925 stc
2323 880 2670 929 conveniat
2739 926 2756 951 ι
2971 929 2983 940 ,
3459 940 3469 951 ,

1974 970 2156 1056 gitur
2215 996 2296 1041 ex
2359 978 2755 1062 perfectione
2798 925 3235 1083 efjlffgf‘anj'n
3325 937 3504 1068 ⁰⁰¹‚h‘

1976 1085 2127 1167 lam,
2184 1109 2303 1157 nec
2367 1094 2729 1162 absolvitur
2776 1100 3044 1164 omnino
3098 1119 3136 1165 a
3194 1055 3505 1186 stffissfflf
3586 1176 3589 1181 ἱ

1972 1205 2133 1291 quin
2211 1207 2333 1294 ipsi
2392 1210 2546 1278 insit
2600 1235 2714 1300 per
2782 1216 3046 1283 modum
3108 1216 3516 1296 inhaerentiS‚

1972 1332 2035 1386 et
2072 1322 2466 1405 accidentis;
2530 1328 2610 1393 de
2670 1331 2923 1418 reliquo
2983 1332 3147 1397 nihil
3209 1333 3520 1400 convenit

1970 1436 2093 1523 ipsi
2136 1440 2200 1504 in
2242 1462 2510 1528 genere,
2555 1446 2727 1532 quod
2790 1468 2917 1513 non
2959 1448 3310 1514 conveniat
3369 1449 3516 1516 cha-

1968 1556 2200 1621 racteri
2261 1558 2325 1624 in
2367 1560 2614 1627 ratione
2664 1562 2892 1630 sormae
2950 1565 3501 1650 supernaturalis,

2057 1673 2135 1736 Et
2173 1672 2552 1742 confirmari
2589 1688 2802 1765 potest
2845 1701 2959 1766 per
3008 1680 3380 1767 exemplum
3415 1680 3520 1748 da·
3565 1706 3837 1777 confirma-

1966 1798 2130 1870 tum,
2196 1792 2346 1878 quia
2386 1798 2565 1861 actus
2623 1790 3153 1883 supernaturales
3184 1811 3339 1866 sunt
3368 1821 3513 1886 per·
3659 1776 3747 1819 ω’

1964 1904 2291 1992 fectioreS‚
2337 1932 2534 1997 quam
2574 1912 2955 1994 character;
3000 1916 3369 1983 educuntur
3417 1930 3516 1984 ta-

1962 2043 2109 2088 men
2153 2023 2232 2091 de
2271 2028 2556 2112 potentia
2599 2030 2876 2097 naturali
2908 2032 3213 2118 subjecti,
3259 2053 3388 2098 non
3424 2034 3510 2101 ita

1961 2141 2295 2209 character
2326 2168 2341 2225 ;
2378 2166 2536 2232 ergo
2570 2146 2631 2212 id
2667 2168 2793 2212 non
2833 2160 2935 2215 est
2961 2169 3037 2215 ex
3076 2150 3501 2235 perfectione.

2049 2259 2293 2326 Deinde
2343 2260 2651 2329 instantia
2691 2262 2772 2329 de
2811 2264 3187 2332 charactere
3225 2278 3291 2331 et
3346 2267 3509 2332 acti-
3676 2288 3726 2335 9.
3771 2348 3780 2357 ‚

1958 2374 2106 2454 bus,
2180 2376 2383 2443 libero
2442 2377 2733 2459 arbitrio,
2800 2400 2930 2446 non
2970 2391 3070 2446 est
3129 2381 3207 2446 ad
3267 2403 3505 2469 propo·
3566 2346 3814 2484 mesagna

1955 2494 2196 2573 situm;
2259 2493 2478 2581 agitur
2523 2495 2695 2560 enim
2739 2496 2817 2563 de
2856 2498 3284 2584 dispositione
3316 2511 3504 2568 natu·
3532 2471 3853 2601 ³²⁸pss⁵e¹ss¹⁰¹¹⁰

1957 2608 2072 2673 rali
2145 2607 2578 2675 necessitante
2637 2609 2715 2674 ad
2757 2612 3063 2697 gratiam,
3134 2614 3346 2701 qualis
3405 2625 3505 2681 est
3595 2604 3789 2710 ιῗξζξξδ

1955 2725 2289 2790 character
2346 2746 2426 2790 ex
2476 2725 2745 2812 praefata
2802 2729 3147 2811 sententia,
3184 2730 3261 2796 ad
3305 2752 3501 2818 quam
3527 2723 3835 2775 ⁶¹⁰¹⁰di²¹¹¹²

1954 2862 2082 2907 non
2150 2842 2345 2908 habet
2413 2843 2898 2929 proportionem
2949 2845 3294 2933 dispositio
3366 2870 3502 2915 mo-

1946 2958 2102 3023 ralis
2162 2969 2226 3023 et
2265 2958 2731 3044 impetratoria.
2800 2971 2869 3026 ut
2916 2972 3069 3027 sunt
3114 2974 3318 3042 actus,
3382 2966 3496 3053 qui

1948 3088 2407 3161 supponuntur
2437 3075 2514 3141 ad
2540 3076 3104 3163 justificationem,
3142 3080 3294 3167 quia
3326 3082 3507 3168 prior

1949 3193 2292 3280 dispositio
2361 3196 2672 3282 majorem
2756 3197 3235 3265 connexionem
3307 3199 3505 3268 habet

1949 3331 2098 3376 cum
2157 3310 2366 3376 forma
2433 3331 2628 3399 quam
2682 3313 3011 3392 secunda;
3066 3336 3226 3402 ergo
3291 3319 3503 3406 magis

1950 3428 2156 3514 exigit
2214 3427 2479 3515 produci
2520 3450 2556 3495 a
2595 3450 2792 3497 causa
2834 3432 3232 3518 producente
3286 3435 3496 3523 ipsam

1954 3545 2255 3624 formam,
2302 3566 2495 3632 quam
2538 3546 2705 3628 haec,
2764 3567 2974 3636 neque
3021 3566 3501 3640 consequenter

1951 3684 2031 3729 ex
2074 3663 2266 3729 modo
2319 3663 2718 3749 producendi
2779 3667 2974 3753 hujus
3014 3672 3312 3757 sequitur
3361 3694 3502 3740 mo-

1950 3776 2073 3845 dus
2116 3779 2519 3864 producendi
2562 3780 2832 3851 alterius
2881 3806 3027 3853 esse
3065 3786 3264 3854 idem.

2040 3896 2519 3982 Consequentia
2561 3909 2736 3984 patet
2784 3901 2996 3989 quoad
3049 3904 3326 3989 primam
3362 3928 3504 3994 par-

1953 4021 2108 4091 tem,
2156 4011 2307 4099 quia
2353 4013 2524 4098 quod
2586 4015 2859 4101 physice
2893 4021 3327 4108 conjungitur
3356 4044 3504 4091 cum

1950 4132 2182 4216 forma,
2234 4135 2446 4222 magis
2496 4149 2594 4203 est
2643 4138 2767 4224 ipsi
2824 4141 3248 4228 conjunctum
3300 4166 3372 4212 re
3439 4160 3503 4214 et

1949 4260 2353 4344 causalitate,
2399 4283 2594 4349 quam
2653 4263 2825 4350 quod
2868 4267 3198 4335 moraliter
3246 4281 3497 4352 tantum

1946 4385 2395 4471 conjungitur.
2480 4390 2660 4454 Patet
2726 4389 2951 4456 eadem
3027 4398 3498 4480 consequentia

1945 4510 2157 4596 quoad
2206 4512 2590 4591 secundum,
2638 4514 2790 4599 quia
2839 4514 3186 4602 dispositio
3229 4494 3496 4588 natura-

1942 4634 2023 4700 lis
2077 4647 2142 4700 et
2220 4634 2485 4701 moralis
2545 4638 2757 4704 solum
2837 4642 3178 4727 aequivoce
3256 4668 3495 4715 conve-

1942 4757 2153 4836 niunt,
2217 4758 2369 4846 quia
2449 4780 2651 4827 unum
2722 4762 2916 4831 habet
2977 4787 3111 4833 esse
3198 4769 3326 4837 tale
3414 4794 3495 4839 ex

1944 4892 2173 4947 natura
2248 4882 2365 4963 rei,
2450 4896 2514 4950 et
2564 4884 2832 4968 inferre,
2897 4893 3356 4961 necessitando
3413 4897 3492 4963 ad

1940 5005 2240 5088 formam,
2285 5007 2457 5074 aliud
2520 5031 2677 5077 vero
2738 5015 3099 5082 secundum
3158 5021 3481 5088 rationem

1937 5141 2214 5212 tantum,
2261 5144 2324 5199 et
2362 5154 2443 5199 ex
2488 5134 2785 5203 instituto
2830 5139 3026 5207 infert
3057 5141 3366 5212 formam.

2025 5256 2462 5326 Confirmatur
2528 5282 2684 5348 ergo
2742 5265 2907 5331 ratio
2948 5269 3262 5351 Doctoris,
3328 5275 3478 5361 quia
3523 5280 3804 5334 confirma-

1938 5402 2151 5472 neque
2212 5385 2569 5473 Scriptura,
2643 5410 2853 5477 neque
2903 5397 3122 5463 Patres
3183 5399 3483 5469 tribuunt
3546 5352 3790 5459 nmiugari

1936 5506 2131 5573 ullam
2172 5508 2531 5577 efficaciam
2581 5516 3016 5586 Sacramentis
3074 5522 3201 5589 nisi
3254 5545 3478 5613 respe-
3533 5478 3787 5522 ornatum.

1933 5647 2040 5702 ctu
2113 5635 2349 5722 gratiae
2406 5648 2518 5706 aut
2574 5640 2991 5727 characteris,
3057 5646 3122 5714 in
3181 5650 3263 5718 iis
3328 5672 3478 5740 quae
