4255 6375
496 2083 573 2134 19.

379 2147 611 2213 objectio
637 2159 699 2194 ex

742 398 862 464 206

729 561 898 651 apud
929 561 1188 633 Judaeos
1228 562 1352 631 fuit
1388 562 1707 652 professio
1737 563 1905 652 legis
1936 584 2017 632 ex
2051 563 2266 643 Paulo,

727 682 823 747 sic
898 682 1093 747 etiam
1170 681 1541 748 includebat
1619 680 1811 747 fidem
1887 681 2272 767 implicitam

728 796 1007 874 Messiae,
1072 817 1221 883 quae
1290 808 1427 863 tum
1496 797 1726 862 saltem
1787 796 2270 884 requirebatur,

722 914 910 1001 cujus
967 926 1112 979 erat
1171 915 1555 1002 protestatio
1613 935 1735 980 suo
1801 913 2015 993 modo,
2080 924 2144 979 et
2203 913 2270 978 in

723 1030 965 1096 virtute
1003 1031 1148 1118 ejus
1201 1030 1455 1098 delebat
1506 1029 1828 1116 originale
1867 1051 1949 1096 ex
2008 1029 2272 1095 institu-

726 1145 904 1215 tione
949 1145 1195 1225 divina‚
1250 1147 1540 1235 alioquin
1591 1147 1695 1213 lex
1759 1146 1865 1212 illa
1907 1167 2036 1211 non
2078 1144 2270 1211 sussi-

728 1262 974 1328 cienter
1029 1263 1358 1329 ordinaret
1416 1264 1492 1329 ad
1554 1264 1856 1342 salutem,
1933 1263 2123 1348 cujus
2174 1262 2271 1326 in-

726 1380 1092 1465 corporatio
1167 1392 1231 1445 et
1316 1379 1636 1465 professio
1705 1378 1866 1444 nihil
1945 1378 2269 1443 conferret

724 1507 947 1561 contra
1019 1506 1378 1581 peccatum,
1449 1494 1905 1561 deficientibus
1961 1513 2266 1560 necessa-

725 1610 883 1688 riis;
938 1611 1262 1698 quomodo
1331 1610 1621 1697 alioquin
1697 1609 2116 1675 salvabantur
2176 1608 2266 1673 in·

725 1727 960 1808 fanteS,
1024 1727 1265 1815 quibus
1334 1726 1497 1791 nihil
1558 1725 1624 1791 in
1685 1725 1831 1812 lege
1887 1745 2270 1792 succurrere

726 1845 958 1927 potuit,
1027 1856 1264 1931 praeter
1309 1843 1888 1909 Circumcisionem
1949 1853 2012 1908 et
2061 1862 2268 1908 reme·

728 1961 906 2026 dium
949 1960 1115 2047 legis
1156 1972 1430 2026 naturae.

813 2075 1143 2162 Objicinnt
1190 2076 1471 2163 denique
1527 2076 1973 2143 Florentinum
2016 2087 2078 2142 et
2126 2076 2267 2142 Tri-

380 2205 608 2261 morent.
644 2211 697 2258 et
724 2193 1086 2273 dentinum,
1133 2215 1282 2281 quae
1324 2208 1566 2281 negant
1605 2194 1959 2261 efficaciam
2001 2214 2263 2261 omnem

423 2273 661 2325 Trident.

380 2334 664 2401 Responsio
674 2372 687 2385 .

380 2403 544 2452 Error
591 2399 697 2450 Ar-

722 2310 1159 2375 Sacramentis
1217 2310 1453 2377 veteris
1495 2309 1684 2396 legis,
1741 2331 1890 2397 quae
1953 2330 2265 2397 praenun-

380 2475 670 2512 menon-um.
721 2425 966 2493 tiabant
1005 2427 1282 2513 gratiam
1334 2427 1643 2507 suturam,
1689 2438 1752 2493 et
1800 2447 1930 2492 non
1973 2426 2268 2493 confere-

373 3245 607 3309 Lutheri,
635 3248 685 3296 et

411 3308 646 3359 aliorum.

389 4762 641 4829 ObjectiO.

359 5016 664 5084 Responsio.

724 2544 901 2610 bant.
948 2541 1423 2628 Respondetur,
1472 2562 1760 2609 errorem
1795 2541 1999 2608 fuisse
2040 2546 2266 2608 Arme-

724 2676 982 2734 norum,
1020 2658 1433 2722 Sacramenta
1475 2676 1666 2722 novae
1696 2655 1864 2743 legis
1904 2675 2051 2722 esse
2093 2654 2266 2721 nuda

721 2783 972 2839 tantum
1015 2774 1226 2859 signa,
1274 2793 1484 2860 neque
1516 2772 1754 2838 habere
1806 2771 1996 2837 aliam
2039 2770 2264 2838 effica-

718 2889 910 2969 ciam,
975 2909 1167 2976 quam
1237 2890 1608 2955 habuerunt
1659 2890 2075 2954 Sacramenta
2154 2887 2261 2952 illa

716 3007 959 3073 veteris
1004 3006 1194 3092 legia,
1251 3026 1400 3093 quae
1447 3005 1712 3070 fuerunt
1765 3002 1940 3070 nuda
2001 3013 2257 3069 tantum

718 3122 931 3210 signa.

804 3244 988 3308 Hunc
1043 3260 1329 3307 errorem
1390 3238 1749 3324 assumpsit
1817 3238 2143 3304 Lutherus
2194 3249 2259 3303 et

714 3356 1236 3437 Sacramentarii,
1300 3354 1410 3442 qui
1461 3354 1818 3421 efficaciam
1877 3357 2255 3420 Sacramen-

710 3485 925 3540 torum
1004 3471 1403 3559 novaelegis
1466 3468 1787 3537 reducunt
1855 3470 1934 3535 ad
2007 3467 2250 3535 nudam

708 3590 1165 3656 excitationem
1210 3587 1411 3674 signi,
1458 3587 1630 3653 sicut
1688 3589 2102 3653 Sacramenta
2142 3606 2254 3652 ve-

708 3705 865 3771 teris
895 3704 1061 3791 legis
1101 3702 1471 3770 excitabant
1499 3699 1577 3767 ad
1617 3701 2062 3788 cognitionem
2104 3721 2254 3787 gra·

707 3820 817 3887 tiae
862 3820 1121 3899 suturae,
1185 3840 1314 3885 non
1364 3839 1505 3885 eam
1576 3818 1956 3885 causabant.
2011 3821 2251 3884 Contra

709 3933 853 4001 illos
912 3936 1223 4020 processit
1262 3934 1735 4012 Florentinum,
1771 3944 1997 3999 contra
2039 3944 2252 3999 utros-

708 4070 837 4137 que
866 4049 1342 4128 Tridentinum,
1381 4058 1630 4115 retenta
1661 4045 1891 4115 eadem
1920 4047 2248 4114 definitio·

708 4186 790 4230 ne
865 4164 1246 4231 Florentini.
1323 4167 1442 4229 Per
1516 4166 1936 4230 Sacramenta
1998 4162 2242 4229 veteris

706 4279 871 4367 legis
919 4278 1295 4365 intelligunt
1335 4278 1467 4359 illa,
1512 4300 1661 4365 quae
1698 4292 1885 4345 erant
1926 4276 2098 4344 nuda
2152 4278 2247 4343 si-

702 4415 832 4482 gna
908 4406 972 4462 et
999 4395 1260 4482 propria
1291 4395 1483 4483 legis,
1530 4415 1658 4460 non
1699 4406 1915 4461 autem
1949 4395 2246 4461 Circum-

700 4511 1041 4591 cisionem,
1094 4530 1243 4598 quae
1272 4522 1373 4578 est
1419 4531 1501 4577 ex
1535 4511 1857 4592 PatribuS,
1893 4521 1957 4577 et
1998 4531 2125 4577 non
2163 4531 2244 4577 ex

700 4627 867 4714 lege.
975 4628 1185 4707 DiceS‚
1294 4627 1576 4693 Concilia
1680 4627 2245 4713 comprehendunt

700 4743 895 4809 etiam
944 4742 1164 4809 omnia
1212 4743 1630 4808 Sacramenta
1669 4752 1925 4826 recepta
1976 4762 2091 4828 per
2148 4742 2243 4809 le-

699 4879 875 4945 gem,
911 4869 973 4925 et
1004 4880 1120 4945 pro
1152 4870 1443 4945 tempore
1472 4859 1615 4944 ejus
1647 4857 2009 4936 currentia;
2047 4879 2232 4945 ergo,

788 4975 1240 5062 Respondetur
1289 4973 1588 5060 negando
1628 4975 2041 5053 antecedenS,
2092 4996 2241 5041 nam

701 5092 768 5158 in
808 5090 948 5178 ipsa
987 5091 1323 5178 Scriptura
1359 5092 1643 5156 loannis
1683 5094 1747 5157 7.
1787 5104 2067 5177 negatur
2105 5091 2241 5157 Cir-

697 5208 1010 5276 cumcisio
1065 5207 1211 5275 data
1285 5228 1433 5274 esse
1488 5228 1525 5273 a
1566 5209 1816 5294 Moyse,
1877 5219 1941 5274 et
1984 5228 2099 5294 per
2147 5208 2239 5274 le-

696 5345 873 5413 gem,
935 5325 1096 5411 quia
1135 5345 1219 5390 ex
1279 5324 1592 5391 Patribus
1640 5335 1757 5403 esc,
1840 5324 2028 5411 quasi
2081 5344 2240 5391 vero

697 5440 981 5507 Concilia
1018 5441 1163 5507 haec
1206 5440 1446 5507 vellent
1493 5441 1805 5507 damnare
1848 5440 2239 5507 sententiam

698 5577 1076 5648 expressam
1141 5557 1495 5647 Augustini
1527 5569 1592 5624 et
1624 5562 1886 5625 Patrum
1954 5579 2235 5647 sequen·

1916 401 2062 466 [ΑΒ.
2110 400 2210 467 IV.
2257 400 2856 474 SENTEN‘HARUM

2384 564 2573 647 tium,
2628 569 2821 657 atque
2878 573 3071 641 etiam
3121 575 3567 649 definitionem
3621 583 3922 652 Ecclesiae
3967 609 4104 664 uirum

2387 680 2453 747 in
2494 686 2779 771 capitulo
2829 690 3137 779 MajoreS,
3184 695 3264 762 de
3315 698 3668 785 BaptismO,
3732 723 3919 790 quam
4040 694 4089 789 ⁵3

2386 803 2669 887 amplexi
2711 817 2866 872 sunt
2903 808 3101 877 etiam
3149 813 3573 896 Scholastici;
3610 819 3783 905 quod
3831 833 3924 886 est
3968 798 4105 912 pff}

2386 928 2624 1000 praeter
2686 922 2930 1008 stylum
2990 927 3426 997 Conciliorum
3492 953 3800 1001 revocare
3858 936 3919 1000 in
3946 927 4091 1051 Ξωζξ

2384 1028 2682 1116 dubium,
2736 1040 2907 1124 quod
2934 1042 3069 1127 jam
3104 1043 3450 1114 definitum
3491 1059 3612 1129 est,
3658 1063 3769 1116 aut
3816 1051 3920 1117 de·
3964 1050 4104 1105 fimum

2382 1167 2652 1218 cernere
2707 1168 2929 1224 contra
2997 1163 3462 1248 Augustinum,
3526 1168 3910 1255 Gregorium

2381 1274 2445 1329 et
2519 1267 2679 1336 alios
2747 1289 3116 1360 sequentes,
3204 1281 3362 1366 quin
3423 1283 3616 1350 etiam
3695 1296 3913 1352 contra

2377 1399 2794 1452 communem
2829 1390 3411 1462 Scholasticorum.

2469 1500 2851 1585 Loquuntur
2913 1527 3072 1594 ergo
3129 1512 3415 1578 Concilia
3483 1511 3550 1578 in
3627 1514 3801 1601 stylo
3867 1530 3926 1583 et

2379 1614 2613 1681 verbis·
2666 1616 2875 1704 ipsius
2940 1626 3294 1710 Augustini
3346 1627 3413 1693 in
3491 1629 3731 1696 Psalm.
3814 1636 3916 1698 73.

2379 1732 2814 1801 Sacramenta
2873 1742 3032 1805 novi
3089 1742 3489 1810 Testamenti
3525 1744 3692 1812 dam
3749 1748 3923 1812 salu-
3977 1754 4105 1816 Auge

2380 1854 2528 1924 tem,
2575 1847 2810 1935 inquit,
2883 1854 3319 1923 Sacramenta
3396 1862 3639 1927 veteris
3711 1863 3921 1927 Testa·
4025 1833 4104 1866 m

2377 1964 2583 2026 menti
2659 1969 3112 2050 promiserunt
3162 1974 3603 2054 Salvatorem,
3674 1991 3799 2044 etc.
3853 1981 3924 2044 Et

2376 2075 2649 2160 epistola
2703 2085 2813 2148 19.
2884 2084 2963 2150 ad
3023 2087 3530 2175 Hieronymum:
3611 2094 3752 2158 Cur
3798 2114 3926 2158 non

2376 2192 2602 2261 dicam
2641 2213 2977 2287 praecepta
3017 2205 3138 2270 illa
3197 2218 3490 2274 veterum
3530 2210 3925 2275 Sacramen-

2377 2321 2747 2379 menloram
2793 2337 2913 2382 nec
2968 2319 3138 2386 bona
3202 2343 3359 2403 csse,
3421 2325 3580 2411 quia
3639 2327 3736 2392 eis
3795 2347 3922 2392 non

2364 2426 2833 2509 justificantur
2868 2434 3220 2503 homines?
3270 2440 3522 2506 umbra»
3550 2443 3728 2507 enim
3771 2454 3921 2508 sunt

2371 2548 2905 2624 praenuntiantes
2931 2555 3225 2637 qratiam
3266 2577 3395 2642 qua
3431 2560 3911 2644 justificamur.

2376 2659 2536 2724 Item
2587 2663 2701 2728 lib.
2752 2667 2863 2731 19.
2907 2680 3141 2735 contra
3201 2671 3539 2752 Faustum,
3593 2698 3741 2762 cap.
3812 2680 3910 2743 13.

2371 2772 2610 2842 similia
2698 2779 2913 2846 habet.
2994 2783 3176 2851 Sicut
3252 2807 3409 2872 ergo
3499 2792 3914 2877 Augustinus

2374 2886 2514 2973 ipse
2546 2890 2835 2977 loquitur
2865 2896 2945 2961 de
2975 2899 3410 2968 Sacramentis
3446 2906 3684 2972 veteris
3714 2907 3906 2998 legis,

2371 3022 2501 3071 non
2592 3011 3205 3096 comprehendendo
3300 3019 3909 3106 Circumcisionem,

2371 3122 2457 3189 ita
2496 3123 2688 3191 etiam
2723 3126 3175 3198 Tridentinum
3225 3145 3289 3200 et
3336 3136 3790 3208 Florentinum
3840 3142 3915 3209 de

2368 3238 2598 3306 iisdem
2636 3255 2864 3330 agunt,
2910 3267 3058 3333 quae
3107 3265 3292 3316 erant
3351 3255 3610 3340 propria
3667 3260 3914 3325 veteris

2368 3354 2558 3440 legiS,
2602 3357 2891 3445 alioquin
2933 3381 3061 3428 non
3103 3376 3274 3431 recte
3313 3368 3743 3438 circumcisio
3794 3376 3911 3440 sub

2365 3468 2687 3555 ejusmodi
2751 3479 3449 3563 comprehendebatur,
3526 3506 3676 3572 quae
3716 3488 3909 3556 etiam

2363 3584 2509 3652 aliis
2556 3590 2860 3658 valebant
2916 3592 3462 3666 descendentibus
3519 3621 3599 3668 ex
3659 3624 3908 3690 genere

2363 3702 2716 3787 Abraham,
2797 3719 2861 3773 et
2926 3709 3307 3781 viventibus
3385 3727 3570 3784 extra
3645 3719 3902 3807 legem;

2359 3838 2517 3905 ergo
2561 3840 2690 3885 non
2732 3822 2854 3889 fuit
2887 3820 3153 3912 ’propria
3187 3828 3378 3917 legiS,
3436 3853 3554 3899 nec
3584 3835 3681 3901 sic
3729 3858 3899 3904 com-

2361 3935 2672 4019 prehendi
2733 3939 2954 4006 debuit
3012 3944 3134 4010 sub
3188 3948 3469 4033 propriis
3519 3953 3903 4020 Sacramen-

2355 4049 2443 4115 tis
2482 4049 2623 4140 ejus
2680 4056 3040 4122 secundum
3101 4060 3410 4146 rigorem.
3470 4066 3648 4133 Alias
3710 4070 3903 4136 etiam

2357 4167 2784 4236 resolutiones
2829 4173 3126 4259 assignat
3176 4180 3408 4243 Doctor
3466 4180 3662 4263 infra,
3738 4205 3899 4271 quas

2354 4301 2475 4348 suo
2521 4283 2660 4350 loco
2693 4290 3139 4369 tractabimus,
3185 4304 3249 4359 et
3303 4297 3705 4380 respondent
3757 4302 3895 4387 qui·

2355 4399 2629 4467 busdam
2687 4404 2981 4490 objectiS,
3046 4408 3286 4494 quibus
3346 4413 3451 4479 bic
3507 4419 3897 4502 supersede-

2359 4535 2531 4582 mus.

2444 4631 2531 4720 (c)
2593 4635 2724 4701 Sed
2775 4639 3250 4725 inquirendum
3318 4656 3433 4726 est,
3479 4670 3570 4714 an
3636 4672 3723 4716 ex
3764 4654 3904 4719 ’isto

2352 4753 2693 4834 supposito
2720 4766 3055 4840 sequatur,
3099 4772 3221 4825 etc.
3267 4763 3693 4848 suppositum
3738 4789 3900 4854 prae-

2355 4864 2632 4933 missum
2687 4882 2810 4948 est,
2856 4875 3188 4942 conclusio
3248 4881 3565 4961 Doctoris‚
3632 4905 3893 4972 nempe,

2353 4979 2926 5053 Circumcisionem
2991 4989 3196 5058 fuisse
3254 4996 3616 5064 remedium
3673 5012 3900 5069 contra

2353 5108 2687 5179 peccatum
2737 5102 3079 5189 originale.
3137 5110 3407 5190 Quaerit,
3463 5133 3543 5179 an
3597 5115 3752 5183 inde
3799 5139 3896 5185 se·

2351 5223 2590 5297 quatur
2645 5218 3003 5286 contulisse
3063 5227 3432 5293 necessario
3478 5230 3761 5315 gratiam
3817 5254 3897 5300 ex

2349 5330 2691 5398 occasione
2741 5334 3093 5421 opinionis,
3153 5360 3302 5426 quoe
3360 5343 3720 5430 imponitur
3767 5352 3894 5417 Ma·
3976 5377 4105 5429 mmm

2349 5448 2580 5533 gistro,
2645 5473 2881 5540 nempe
2937 5457 3223 5526 valuisse
3279 5473 3505 5531 contra
3554 5481 3887 5551 peccatum
3945 5433 4105 5549 ⁰22¹?th

2348 5564 2690 5652 originale,
2737 5590 2867 5637 non
2907 5582 3123 5642 tamen
3172 5580 3528 5648 contulisse
3564 5585 3882 5670 gratiam;
3918 5555 4105 5629 ΝΜ

4023 4706 4080 4754 ὃ).
