4255 6375
770 426 880 491 164

762 611 896 670 um,
978 592 1362 681 Justificatio
1437 595 1503 661 in
1588 595 1883 683 parvulis
1988 591 2294 660 meritum

758 709 998 776 Christi
1029 723 1092 778 et
1139 715 1654 780 Sacramentum.

449 831 697 945 Instggtia
847 829 925 891 Et
954 826 1008 893 si
1049 827 1190 894 haec
1229 828 1509 915 rejiciaS,
1546 828 1868 916 responde
1897 828 1977 895 ad
2049 829 2295 894 instan-

405 956 733 1031 prodiioiioue
762 940 915 1007 tiam
955 942 1034 1008 de
1081 944 1410 1011 creatione
1452 943 1692 1010 animae
1733 942 2093 1024 rationalis,
2146 943 2299 1031 quia

422 1038 703 1136 ,8ῗᾷᾙῇ
751 1058 870 1124 etsi
920 1059 997 1126 ad
1061 1081 1201 1127 eam
1259 1061 1449 1128 detur
1506 1061 1847 1149 dispositio
1905 1082 1987 1127 ex
2067 1073 2298 1128 natura

749 1174 867 1255 rei,
905 1186 974 1241 ut
1004 1177 1438 1244 communiter
1484 1178 1743 1258 dicitur,
1789 1199 1919 1243 non
1950 1192 2048 1243 est
2078 1188 2295 1243 tamen

747 1289 1088 1377 dispositio
1139 1294 1544 1360 necessitatis
1608 1315 1723 1380 per
1791 1316 1862 1360 se
1927 1315 2008 1360 ex
2063 1305 2295 1359 natura

750 1406 869 1488 rei,
922 1408 1312 1476 secludendo
1379 1408 1991 1475 determinationem
2044 1420 2108 1475 et
2178 1431 2294 1496 pa-

743 1533 917 1589 ctum
995 1544 1209 1591 causae
1269 1525 1521 1612 primae,
1603 1546 1752 1613 quae
1825 1525 2293 1591 determinavit

743 1641 1050 1726 supplere
1078 1641 1252 1708 vires
1294 1656 1565 1719 naturae.
1612 1655 1675 1708 et
1705 1642 2016 1710 assistere
2056 1642 2142 1722 ei,
2182 1642 2292 1708 ubi

742 1754 954 1822 virtus
1002 1758 1144 1844 ejus
1183 1757 1430 1840 deficit,
1501 1758 1793 1847 alioquin
1831 1778 1981 1825 cum
2027 1758 2114 1823 sit
2153 1779 2291 1823 cre-

739 1884 866 1952 ata,
935 1894 1060 1939 non
1121 1888 1467 1962 repugnat,
1513 1875 1856 1962 suppo'sito
1894 1894 2165 1960 corpore
2221 1874 2289 1940 in

737 1991 915 2056 omni
947 1990 1382 2078 dispositione
1430 1992 1715 2078 perfecta
1773 1992 2077 2073 naturali,
2156 2013 2280 2058 non

738 2106 1083 2174 infundere
1130 2108 1439 2187 animam,
1486 2121 1598 2175 aut
1650 2107 1930 2176 infusam
1983 2129 2289 2196 separare

738 2223 879 2289 sine
912 2223 1156 2309 praevia
1193 2225 1610 2310 corruptione
1648 2225 1976 2312 corporis.

497 2354 573 2404 37.
824 2338 1004 2414 Quod
1074 2342 1127 2405 si
1188 2338 1366 2406 dicas
1433 2340 1802 2426 subjectum
1871 2362 2019 2407 esse
2079 2362 2284 2428 capax

738 2454 1000 2533 animae,
1039 2475 1167 2520 non
1199 2456 1421 2536 refert,
1466 2456 1620 2543 quia
1651 2457 1746 2523 sic
1785 2478 1866 2524 ex
1910 2456 2282 2544 Augustino

737 2584 802 2636 et
852 2582 1074 2638 nostro
1107 2576 1401 2653 Doctore,
1466 2573 1683 2639 anima
1726 2585 1946 2639 nostra
1977 2573 2136 2640 dicit
2179 2573 2279 2639 in'-

735 2685 1150 2754 clinationem
1222 2689 1580 2757 naturalem
1621 2689 1700 2756 ad
1756 2697 1999 2758 formas
2061 2710 2282 2777 super-

736 2806 1087 2885 naturales,
1126 2820 1194 2871 ut
1223 2828 1342 2873 suo
1380 2806 1520 2873 loco
1572 2806 1922 2875 videbitur.
1997 2808 2282 2894 Disposi-

734 2918 820 2984 tio
862 2919 1081 3005 itaque
1107 2940 1188 2986 ex
1253 2931 1434 3006 parte
1463 2920 1737 3006 subjecti
1789 2920 1945 2986 dicit
1975 2921 2280 2986 determi-

732 3034 1061 3101 nationem
1099 3036 1243 3122 ejus
1281 3036 1359 3101 ad
1391 3033 1831 3122 recipiendam
1882 3036 2156 3102 formam
2198 3038 2278 3103 ab

730 3162 988 3238 agente,
1026 3154 1178 3241 quia
1208 3151 1484 3220 includit
1523 3152 2091 3241 impedimentum,
2132 3153 2273 3222 ideo

729 3281 943 3337 autem
1012 3269 1250 3335 dicitur
1289 3270 1690 3337 necessitans
1734 3284 2029 3357 respectu
2079 3292 2275 3358 agen·

732 3383 840 3465 tis,
877 3385 981 3453 vel
1011 3387 1165 3472 quia
1202 3406 1407 3472 agens
1448 3406 1528 3452 ex
1589 3386 1796 3451 forma
1853 3406 1971 3453 sua
2030 3401 2131 3455 est
2170 3389 2275 3455 de-

725 3502 1146 3569 terminatum
1178 3503 1256 3568 ad
1304 3503 1625 3570 actionem
1656 3503 1718 3569 in
1753 3505 2050 3592 subjecto
2083 3527 2274 3592 capa-

720 3617 806 3699 ci,
843 3628 906 3683 et
946 3618 1088 3684 sine
1134 3618 1606 3704 impedimento
1666 3620 2014 3707 applicat0‚
2065 3635 2135 3687 ut
2174 3635 2271 3690 est

717 3752 923 3818 agens
956 3733 1246 3800 naturale
1283 3757 1297 3813 ;
1343 3735 1473 3813 vel,
1511 3735 1566 3802 si
1607 3746 1706 3801 est
1766 3735 2071 3818 liberum,
2129 3738 2267 3824 jam

716 3848 1189 3915 determinatur
1229 3871 1304 3917 ex
1335 3851 1787 3938 suppositione
1812 3851 2047 3937 prioris
2083 3866 2269 3920 actus

715 3985 856 4031 suae
906 3965 1283 4046 voluntatis,
1339 3988 1487 4054 quae
1552 3966 1750 4034 infert
1812 3968 2265 4036 necessitatem

417 2844 689 2907 Dispositio

414 2908 662 2979 quomodo

439 2984 651 3019 necesst-

470 3033 614 3081 tansi

715 4091 1079 4158 secundum
1164 4093 1348 4179 quid.
1423 4092 1604 4160 Sicut
1680 4106 1897 4160 autem
1962 4099 2157 4176 Deus,
2196 4109 2267 4163 ut

713 4230 941 4284 auctor
1000 4230 1276 4298 naturae,
1340 4241 1420 4286 ex
1493 4231 1681 4307 pacto
1747 4221 2000 4288 assistit
2047 4223 2265 4288 causis

716 4342 1150 4424 naturalibuS,
1198 4343 1306 4410 ubi
1341 4343 1561 4410 deficit
1622 4364 1847 4412 earum
1926 4345 2134 4413 virtus
2202 4358 2267 4413 et

382 4485 660 4551 Dispositio
714 4468 1026 4555 perfectio
1098 4483 1376 4550 naturae,
1423 4481 1493 4538 ut
1551 4471 1845 4559 procedit
1882 4493 1919 4538 a
1985 4494 2104 4539 suo
2145 4493 2264 4538 au-

389 4551 687 4674 supssr‘iiatu-
716 4606 916 4673 ctore,
970 4615 1119 4681 quae
1157 4595 1366 4682 exigit
1412 4596 1715 4675 formam,
1763 4597 1850 4664 ita
1899 4597 2122 4678 etiam,
2191 4609 2260 4663 ut

472 4676 598 4786 ’ἷξε
717 4732 942 4786 auctor
971 4722 1591 4806 supernaturalium,
1630 4721 1957 4808 disposuit
2003 4722 2264 4789 ordina-

441 4797 613 4850 divina
995 4843 1007 4855 .
1493 4846 1502 4857 .
1750 4845 1762 4858 .
1822 4846 1834 4858 .

396 4863 662 4935 provideo.
718 4856 783 4909 te
840 4842 1051 4908 media
1119 4842 1506 4910 sublevandi
1587 4846 1875 4912 hominis
1916 4846 1995 4912 ad
2062 4868 2255 4914 suum

484 4929 578 4978 ω’
719 4966 941 5049 finem,
987 4967 1226 5055 quibus
1301 4967 1604 5034 similiter
1669 4990 1750 5035 ex
1845 4982 2033 5055 pacto
2090 4970 2261 5037 assi-

711 5092 846 5160 stit.
876 5096 953 5159 Et
985 5093 1154 5161 sicut
1191 5094 1257 5159 in
1291 5094 1395 5159 his
1428 5114 1506 5159 ex
1542 5094 1977 5181 providentiae
2010 5096 2257 5163 divinae

709 5237 885 5284 mera
969 5217 1401 5305 dispositione
1503 5230 1805 5286 servatur
1872 5220 2030 5287 ordo
2125 5221 2252 5306 pri·

703 5342 836 5410 oris
889 5354 949 5410 et
983 5344 1390 5431 posterioriS,
1447 5344 1532 5412 ita
1583 5347 1765 5432 prius
1799 5347 1877 5414 ad
1922 5347 2248 5434 posterius

697 5467 1011 5554 disponit,
1085 5481 1155 5536 ut
1211 5491 1339 5536 non
1404 5473 1748 5560 contingat
1832 5473 1911 5541 de
1962 5473 2252 5561 potentia

693 5595 1024 5665 ordinaria
1137 5597 1291 5685 poni
1389 5599 1610 5688 ipsum
1689 5599 1832 5666 sine
1918 5621 2039 5668 suo
2116 5603 2253 5688 pri-

1911 426 2056 492 LlB.
2089 426 2192 492 lV.
2238 424 2839 495 SENTENTIARUM

2411 592 2533 675 ori,
2570 607 2639 661 ut
2667 593 2944 681 gloriam
2986 594 3130 661 sine
3211 593 3443 661 merito
3504 589 3788 681 propri0,
3854 587 3957 655 vel

2412 704 2683 775 Christi.

2501 827 2623 889 Per
2652 824 2824 911 quod
2856 823 3266 911 explicantur
3305 822 3413 889 illa
3486 821 3690 889 verba
3730 825 3953 890 Docto·
4068 830 4126 880 38-

2412 940 2501 1007 ris
2568 940 2635 1006 in
2676 941 2887 1028 primo
2957 942 3249 1008 membro
3315 942 3514 1028 hujus
3551 941 3950 1028 argumenti,

2412 1054 2531 1126 ubi
2571 1058 2845 1145 loquens
2905 1057 2983 1124 de
3023 1057 3129 1125 illa
3180 1058 3420 1123 virtute
3477 1056 3797 1144 impressa
3869 1057 3953 1123 si-

2410 1194 2543 1261 gno
2574 1173 2868 1241 sensibili
2899 1172 3357 1241 antecedenter
3388 1173 3465 1240 ad
3519 1195 3715 1242 usum
3752 1196 3767 1240 ε
3800 1173 3954 1240 Non
3996 1160 4166 1273 {gffi

2408 1290 2728 1376 sequitur,
2801 1289 3036 1376 inquit,
3099 1290 3291 1375 quasi
3338 1289 3429 1355 ad
3484 1289 3769 1376 aliquid,
3832 1309 3958 1376 per

2406 1404 2581 1491 quod
2605 1416 2823 1491 posset
2870 1404 3009 1471 dici
3040 1416 3357 1491 tanquam
3392 1426 3790 1492 consequens
3820 1427 3951 1471 na-

2409 1518 2722 1587 turaliter
2741 1522 2886 1587 sine
2916 1523 3264 1601 miraeum,
3312 1535 3437 1589 etc.
3495 1522 3561 1609 ly
3610 1520 3955 1588 naturali·

2408 1648 2507 1704 ter
2573 1638 2985 1726 intelligitur,
3053 1660 3181 1705 non
3245 1640 3430 1726 quasi
3480 1639 3805 1706 connexio
3876 1637 3957 1705 sit

2405 1775 2485 1819 ex
2557 1769 2786 1820 natura
2847 1755 3202 1821 formarum
3276 1754 3652 1835 intrinseca,
3740 1752 3955 1842 qualis

2404 1880 2501 1935 est
2541 1870 2712 1936 inter
2752 1870 3023 1937 formam
3074 1871 3249 1959 ignis
3308 1883 3372 1940 et
3413 1871 3678 1949 caloris,
3732 1870 3848 1937 sed
3890 1882 3955 1935 ut

2404 1985 2676 2053 includit
2714 1987 3215 2075 dispositionem
3258 2010 3479 2057 causoe
3517 1989 3945 2069 extrinsecae,

2401 2116 2466 2169 et
2530 2104 2824 2170 ordinem
2896 2105 3090 2172 medii
3148 2106 3227 2173 ad
3286 2106 3509 2186 finem,
3550 2118 3621 2172 ut
3652 2105 3843 2171 facile
3872 2126 3951 2170 ex
3977 2110 4166 2222 διεταξ-

2400 2220 2829 2308 responsione
2894 2221 2971 2288 ad
3038 2223 3470 2310 quaestionem
3525 2221 3942 2309 intelligitur,
4015 2244 4140 2306 ‘es

2401 2335 2509 2402 ubi
2539 2336 2635 2402 sic
2673 2336 2830 2404 dicit
2868 2338 3192 2406 actionem
3224 2338 3764 2407 sacramentalem
3798 2359 3942 2405 esse
3982 2299 4166 2362 mm

2399 2452 2894 2539 dispositionem
2939 2454 3220 2541 priorem
3314 2455 3394 2522 ad
3436 2454 3937 2543 productionem

2396 2569 2651 2655 graliae.
2713 2572 2981 2645 Quando
3039 2584 3255 2639 autem
3323 2583 3519 2659 negat
3589 2571 3748 2638 alibi
3789 2592 3943 2638 cau-

2395 2704 2534 2749 sam
2621 2687 2980 2753 naturalem
3051 2687 3378 2774 attingere
3430 2687 3934 2775 dispositionem

2394 2799 2470 2865 ad
2504 2800 2811 2886 gratiam,
2854 2814 2966 2868 aut
2996 2803 3383 2890 simpliciter
3412 2803 3939 2891 supernaturale,

2395 2915 2698 3004 intelligit
2722 2919 2801 2985 de
2821 2918 3252 3006 dispositione
3278 2921 3475 3007 priori
3514 2921 3707 2987 modo
3728 2943 3809 2988 ex
3838 2941 3948 2987 na-

2393 3043 2537 3098 tura
2571 3034 2953 3115 formarum,
2989 3056 3346 3123 earumque
3389 3038 3807 3105 connexione
3847 3059 3943 3105 se·

2390 3148 2678 3217 cundum
2712 3151 3111 3239 exigentiam
3154 3152 3522 3240 physicam.

4058 3277 4098 3305 ’ὓ

2480 3283 2575 3349 Ad
2623 3286 3029 3371 propositum
3083 3287 3302 3375 itaque
3340 3289 3657 3375 supponit
3707 3293 3941 3356 Doctor
3980 3297 4157 3390 3324,

2388 3421 2535 3467 esse
2584 3400 3078 3484 inconveniens,
3135 3403 3191 3470 si
3248 3403 3462 3471 virtus
3513 3405 3621 3472 illa
3669 3406 3938 3493 physica
3997 3411 4149 3510 dg&

2387 3530 2452 3584 et
2488 3518 2721 3599 activa,
2759 3519 3212 3586 infunderetur
3244 3521 3436 3608 signo
3477 3523 3779 3590 sensibili
3819 3544 3935 3589 an·
4000 3538 4150 3636 Ἥξει·

2385 3643 2448 3699 te
2478 3637 2670 3700 usum
2720 3636 2888 3723 ejus,
2934 3635 3086 3721 quia
3137 3658 3368 3724 nempe
3407 3637 3752 3723 productio
3792 3640 3934 3725 ejus

2384 3761 2556 3815 esset
2595 3750 3009 3832 miraculosa,
3063 3764 3127 3818 et
3168 3767 3405 3838 praeter
3435 3775 3702 3820 cursum
3755 3754 3932 3820 ordi·

2386 3864 2639 3930 narium
2670 3865 2916 3933 divinas
2950 3867 3403 3954 providentiae,
3440 3871 3592 3956 quia
3623 3883 3803 3938 esset
3826 3892 3936 3957 per

2380 3981 2701 4049 actionem
2741 3982 3058 4063 divinam,
3095 3995 3159 4052 et
3184 4006 3311 4051 non
3343 4007 3460 4072 per
3489 3985 3777 4075 aliquam
3805 3987 3933 4055 dis·

2382 4097 2772 4184 positionem
2807 4094 3183 4187 perpetuam
3222 4100 3365 4167 sive
3406 4100 3734 4169 firmatam
3781 4124 3933 4171 cum

2379 4207 2687 4289 Ecclesia,
2733 4210 2904 4296 quod
2945 4210 3417 4278 inconveniens
3450 4224 3575 4292 est,
3612 4213 3768 4302 quia
3818 4215 3930 4281 mi·
3961 4215 4154 4328 &2²3

2381 4323 2721 4391 nisterium
2781 4329 3350 4395 Sacramentorum
3401 4341 3652 4415 spectat
3704 4331 3787 4398 ad
3822 4334 3929 4398 Ec·
4018 4353 4147 4450 fiam

2378 4439 2667 4507 clesiam.
2728 4442 2909 4510 Unde
2958 4443 3105 4511 sine
3156 4445 3520 4513 intentione
3571 4448 3740 4532 ejuS,
3786 4469 3931 4536 quae
3991 4420 4019 4452 a

2378 4558 2671 4625 salvatur
2710 4560 2774 4625 in
2810 4560 3132 4640 ministr0,
3181 4561 3339 4627 nihil
3365 4561 3469 4642 iit,
3512 4577 3582 4629 ut
3622 4563 3791 4631 fides
3822 4565 3926 4631 do·

2377 4685 2501 4754 cet,
2574 4676 3054 4761 quantumlibet
3119 4677 3383 4764 signum
3460 4682 3930 4748 sacramentale

2376 4789 2587 4875 quoad
2630 4791 2904 4857 formam
2955 4803 3019 4857 et
3060 4793 3395 4859 materiam
3439 4794 3825 4881 perficiatur
3870 4809 3929 4863 et

2376 4904 2759 4991 applicetur,
2798 4907 2968 4993 quod
3016 4908 3255 4975 falsum
3286 4922 3485 4990 esset,
3521 4911 3577 4977 si
3630 4911 3695 4977 in
3737 4913 3925 5000 signo

2375 5021 2669 5086 sensibili
2701 5021 3163 5089 antecedenter
3190 5024 3268 5090 ad
3306 5045 3497 5091 usum
3531 5027 3677 5113 ejus
3713 5028 3919 5094 infun·

2374 5134 2637 5202 deretur
2669 5135 2905 5218 virtus,
2950 5138 3101 5224 quia
3142 5158 3337 5204 causa
3367 5138 3606 5206 efficax
3636 5141 3921 5227 applica·

2377 5262 2438 5317 ta
2487 5251 2782 5338 subjecto
2839 5252 3081 5338 capaci,
3148 5265 3212 5319 et
3270 5254 3414 5320 sine
3454 5253 3922 5341 impedimento

2374 5378 2597 5432 causat
2627 5389 2819 5433 suum
2861 5367 3191 5435 effectum.
3230 5370 3506 5436 Intentio
3541 5383 3762 5439 autem
3814 5376 3919 5439 Ec·
3973 5368 4144 5486 3ξὲξὲ

2371 5482 2588 5550 clesiae
2635 5505 2749 5550 seu
2806 5483 3115 5566 ministri,
3164 5507 3289 5552 non
3329 5487 3654 5554 antecedit
3696 5510 3907 5567 usum,
4140 5501 4143 5504 ’

4006 5507 4110 5548 usum

2370 5600 2482 5667 sed
2512 5600 2877 5688 concipitur
2908 5599 3102 5667 simul
3134 5622 3281 5668 cum
3324 5623 3468 5683 usu,
3505 5615 3572 5670 et
3602 5605 3909 5694 exprimi·
3948 5565 4141 5675 snam
