4255 6375
580 529 833 595 ministro,
880 534 1238 626 suscepit
1304 540 1544 609 extra
1612 538 2087 620 Ecclesiam,
2147 544 2234 613 ut
2276 540 2415 613 fiat
2527 555 2733 627 zatus,
2769 560 2832 613 et
2882 547 2945 612 in
2980 550 3401 634 possessione
3431 571 3566 618 suae
3599 553 3775 638 famae,
3808 578 3934 642 quan·

554 593 808 659 quomodo

865 371 982 436 514

515 662 785 727 excusetur
809 672 840 706 a
872 648 1314 742 discipulus
1366 653 1886 746 baptizantis.

530 725 838 784 cooperatio-

556 798 622 832 ne
649 781 788 832 mali.

619 3312 700 3365 10.

525 3950 534 3961 .
572 3913 748 3964 Prima

516 3976 786 4028 conclusio.

522 4464 779 4517 Possessio

495 4528 641 4577 iamae
687 4530 811 4593 quid

545 4593 730 4644 efficiat
741 4596 759 4644 1

511 5112 776 5168 Peccatori

545 5181 741 5231 occulto

566 5242 718 5293 debet

484 5302 553 5353 mi
563 5306 726 5356 nistra
733 5308 780 5358 ri

495 5364 799 5420 Sacramen-

586 5436 695 5480 tum

517 5494 716 5558 publice
727 5535 740 5548 .

947 767 1062 839 Ad
1104 770 1559 844 secundum.
1604 771 1781 844 dico
1835 772 2039 863 quod
2077 772 2235 854 ille,
2275 773 2409 864 qui

866 883 1066 976 petit
1118 884 1628 978 Baptismum
1664 908 1708 959 a
1745 889 1958 960 malo
2033 889 2408 962 Sacerdo-

857 1005 963 1081 te,
998 1021 1160 1074 non
1209 1008 1707 1095 cooperatur
1765 1004 1884 1077 illi
1941 1005 2245 1079 directe
2313 1008 2406 1079 ad

863 1122 1285 1210 peccatum
1358 1119 1748 1202 1nortale;
1797 1120 2001 1212 petit
2057 1119 2274 1193 enim
2307 1122 2405 1194 ab

855 1255 951 1306 eo
1004 1239 1277 1308 actum
1335 1233 1716 1318 debitum,
1795 1239 1872 1308 et
1916 1236 1996 1307 in
2059 1235 2211 1310 hoe
2244 1257 2405 1308 non

853 1348 1273 1442 delinquit,
1322 1357 1508 1443 quia
1541 1351 1841 1424 nullius
1885 1351 2204 1426 malitia
2272 1373 2404 1425 ex·

856 1475 1091 1545 cusat
1131 1490 1314 1542 eum
1348 1492 1392 1542 a
1436 1470 1815 1544 solvendo
1850 1472 2400 1565 debitum,quo

853 1586 1183 1656 tenetur
1215 1585 1485 1658 alteri.
1538 1585 1684 1658 Ille
1728 1586 1977 1659 etiam
2016 1590 2246 1661 actus
2284 1608 2402 1680 pe-

857 1701 1057 1775 titus
1102 1708 1375 1794 posset
1421 1703 1628 1777 solvi
1690 1704 1859 1777 sine
1921 1708 2280 1797 peccato,
2334 1705 2399 1777 si

852 1819 1419 1912 baptizaturus
1481 1825 2085 1897 contereretur.
2184 1824 2402 1898 Unde

857 1942 1246 2029 quantum
1277 1945 1401 2011 est
1461 1958 1559 2010 ex
1601 1942 1784 2011 actu
1844 1940 2223 2032 petentiS,
2273 1961 2401 2033 pe—

854 2057 1030 2126 tens
1079 2056 1338 2146 magis
1381 2057 1822 2130 necessitat
1879 2058 2400 2130 Sacerdotem

854 2171 951 2242 ad
1019 2174 1582 2264 poenitendtun,
1654 2195 1895 2266 quarn
1963 2175 2056 2245 ad
2127 2178 2399 2246 actum

855 2289 1262 2378 peccandi.
1311 2291 1388 2363 Si
1425 2295 1698 2363 autem
1735 2291 1864 2364 ille
1929 2311 2087 2363 non
2157 2291 2400 2384 poeni-

852 2409 1044 2490 teat,
1084 2407 1286 2480 nihil
1332 2408 1887 2502 imputandum
1934 2413 2059 2483 est
2109 2409 2207 2490 ei,
2266 2408 2397 2500 qui

855 2524 1055 2614 petit
1088 2524 1314 2597 illum
1404 2532 1700 2610 actum,
1778 2528 1966 2619 quia
2040 2546 2200 2596 non
2281 2526 2396 2597 in-

848 2645 1237 2729 quantum
1306 2645 1428 2714 est
1513 2648 1927 2734 peccatum
1990 2640 2217 2734 petit,
2266 2642 2396 2713 sed

847 2751 1331 2846 inquantum
1364 2757 1718 2831 debitum
1752 2763 1901 2832 est.

1288 3045 1943 3111 COMMENTARlUS.

934 3319 1021 3408 (a)
1059 3321 1391 3395 Quantum
1431 3331 1649 3385 autem
1683 3320 1773 3386 ad
1800 3320 2159 3386 secundum
2193 3341 2389 3386 mem-

842 3437 1050 3516 brum,
1126 3449 1255 3503 etc.
1303 3440 1432 3503 Hoc
1471 3435 1759 3504 secundo
1794 3436 2065 3502 articulo
2107 3436 2389 3523 explicat

843 3558 1097 3633 Doctor‚
1143 3553 1465 3640 quomodo
1533 3552 1680 3640 quis
1738 3552 1969 3619 debeat
2026 3574 2097 3619 se
2156 3576 2390 3642 gerere

837 3670 1007 3736 circa
1049 3669 1420 3736 ministrum
1480 3669 1873 3755 improbum,
1954 3669 2067 3736 sed
2148 3671 2385 3738 tolera-

841 3798 1003 3865 tum,
1061 3808 1178 3854 nec
1245 3787 1592 3874 praecisum
1661 3786 1740 3852 ab
1793 3787 2100 3853 Ecclesia.
2168 3788 2381 3855 Prima

841 3906 1172 3973 conclusio
1203 3916 1342 3972 est:
1388 3905 1441 3971 si
1491 3905 1639 3971 talis
1681 3925 1809 3970 non
1852 3905 1938 3971 sit
1968 3905 2220 3972 notorie
2251 3928 2383 3973 ma·

836 4021 964 4105 luS,
1002 4023 1112 4089 sed
1163 4023 1482 4101 occultus,
1539 4044 1666 4087 non
1720 4023 1931 4088 solum
1988 4034 2220 4109 potest,
2270 4025 2381 4092 sed

833 4141 1026 4207 etiam
1060 4150 1317 4205 tenetur
1362 4139 1442 4205 ab
1483 4161 1558 4205 eo
1599 4150 1820 4226 petere
1859 4141 2376 4223 Sacramentum,

834 4258 983 4345 quia
1027 4268 1289 4343 propter
1340 4267 1672 4342 peccatum
1720 4255 2045 4322 occultum
2108 4276 2239 4322 non
2270 4259 2378 4325 de-

837 4373 942 4440 bet
979 4374 1125 4460 quis
1169 4373 1375 4439 vitare
1413 4372 1478 4438 in
1520 4373 1771 4438 actibus
1831 4373 2101 4439 notoriis
2164 4374 2378 4461 proxi·

839 4510 1043 4555 mum.
1108 4492 1182 4555 Et
1248 4487 1697 4566 confirmatur,
1753 4489 1904 4575 quia
1946 4489 2107 4555 alter
2167 4492 2374 4557 estin

838 4605 1251 4691 possessione
1318 4626 1457 4670 suae
1532 4605 1744 4682 famae,
1800 4626 1924 4692 qua
1993 4627 2121 4671 non
2169 4620 2377 4693 potest

839 4724 1081 4810 privari
1144 4723 1347 4809 juste,
1412 4735 1561 4788 ante
1637 4725 2029 4790 sententiam
2101 4724 2370 4811 judicis,

835 4841 940 4908 vel
997 4839 1202 4907 donec
1266 4839 1696 4907 convincatur
1765 4840 2148 4907 notorietate
2225 4842 2371 4909 facti

828 4954 931 5021 vel
976 4954 1147 5040 juris
1190 4974 1302 5039 per
1343 4972 1746 5038 processum.

920 5074 995 5136 Et
1033 5070 1154 5135 hac
1192 5069 1442 5135 ratione
1472 5066 1661 5133 debet
1694 5068 2004 5135 Sacerdos
2048 5068 2370 5136 ministra-

830 5208 899 5253 re
942 5189 1355 5251 Sacramenta
1428 5182 1683 5270 publice
1750 5183 1989 5269 petenti
2050 5186 2367 5271 peccatori

830 5303 1106 5381 occulte,
1153 5314 1223 5366 ut
1291 5302 1456 5366 infra
1499 5299 1774 5380 dicetur,
1832 5302 1901 5364 in
1966 5304 2250 5367 materia
2290 5303 2371 5367 de

828 5419 1289 5498 Eucharisciae,
1358 5416 1509 5503 quia
1561 5437 1687 5481 non
1731 5415 1951 5481 amisit
1998 5415 2109 5501 jus
2140 5430 2361 5503 peten-

825 5534 887 5602 di
947 5534 1502 5614 communionem,
1560 5555 1709 5599 cum
1743 5533 1829 5598 sit
1860 5531 2120 5599 adultus
2155 5534 2364 5621 bapti-

2470 5427 2581 5513 jus
2632 5428 2696 5494 in
2753 5452 2822 5496 re
2862 5431 3037 5500 licita
3078 5451 3140 5502 et
3181 5454 3427 5510 sancta.
3477 5444 3598 5511 Sed
3636 5446 3740 5510 hoc
3770 5439 3925 5508 falsum

2474 5555 2575 5609 est
2641 5545 2707 5611 in
2782 5569 3091 5637 expresso
3148 5554 3286 5640 jam
3358 5578 3541 5644 casu,
3579 5560 3715 5650 quia
3774 5567 3921 5643 petffls

2032 377 2171 443 121ss.
2219 380 2317 442 lv,
2365 381 2961 448 SENTENTIARUM

2522 672 2663 727 tum
2712 663 2794 728 ad
2834 664 3162 749 publicam
3204 667 3720 751 aestimationem
3762 673 3842 739 sed
3869 696 3936 760 pe-

2519 775 2707 844 rinde
2736 782 2941 845 currit
2972 782 3199 849 eadem
3233 784 3405 850 ratio
3428 784 3494 850 in
3526 789 3819 872 proposito,
3844 792 3935 876 quia

2522 890 2819 959 minister
2898 895 3065 963 male
3144 899 3531 966 ministrans
3575 904 3934 971 Sacramentum

2520 1024 2648 1070 non
2687 1009 2895 1095 magis
2938 1024 3179 1096 peccat,
3245 1034 3446 1100 quam
3516 1017 3796 1103 recipiens
3838 1021 3937 1086 male

2516 1119 2898 1208 disposituS,
2962 1126 3094 1194 imo
3124 1149 3207 1193 ex
3258 1129 3582 1217 frequenti
3620 1133 3936 1219 opinionehit·

2517 1238 2727 1322 magis
2786 1254 3025 1327 peccat,
3091 1245 3245 1330 quia
3314 1247 3531 1331 privat
3572 1250 3935 1318 Sacramentum

2515 1371 2633 1416 suo
2689 1353 2963 1438 effectu;
3029 1372 3092 1424 et
3133 1360 3304 1426 sicut
3358 1363 3422 1427 in
3467 1364 3705 1449 publica
3750 1368 3938 1431 aestima·

2514 1466 2690 1533 tione
2739 1480 2966 1553 petens
3008 1472 3201 1540 habet
3243 1475 3358 1561 jus
3407 1477 3487 1543 ad
3537 1479 3937 1554 Sacramentum,

2515 1579 2600 1646 ita
2653 1584 2844 1650 etiam
2901 1590 3215 1657 Sacerdos
3275 1594 3354 1659 ad
3409 1596 3805 1664 ministerium
3832 1601 3936 1684 ejuS,

2513 1701 2823 1784 quamdiu
2862 1724 2990 1771 non
3039 1721 3138 1773 est
3171 1709 3549 1779 diffamatus
3581 1714 3653 1780 de
3685 1716 3943 1780 crimineet

2514 1814 2924 1900 impotentia.

2602 1931 2814 2016 Dices,
2884 1938 3112 2005 saltem
3173 1953 3433 2009 tenetur
3503 1944 3567 2011 in
3620 1946 3828 2012 occulto
3861 1967 3939 2011 non
3978 1967 3995 1994 ··

2511 2059 2730 2130 petere
2769 2053 2850 2115 ab
2892 2074 2967 2118 eo
3001 2058 3518 2127 Sacramentum.
3582 2063 3940 2149 Respondetur.
3977 2044 3995 2076 ἓ

2510 2166 2826 2255 quidquid
2902 2171 2988 2236 sit
3046 2171 3127 2238 de
3196 2175 3341 2240 aliis
3394 2178 3815 2256 Sacramentis,
3852 2198 3944 2264 quae

2507 2285 2759 2371 deJure
2801 2308 2926 2352 non
2978 2289 3254 2375 exigunt
3304 2294 3762 2361 solemnitatem
3812 2294 3945 2379 publi·

2507 2422 2648 2467 cam
2696 2404 2760 2469 in
2824 2404 3192 2472 ministerio
3232 2410 3513 2495 privato,
3560 2413 3817 2500 negando
3850 2433 3944 2478 con·

2507 2520 2895 2604 sequentian
2963 2523 3177 2607 quoad
3216 2526 3643 2610 Baptismum‚
3703 2529 3941 2615 quiden«

2503 2633 2859 2702 ministrari
2892 2658 3043 2704 cum
3076 2640 3520 2719 solemnitate,
3558 2657 3619 2710 et
3656 2645 3860 2711 seclusa
3882 2665 3943 2708 ne-

2504 2750 2827 2817 cessitate.
2875 2754 3159 2834 Accedit,
3199 2769 3263 2822 et
3300 2779 3384 2824 ex
3422 2760 3640 2827 officio
3685 2762 3742 2826 in
3781 2761 3942 2826 incum·
3984 2835 3995 2858 Ἰ

2505 2865 2658 2931 bere
2698 2870 3011 2950 Parocho,
3065 2872 3209 2939 sine
3256 2875 3451 2962 cujus
3511 2878 3753 2944 lieentia
3799 2845 4015 2962 nequitia

2502 2978 2670 3047 alius
2734 2983 2919 3050 illum
3008 2988 3405 3069 ministrare,
3469 3014 3546 3059 ac
3593 2994 3825 3079 proinde
3865 3013 3942 3056 non

2504 3096 2654 3163 licet
2709 3100 2788 3166 ad
2840 3102 3043 3169 alium
3113 3126 3479 3192 recurrere,
3539 3112 3616 3177 ad
3672 3109 3945 3177 evitandum

2500 3228 2836 3299 peccatum
2880 3221 3174 3301 Parochi,
3215 3225 3358 3290 sine
3399 3226 3660 3294 licentia
3690 3225 3946 3314 eJ'us,quia

2499 3330 2661 3397 alter
2720 3354 2837 3399 nec
2879 3336 3074 3404 habet
3122 3338 3414 3408 debitum
3464 3342 3854 3421 ministrandi,
3882 3362 3945 3406 ne«

2500 3466 2627 3532 que
2681 3449 2826 3515 sine
2875 3467 3135 3537 peccato
3193 3458 3383 3542 gravi
3436 3462 3768 3537 ministrat,
3823 3476 3943 3523 usur·

2498 3563 2711 3646 pando
2742 3565 2853 3651 jus
2920 3567 3262 3651 alienum;
3337 3574 3403 3638 in
3456 3577 3730 3641 Parocho
3777 3587 3940 3646 autem,

2495 3680 2615 3744 etsi
2687 3680 2771 3745 sit
2841 3696 3177 3768 peccatum
3237 3690 3586 3770 occultum,
3651 3703 3739 3758 est
3800 3702 3939 3755 tamen

2493 3794 2779 3863 officium
2821 3812 2877 3865 et
2923 3799 3211 3871 debitum
3250 3805 3681 3889 ministrandi¹
3733 3808 3943 3873 cuitene-

2489 3924 2596 3976 tur
2636 3916 3077 3985 Parochianus
3110 3919 3402 4008 dejure,
3460 3921 3548 3993 ita
3594 3940 3656 3992 ut
3695 3926 3845 3992 aliter
3892 3920 3941 3985 fa-

2491 4028 2720 4096 ciendo
2769 4046 3028 4118 peccet;
3076 4037 3130 4103 si
3182 4051 3399 4106 autem
3449 4041 3595 4109 sine
3669 4039 3943 4131 praeJudiciu

2492 4147 2759 4213 Parochi
2802 4151 3130 4236 provideri
3172 4156 3378 4241 possit
3429 4159 3673 4249 absque
3733 4156 3941 4227 scandalo

2488 4260 2781 4344 alteriuS‚
2820 4278 2890 4332 ut
2920 4266 2974 4334 si
3002 4271 3327 4340 Parochus
3358 4273 3466 4341 det
3495 4275 3793 4344 licentiam
3837 4292 3941 4361 prae·

2488 4380 2812 4446 tendendo
2897 4383 3258 4471 legitimam
3333 4389 3616 4479 aliquam
3717 4390 3940 4460 excusati·

2487 4516 2703 4575 onem,
2750 4509 2905 4566 tunc
2944 4503 3188 4589 obligat
3238 4506 3547 4590 charitas,
3584 4532 3654 4577 ac
3683 4503 3939 4577 reverentia

2488 4615 2700 4699 ipsius
2742 4619 3163 4687 Sacramenti.

2575 4735 2667 4798 Ex
2752 4755 2881 4820 qno
2979 4738 3351 4807 excluditur
3433 4743 3673 4813 dictum
3755 4739 3933 4810 Adriani
3986 4814 3991 4821 .

2485 4849 2696 4935 quoad
2746 4850 2891 4934 hoc,
2943 4855 3054 4941 qui
3091 4855 3245 4923 dicit
3293 4881 3327 4925 a
3370 4862 3706 4929 Sacerdote
3748 4883 3809 4927 ex
3844 4854 3934 4923 ossi‘

2482 4963 2582 5029 cio
2673 4965 2961 5054 obligato
3049 4971 3421 5042 ministrare
3496 4980 3928 5067 ,Saeuamentum
4004 5002 4009 5005 ·

2483 5100 2676 5165 posse
2746 5082 2893 5150 sine
2966 5099 3228 5173 peccato
3302 5093 3438 5177 peti
3524 5098 3928 5179 Sacramentum,

2481 5195 2622 5261 sive
2672 5197 2754 5264 sit
2797 5215 3060 5285 paratus
3110 5205 3284 5286 dare,
3333 5221 3444 5276 aut
3493 5211 3723 5278 notorie
3776 5207 3928 5274 malus.

2479 5312 2620 5378 sive
2657 5335 2806 5397 non,
2835 5318 2982 5403 quia
3028 5321 3303 5411 quisque
3347 5340 3562 5413 potest
3600 5342 3784 5415 petere
3807 5340 3927 5390 suum
