4255 6375
114 4810 232 4882 ‚inda

112 4888 213 4922 usto
225 4910 237 4923 .

112 4937 218 4999 plex

1409 454 1607 519 DIST.
1651 452 1727 514 V.
1776 448 2141 527 QUAESTIO
2189 448 2291 511 111.

275 650 485 701 vere
528 626 1074 705 homicidam;
1157 621 1312 693 iste
1384 616 1658 690 autem
1715 634 1828 685 se·

277 746 635 819 cundum
665 743 1102 816 veritatem
1144 757 1305 810 non
1338 740 1462 808 est
1495 728 1828 804 homici-

273 863 410 936 da.
447 865 746 934 Tamen
790 861 971 952 post
1009 858 1356 928 mortem
1430 849 1648 922 illius
1697 842 1827 918 ba‘-

279 978 603 1072 ptizati,
643 980 910 1049 stante
944 973 1084 1046 illa
1116 966 1646 1046 conscientia,
1719 968 1831 1037 te-

271 1100 529 1170 netur
570 1117 653 1167 se
721 1093 1019 1165 habere
1073 1092 1460 1178 tanquam
1509 1084 1829 1172 irregu-

276 1214 573 1293 larem,
664 1210 853 1303 quia
923 1229 1004 1280 se
1074 1204 1313 1276 habet
1410 1207 1830 1291 tamquam

276 1327 778 1401 homicidam
809 1351 824 1408 ;
861 1323 993 1396 sed
1026 1324 1397 1395 cessante
1427 1316 1555 1387 vel
1614 1334 1830 1386 amo·

277 1448 377 1517 ta
439 1443 581 1515 illa
659 1438 1181 1519 conscientia,
1273 1455 1432 1507 non
1504 1434 1830 1523 oportet

277 1561 980 1654 dispensationem
1105 1575 1498 1649 quaerere,
1644 1550 1832 1643 quia

278 1698 704 1770 nunquam
737 1676 890 1750 fuit
919 1696 1110 1746 vere
1153 1669 1667 1761 irregularis.
1737 1669 1834 1738 Et

282 1793 363 1866 si
411 1813 730 1886 quaeras
771 1792 897 1865 cui
940 1788 1200 1881 magis
1246 1788 1349 1859 sit
1394 1785 1832 1859 cavendum

283 1912 616 1985 Clerico
685 1910 811 1981 vel
879 1908 1088 1979 laico
1145 1904 1564 1997 baptizare
1617 1901 1834 1973 infir-

284 2049 521 2100 mum
554 2025 1094 2099 constitutum
1129 2022 1208 2093 in
1241 2018 1596 2093 articulo
1626 2034 1835 2089 mor-

280 2144 401 2219 tis
453 2149 487 2212 ‘3
519 2143 722 2225 dico,
781 2141 984 2232 quod
1036 2139 1310 2209 neutri
1361 2139 1482 2208 est
1556 2152 1840 2206 caven-

279 2263 507 2344 dum,
573 2258 761 2349 quia
828 2259 1119 2329 neuter
1230 2247 1839 2342 transgreditur

287 2381 798 2471 praeceptum
850 2371 1207 2444 divinum
1257 2370 1347 2440 de
1420 2385 1578 2438 non
1633 2363 1837 2435 0οοί-

282 2494 574 2573 dendo,
645 2512 789 2563 nec
867 2488 1233 2563 Clericus
1317 2501 1633 2577 poenam
1701 2480 1842 2551 ali·

290 2629 548 2702 quam
586 2605 1109 2700 repellentem
1161 2604 1427 2694 ipsum
1490 2620 1536 2670 a
1606 2596 1839 2669 cleri-

288 2731 493 2800 catu
548 2722 922 2797 incurrit.
1006 2721 1088 2793 Si
1154 2724 1431 2794 tamen
1502 2718 1841 2803 uterque

289 2847 748 2940 poneretur
813 2838 1243 2933 aequaliter
1318 2833 1612 2905 habere
1665 2848 1845 2902 con-

288 2963 730 3038 scientiam
800 2976 1266 3038 erroneam,
1349 2948 1847 3043 simpliciter

284 3084 592 3154 neuter
632 3079 920 3170 posset,
940 3074 1382 3165 baptizare,
1420 3066 1608 3159 quia
1643 3083 1845 3157 prae-

287 3204 628 3292 ceptum
688 3195 1046 3268 divinum
1098 3195 1534 3279 utrumque
1619 3202 1844 3274 aeque

292 3318 538 3406 ligat,
616 3315 695 3385 et
758 3315 1046 3385 contra
1107 3304 1304 3378 illud
1346 3307 1686 3394 uterque
1731 3321 1852 3372 se-

295 3433 650 3508 cundum
695 3447 925 3501 suam
957 3422 1547 3499 conscientiam
1588 3420 1785 3493 facit
1827 3445 1840 3500 ;

297 3547 679 3626 Clericus
762 3549 1035 3617 tamen
1115 3540 1549 3612 secundum
1594 3536 1846 3628 opini-

297 3684 546 3739 onem
619 3679 851 3733 suam
919 3657 1238 3738 falsam,
1313 3655 1683 3728 crederet
1763 3674 1847 3724 se

297 3786 737 3857 incurrere
771 3778 1018 3850 aliam
1054 3793 1369 3866 poenam
1403 3771 1624 3845 ultra
1677 3792 1848 3864 pec-

297 3901 588 3972 catum
620 3893 994 3975 mortale,
1039 3895 1121 3962 et
1157 3891 1331 3962 ideo
1378 3891 1546 3980 ipse
1606 3886 1847 3959 habet

303 4017 552 4110 plura
596 4010 1044 4085 retractiva
1090 4010 1169 4081 in
1204 4027 1395 4080 casu
1437 4005 1855 4095 i110,quam

299 4133 598 4207 laicus.

740 4380 1412 4451 COMMENTARIUS.

396 4693 493 4782 (b)
545 4690 737 4773 Quod
774 4689 835 4754 si
879 4688 1312 4775 proesumptio
1361 4685 1485 4750 illa
1525 4684 1857 4761 demorle,

303 4823 434 4878 etc.
469 4811 620 4875 Haec
657 4817 756 4872 est
779 4803 1062 4871 secunda
1084 4800 1419 4868 conclusio
1461 4800 1661 4886 hujus
1687 4820 1864 4885 quae-

304 4920 938 5008 stioniS.Supponit,
966 4918 1020 4985 si
1064 4916 1493 5005 praesumptio
1545 4915 1632 4981 sit
1673 4915 1860 4992 leviS,

305 5039 598 5108 dandum
630 5056 774 5105 esse
798 5032 1221 5121 Baptismum.
1262 5034 1383 5097 Pro
1407 5033 1596 5120 cujus
1630 5029 1866 5096 intelli—

305 5157 537 5247 gentia
601 5151 1097 5232 advertendum,
1146 5148 1725 5238 praesumptionem
1785 5171 1867 5215 ex

310 5296 440 5343 usu
476 5270 1009 5361 jurisperitorum
1050 5279 1114 5334 et
1164 5266 1506 5333 moralium
1562 5286 1706 5331 esse
1744 5267 1868 5331 du-

306 5393 548 5481 plicem
583 5409 602 5474 ;
642 5387 764 5455 alia
802 5386 976 5452 enim
1020 5397 1119 5451 est
1154 5384 1350 5471 J’uris,
1386 5383 1509 5448 alia
1550 5384 1862 5450 hominis.

314 5508 432 5574 Illa
511 5505 705 5571 etiam
775 5500 1091 5568 dividitur
1164 5500 1232 5565 in
1291 5500 1867 5587 praesuniptionem

311 5626 485 5713 juris
517 5634 794 5704 tantum,
835 5634 933 5689 est
974 5621 1035 5686 in
1070 5618 1646 5706 praesumptionem
1674 5618 1866 5702 JuriS,

3363 438 3481 502 523

1944 623 2007 676 et
2060 609 2344 695 dejure.
2402 606 2515 674 Illa
2565 619 2683 686 est,
2747 603 3006 693 quando
3054 603 3166 690 jus
3245 598 3489 687 aliquid
3550 626 3810 676 Praesum-

1943 724 2368 792 determinate
2409 721 2858 810 praesupponit
2894 739 3093 805 super
3143 737 3214 783 re
3268 715 3488 788 dubia,
3609 687 3739 798 ἓξὲξ

1941 856 2038 909 est
2096 840 2469 920 verisimili;
2529 842 2672 907 haec
2710 850 2808 906 est
2865 837 3124 926 quando
3184 836 3301 922 jus
3363 845 3493 897 non
3564 891 3568 895 A
3619 812 3781 875 uplex.

1940 958 2152 1027 solum
2203 956 2544 1046 praesumit
2583 955 2850 1043 aliquid,
2906 953 3015 1020 sed
3081 949 3368 1038 disponit
3409 948 3529 1013 ita·

1941 1097 2111 1154 esse,
2152 1095 2268 1141 nec
2306 1072 2694 1140 contrariam
2738 1070 2980 1136 habere
3011 1066 3486 1155 probationem;

1943 1194 2101 1260 Vide
2141 1214 2288 1278 cap.
2343 1191 2402 1256 Is
2441 1192 2556 1277 qui
2629 1188 2709 1254 dc
2754 1185 3209 1274 sponsalibus;
3255 1193 3318 1249 et
3376 1180 3493 1245 ibi·

1942 1308 2085 1375 dem
2154 1309 2458 1394 qlossam,
2524 1316 2587 1370 et
2653 1301 3207 1380 panormitanum.

2049 1423 2477 1507 Praesumptio
2534 1420 2820 1486 hominis
2877 1429 2976 1483 est
3034 1415 3307 1501 triplex:
3367 1411 3492 1477 alia
3560 1416 3812 1486 Praesum-

1945 1541 2253 1620 violenta,
2298 1561 2375 1606 ex
2419 1559 2545 1626 qua
2595 1538 2787 1603 etiam
2843 1545 3051 1622 potest
3100 1530 3359 1618 procedi
3413 1530 3491 1595 ad
3567 1483 3786 1610 hqiiiigis

1947 1679 2229 1744 poenam,
2304 1655 2443 1721 sine
2489 1653 2612 1720 alia
2646 1651 3048 1740 probatione,
3096 1650 3217 1734 leq.
3263 1646 3497 1713 Sciant
3552 1609 3650 1718 xiii)
3670 1604 3811 1713 gila.

1947 1774 2186 1852 cuncti,
2242 1770 2405 1836 Cod.
2451 1770 2532 1834 de
2558 1768 2826 1854 probat.
2886 1762 3385 1831 Panormitanus
3420 1761 3495 1824 in

1949 1912 2094 1974 cap.
2185 1887 2876 1960 Excommunicctmm,
2970 1879 3065 1949 de,
3142 1876 3492 1953 hoereticis,

1950 2006 2100 2093 quia
2160 2004 2268 2070 illa
2319 2002 2470 2068 facit
2527 2000 2786 2085 plenam
2837 1994 3314 2082 probationem.
3378 1995 3493 2056 Se-

1950 2121 2162 2190 cunda
2201 2132 2300 2185 est
2358 2114 2734 2204 probabilis,
2790 2132 2939 2200 quae
2989 2110 3141 2176 facit
3198 2107 3497 2194 semiple-

1956 2261 2127 2318 nam,
2189 2250 2252 2303 et
2290 2233 2644 2320 aliquando
2688 2232 2942 2318 plenam
3019 2226 3494 2314 probationem,

1953 2377 2102 2421 cum
2166 2374 2291 2420 uno
2353 2364 2517 2417 teste
2583 2360 2858 2426 tantum,
2931 2356 2994 2410 et
3069 2344 3124 2409 si
3193 2340 3340 2429 quis
3411 2353 3509 2408 est

1955 2472 2332 2548 infamatus,
2401 2465 2648 2534 inducit
2710 2463 3163 2553 purgationem
3239 2458 3502 2525 canoni-

1956 2611 2122 2668 cam,
2192 2609 2338 2672 cap.
2408 2585 2468 2649 si
2545 2584 2691 2669 quis
2773 2581 2856 2646 cle
2902 2578 3144 2666 yradu,
3182 2577 3265 2642 de
3324 2597 3505 2662 prce-

3533 2050 3842 2104 Probabilis.

2193 2705 2204 2717 .
3608 2647 3782 2699 Levis·

1955 2716 2349 2790 samplzonc,
2406 2721 2554 2766 can.
2598 2698 2955 2783 Presbyter
3008 2698 3113 2762 12.
3187 2696 3500 2780 quaest.4.

1959 2822 2174 2889 Tertia
2259 2833 2358 2887 est
2444 2813 2870 2906 praesumptio
2921 2812 3087 2878 levis
3163 2822 3228 2876 et
3303 2822 3505 2874 teme-

1959 2938 2149 3016 raria,
2194 2940 2337 3006 sine
2386 2935 2812 3002 fundamento
2851 2927 3248 3006 sufficienti3
3286 2926 3368 2991 de
3431 2944 3507 2990 ea

1962 3054 2114 3122 vide
2191 3058 2262 3120 S.
2354 3054 2669 3119 Thomam
2747 3051 2810 3115 2.
2883 3055 3108 3134 quoest.
3160 3046 3268 3107 50.
3313 3041 3502 3127 cujus

1965 3173 2185 3262 plures
2229 3170 2474 3259 gradus
2522 3167 2839 3255 assignat.

2053 3295 2231 3357 Hanc
2261 3287 2567 3374 intelligit
2597 3291 2830 3352 Doctor
2860 3284 2926 3349 in
2959 3281 3268 3370 praesenti
3302 3280 3509 3345 levem
3601 3305 3804 3357 Diversi

1966 3421 2029 3476 et
2060 3404 2594 3482 irrationabilem,
2631 3401 2741 3490 qui
2782 3412 2937 3468 sunt
2976 3397 3220 3465 diversi
3267 3397 3511 3484 gradus
3591 3368 3805 3498 3333„-

1966 3527 2133 3613 ejus,
2181 3543 2328 3589 nam
2374 3523 2535 3587 levis
2562 3531 2661 3586 est
2692 3540 2840 3606 quae
2890 3527 3162 3604 generat
3230 3514 3508 3601 suspici-

1967 3662 2159 3706 onem
2218 3652 2280 3705 et
2329 3651 2571 3703 metum
2621 3658 2703 3701 ex
2742 3635 2996 3700 levibus
3056 3630 3357 3710 indiciis;
3413 3641 3514 3696 est

1969 3756 2143 3822 enim
2211 3751 2653 3820 denominatio
2684 3761 2948 3835 sumpta
2986 3769 3068 3812 ex
3111 3759 3341 3812 natura
3384 3766 3513 3811 mo-

1967 3871 2111 3951 tivi,
2158 3869 2329 3958 quod
2360 3868 2503 3935 leve
2535 3879 2634 3933 est
2664 3880 2727 3932 et
2760 3864 3087 3942 inefficax,
3128 3882 3340 3950 neque
3380 3861 3513 3927 sul'-

1971 3988 2198 4054 siciens
2246 3986 2326 4052 ad
2394 3982 2807 4050 formandum
2865 3990 3253 4066 conceptum
3319 3976 3514 4043 etiam

1970 4103 2243 4170 dubium
2310 4102 2389 4168 de
2454 4102 2708 4187 objecto
2770 4100 2835 4164 in
2880 4118 2970 4174 re,
3034 4094 3148 4162 sed
3182 4094 3396 4161 solum
3445 4094 3512 4159 in

1973 4218 2180 4299 tenui,
2233 4231 2296 4285 et
2343 4239 2472 4282 non
2524 4215 2793 4283 fundata
2822 4213 3223 4301 apparentia.
3286 4211 3517 4276 lrraei-

1969 4337 2255 4404 onabilis
2294 4334 2575 4420 amplius
2607 4332 2785 4413 dicit,
2820 4326 3072 4417 'nempe
3122 4328 3380 4417 quando
3438 4348 3516 4393 ex
3561 4347 3843 4422 11⁸¹·⁸.t³.0112·

1975 4451 2297 4540 ejusmodi
2368 4448 2633 4515 motivis
2700 4468 2829 4513 non
2895 4447 3106 4512 solum
3160 4455 3518 4531 generatur
3580 4412 3822 4545 ριξζᾚω,

1975 4570 2272 4637 dubietas
2350 4580 2413 4633 et
2472 4564 3119 4652 vacillatiossmentis,
3157 4564 3269 4630 sed
3323 4564 3516 4631 etiam
3635 4541 3761 4604 ¹³⁸⁰·

1976 4686 2235 4773 quando
2266 4695 2618 4770 generatur
2649 4681 2970 4769 Judicium
3010 4678 3517 4746 determinatum

1978 4803 2161 4891 quasi
2208 4802 2293 4867 ita
2324 4814 2496 4867 esset
2538 4819 2666 4879 res,
2705 4819 2900 4886 quam
2935 4810 3113 4863 recte
3143 4800 3377 4862 Doctor
3435 4796 3521 4860 ir·e

1978 4919 2428 4985 rationabilem
2462 4928 2670 4996 vocat,
2699 4915 2852 5003 quia
2875 4915 3050 4981 nulla
3084 4914 3333 4980 ratione
3365 4915 3517 4979 sub-

1979 5036 2176 5116 sistit,
2224 5048 2288 5100 et
2328 5046 2565 5120 praeter
2606 5033 2869 5119 regulas
2895 5030 3240 5119 judicii-'et
3279 5029 3528 5095 discre-

1979 5151 2177 5217 tionis
2218 5151 2538 5217 formatur
2576 5148 2943 5216 temerarie.

2068 5266 2181 5345 His
2232 5266 2461 5353 positis
2503 5265 2710 5331 facilis
2759 5275 2859 5329 est
2910 5263 3205 5350 probatio
3263 5260 3522 5328 conclu·
3678 5300 3730 5349 6.

1981 5383 2187 5451 sionis
2227 5383 2294 5448 in
2345 5403 2412 5448 re
2456 5380 2682 5446 morali
2732 5391 2796 5446 et
2836 5401 2871 5444 a
2922 5378 3149 5466 priori,
3230 5377 3381 5465 quia
3459 5378 3523 5443 in
3560 5365 3688 5478 ‘10¹3‘
3712 5359 3869 5474 (ffliur

1983 5499 2234 5585 priniiS,
2281 5498 2333 5565 si
2383 5511 2483 5564 est
2514 5494 2937 5583 praesumptio
2976 5494 3139 5560 levis
3179 5493 3259 5559 de
3327 5505 3533 5560 morte

3630 5486 3825 5557 regula·

1985 5615 2250 5680 infantis
2290 5624 2401 5678 aut
2441 5613 2585 5699 ejus
2617 5612 3085 5681 acceleratione
3124 5630 3240 5697 per
3307 5609 3524 5697 Bapti-
3587 5550 3854 5616 operaum.
