4255 6375
122 556 177 589 us

119 619 170 653 ΒΓ
184 642 196 655 .

1310 356 1313 359 “
1409 387 1606 447 ms'r.
1640 388 1742 447 vl.
1775 384 2136 461 QUAES'rto
2169 387 2269 447 tx.

259 540 417 608 dicit
452 564 600 609 eum
644 545 920 611 tenuiter
954 544 1032 612 de
1063 547 1435 613 charactere
1487 547 1799 626 sensisse,

265 669 328 723 et
359 660 541 745 quasi
572 661 694 727 sub
756 682 1030 747 persona
1062 662 1333 728 aliorum
1372 663 1551 729 illum
1586 663 1803 750 impu-

262 794 489 859 gnare,
538 775 649 842 sed
684 797 810 841 non
842 777 1123 844 advertit
1156 789 1448 856 textum;
1508 798 1655 843 nam
1700 777 1808 842 illa

263 890 384 956 fuit
422 891 744 958 sententia
804 891 1194 979 aliquorum,
1268 906 1339 959 ut
1403 914 1520 980 per
1587 892 1804 979 Bapti-

263 1027 483 1073 smum
552 1028 681 1073 non
746 1010 1148 1097 reciperetur
1206 1010 1452 1097 aliquid
1504 1009 1808 1075 intrinse-

262 1145 439 1204 cum,
475 1124 662 1192 aliter
706 1147 898 1214 quam
965 1127 1276 1207 Ecclesia,
1333 1127 1517 1194 verbi
1567 1126 1805 1212 gratia,

265 1240 497 1328 recipit
529 1243 595 1308 in
637 1263 756 1309 sua
796 1245 1308 1324 consecratione,
1346 1265 1625 1332 quorum
1660 1265 1812 1311 sen-

261 1357 533 1425 tentiam
573 1359 811 1447 allegat
842 1361 1099 1428 Alensis
1140 1367 1205 1430 4.
1237 1372 1419 1448 part.
1457 1371 1689 1449 qua-st.
1744 1365 1808 1427 8.

262 1492 353 1535 m.
392 1477 457 1541 8.
502 1485 630 1539 art.
689 1480 752 1543 1.
802 1478 861 1561 ξ.
893 1482 955 1543 1.
992 1487 1057 1541 et
1116 1475 1409 1561 ejusdem
1470 1476 1812 1542 sententiaa

268 1586 476 1654 fuisse
543 1590 807 1657 videtur
864 1591 1222 1658 Gulielmus
1288 1592 1680 1659 parisiensis
1748 1591 1812 1656 in

269 1714 547 1770 tractatu
589 1705 670 1773 de
716 1708 1071 1792 BaptismO,
1129 1708 1239 1795 qui
1278 1708 1531 1793 prolixe
1574 1708 1638 1772 in
1698 1708 1820 1773 hoo

266 1833 600 1900 versatur,
679 1825 870 1910 cujus
928 1825 1127 1891 verba
1189 1825 1294 1889 hic
1334 1825 1705 1910 subjiciam,
1749 1835 1819 1888 ut

269 1939 558 2024 primum
591 1941 943 2007 offeramus
971 1944 1148 2022 Sot0,
1184 1942 1438 2028 aliquos
1461 1942 1818 2005 anteriores

267 2055 470 2122 fuisse
490 2056 556 2121 in
577 2077 647 2122 ea
674 2058 1022 2137 sententia,
1062 2058 1141 2124 de
1166 2078 1291 2145 qua
1324 2062 1660 2123 Doctorem
1686 2068 1818 2121 tra-

266 2171 471 2252 ducit,
519 2175 728 2259 quoad
779 2174 1281 2261 intelligentiam
1333 2178 1638 2240 Patrum:
1688 2173 1821 2237 Sed

256 2293 409 2377 jam
449 2290 691 2379 (inquit
713 2290 1100 2378 Gulielmus)
1133 2303 1604 2356 consenserunt
1642 2292 1824 2355 sacri

268 2406 584 2472 Doctores
649 2410 721 2472 iu
787 2408 928 2484 hoc,
1001 2408 1176 2494 quod
1214 2418 1466 2493 prseter
1496 2410 1814 2493 qratiam,

265 2534 518 2610 praeter
557 2533 761 2588 totum
811 2524 1111 2588 decorem
1141 2526 1486 2603 virtutum,
1524 2535 1584 2589 et
1615 2525 1823 2588 liono-

266 2667 431 2728 rem,
487 2650 632 2713 sine
681 2649 916 2735 quibus
955 2651 1089 2727 Deo
1139 2671 1274 2714 non
1329 2650 1655 2736 placetur,
1693 2650 1823 2714 im-

265 2764 609 2849 primatur
655 2765 1019 2846 character,
1069 2767 1219 2831 licet
1270 2787 1402 2831 non
1444 2766 1824 2830 declarave-

267 2882 434 2959 rint,
464 2900 582 2944 nec
608 2881 890 2963 fecerint
918 2882 1089 2946 scire
1118 2882 1280 2968 quid
1309 2883 1449 2967 ipse
1480 2884 1824 2947 character

268 2997 377 3073 sit,
433 2997 670 3081 specie,
726 2998 847 3061 etsi
900 3007 1119 3062 tamen
1158 2997 1389 3062 dicant
1430 2998 1645 3082 ipsum
1689 3017 1823 3061 esse

269 3114 342 3177 in
391 3134 633 3200 yenere
681 3115 1098 3200 qualitatum,
1148 3136 1283 3180 non
1342 3126 1560 3179 tamen
1606 3113 1814 3192 nobis,

271 3229 539 3313 qualem
605 3230 864 3312 efficiat
940 3232 1241 3296 animam
1310 3230 1658 3315 baptizati,
1723 3229 1825 3294 vel

271 3347 490 3430 ipsum
532 3345 966 3432 baptizatum.
1032 3350 1109 3412 Et
1148 3346 1359 3412 infra:
1421 3346 1553 3410 Sed
1592 3356 1655 3410 et
1705 3348 1824 3409 hoc

272 3464 601 3528 dioeertmt
634 3463 988 3549 prop-rium
1049 3460 1355 3549 effectam
1417 3483 1550 3526 esse
1587 3463 1822 3526 chara-

274 3582 478 3645 cteris
513 3579 722 3657 istius,
779 3580 1031 3644 scilicet
1072 3578 1488 3664 distinqucre
1526 3578 1823 3663 baptiza-

3380 383 3494 445 591

1918 546 2268 612 advertunt
2302 546 2597 613 moderni
2633 548 3018 633 ScriptoreS,
3064 546 3217 633 quia
3266 565 3469 632 quan-

1918 675 2058 729 tum
2103 661 2181 728 ad
2238 663 2413 749 ipsas
2457 663 2824 750 Scripturas
2868 667 3049 732 varie
3087 685 3123 731 a
3171 664 3471 731 Patribus

1921 779 2503 847 accommodantur
2574 792 2637 845 et
2725 781 3209 867 intelliguntur.
3303 782 3476 844 Inter

1922 915 2153 960 omnes
2187 906 2433 975 autem,
2471 898 2723 983 primus
2757 897 2915 962 mihi
2970 897 3175 963 fuisse
3216 895 3477 962 videtur

1926 1024 2149 1076 noster
2184 1014 2437 1093 Doctor,
2474 1012 2642 1078 inter
2667 1012 3127 1092 ScholasticOS,
3165 1013 3275 1099 qui
3310 1012 3478 1077 hanc

1924 1127 2271 1193 veritatem
2341 1127 2761 1209 characteris,
2824 1141 3133 1216 tanquam
3210 1126 3479 1194 effectus

1924 1242 2219 1309 distincti
2282 1264 2317 1309 a
2365 1244 2600 1331 gratia,
2666 1257 2729 1311 et
2789 1244 3096 1332 impressi
3149 1244 3214 1310 in
3264 1243 3482 1310 anima

1929 1381 2042 1446 per
2065 1363 2586 1442 Sacramentum,
2624 1362 2885 1429 reduxit
2909 1364 2988 1430 ad
3019 1361 3480 1429 certitudinem

1933 1474 2108 1553 fidei,
2184 1497 2263 1542 ex
2341 1476 2722 1544 definitione
2805 1478 3139 1557 Ecclesiae,
3203 1479 3480 1565 ejusque

1928 1591 2394 1672 declaratione,
2486 1594 2949 1681 conjungendo
3032 1592 3480 1659 definitionem

1929 1706 2203 1793 capituli
2257 1709 2361 1773 Ad
2399 1708 2817 1788 abolendam,
2875 1729 3003 1795 quo
3040 1706 3352 1774 definitur
3418 1706 3483 1771 in

1933 1823 2225 1889 Ecclesia
2279 1829 2568 1890 Romana
2631 1845 2778 1890 esse
2846 1845 3071 1890 veram
3121 1822 3483 1889 doctrinam

1936 1942 2016 2007 de
2047 1941 2519 2020 Sacramentis,
2556 1963 2711 2029 qum
2745 1963 2821 2007 eo
2872 1941 3041 2028 quod
3086 1940 3394 2007 definitur
3424 1941 3490 2006 in

1935 2058 2224 2143 capitulo
2264 2059 2573 2144 MajoreS,
2629 2057 2709 2122 de
2761 2059 3125 2144 BaptismO,
3164 2056 3335 2124 circa
3376 2077 3490 2121 ve-

1942 2172 2200 2239 ritatem
2245 2173 2614 2260 explicitam
2654 2174 3074 2240 characteris,

2022 2293 2103 2355 Ut
2136 2291 2288 2356 hinc
2337 2312 2494 2376 ergo
2527 2292 3039 2378 respondeamus
3071 2291 3263 2357 etiam
3307 2291 3475 2372 aliis,

1937 2405 2047 2490 qui
2080 2427 2228 2472 eum
2290 2406 2547 2472 incaute
2596 2407 2883 2474 locutum
2942 2407 3147 2475 fuisse
3185 2420 3489 2475 asserunt

1936 2522 2410 2588 advertendum
2510 2537 2609 2591 est
2700 2525 2879 2611 ipsos
2974 2547 3104 2592 non
3190 2525 3493 2612 attigisse

1937 2656 2205 2722 scopum
2246 2638 2559 2718 DoctoriS,
2594 2651 2704 2704 aut
2748 2640 3087 2708 discursus
3138 2642 3485 2712 intentum.

1937 2757 2170 2820 Doctor
2211 2776 2371 2841 ergo
2419 2758 2734 2843 supponit
2765 2778 3184 2826 communem
3230 2772 3494 2827 senten-

1938 2870 2119 2948 tiam,
2175 2881 2242 2936 ut
2291 2884 2468 2957 patet
2535 2873 3490 2965 argumentosssadJOppositum

1936 3001 1999 3056 et
2058 3013 2140 3058 ex
2181 2992 2580 3060 resolutione
2611 2996 2897 3082 propria,
2944 3017 3140 3083 quam
3195 2996 3493 3065 insinua-

1939 3129 2109 3186 muS,
2159 3112 2191 3194 g
2225 3111 2460 3176 Autem
2498 3114 2605 3178 hic
2646 3113 3484 3204 intelliqendum‘estf'ete

1938 3226 2218 3311 explieat
2250 3228 2414 3313 quid
2453 3229 2737 3294 nominis
2764 3241 2826 3294 et
2859 3231 2951 3296 rei
3001 3252 3075 3297 ac
3135 3234 3491 3320 proprieta-

1939 3357 2036 3408 tes
2069 3345 2238 3430 ejus.
2276 3344 2561 3410 Tandem
2605 3345 2865 3413 adducit
2902 3345 3277 3433 opinionem
3317 3349 3492 3417 illam

1940 3461 2242 3525 Gulielmi
2313 3462 2730 3542 parisiensis,
2795 3487 2914 3551 pro
2985 3486 3112 3552 qua
3208 3468 3497 3535 citantur

1939 3597 1972 3641 a
2012 3578 2448 3663 Marginatore
2506 3560 2771 3667 quidam
2855 3583 3121 3650 Juristae
3227 3585 3289 3650 in
3346 3607 3488 3672 cap.

276 3705 373 3759 tos
404 3717 448 3760 a
489 3715 624 3760 non
655 3695 1042 3780 baptizati83
1091 3705 1154 3760 et
1198 3695 1404 3761 infra:
1443 3694 1580 3778 Ipsi
1607 3705 1825 3758 autem

276 3813 732 3877 characterem
783 3813 1167 3898 hujusmodi
1220 3812 1552 3898 Baptismi
1589 3821 1827 3876 vocant

279 3929 788 3993 Sacramentum
857 3928 1210 4013 Baptismi,
1284 3939 1406 3993 etc.
1476 3929 1824 4012 Postquam

1943 3691 2137 3774 Quod
2177 3695 2452 3779 quidam
2492 3697 2822 3775 dicant,1.
2863 3705 3164 3784 quaesti.
3212 3713 3271 3766 et
3305 3704 3493 3800 cujus
3525 3679 3823 3807 ἳξῑὲἑξξὲἓζ

1944 3809 2339 3875 mentionem
2409 3811 2655 3878 faciunt
2685 3814 2941 3880 Alensis
2983 3827 3047 3881 et
3097 3816 3487 3901 RicharduS,
3520 3807 3753 3919 Doeffifcis
3785 3805 3841 3856 ³¹²

1941 3945 2135 4010 quam
2196 3926 2389 3991 etiam
2432 3939 2696 3994 secutus
2754 3943 2853 3995 est
2908 3931 3276 3999 Durandus.
3329 3936 3492 4001 Sub·
3530 3931 3833 3997 quaestione.

119 5031 136 5063 r
158 5015 255 5079 pri-

125 5086 233 5128 uter

120 5151 234 5193 tasti-

119 5218 152 5249 >s

119 5273 202 5313 ÷tur

120 5328 217 5376 ,isse

119 5405 174 5437 nc

119 5451 235 5501 ilum

119 5513 216 5565 fidei
226 5555 239 5568 .

276 4055 495 4109 autem
531 4044 830 4128 probavit
872 4064 998 4108 non
1030 4065 1175 4110 esse
1207 4043 1584 4129 qualitatem
1625 4042 1827 4108 variis

276 4160 668 4238 rationibus,
724 4159 981 4225 tandem
1031 4159 1357 4226 concludit
1417 4181 1561 4227 esse
1602 4180 1828 4246 quam-

273 4273 424 4340 dam
470 4276 901 4353 sanctitatem,
940 4296 1134 4362 quam
1177 4275 1406 4360 recipit
1441 4276 1822 4359 baptizatuS,

279 4390 476 4456 talem
508 4391 763 4478 qualem
805 4392 1092 4458 Ecclesia
1154 4409 1218 4458 et
1250 4411 1408 4457 vasa
1442 4401 1814 4456 consecrata

276 4505 625 4591 recipiunt,
691 4518 949 4574 servata
1002 4507 1444 4594 proportione,
1499 4507 1688 4592 cujus
1730 4527 1826 4571 ra-

276 4624 492 4688 tiones
532 4619 790 4687 adducit
852 4621 1047 4686 etiam
1119 4621 1476 4687 aichardus
1538 4622 1694 4687 dist.
1761 4626 1823 4684 5.

276 4751 408 4804 art.
454 4742 518 4803 2.
555 4749 778 4825 quaest.
827 4744 887 4804 l.
1148 4827 1157 4835 .

368 4860 690 4922 Caeterum
763 4856 978 4923 nullus
1047 4857 1494 4943 antiquiorum
1556 4861 1830 4920 Doctore

283 4973 541 5039 censuit
571 4973 740 5039 hanc
780 4974 1167 5040 sententiam
1210 4994 1355 5038 esse
1386 4972 1464 5038 de
1504 4971 1653 5049 fide,
1702 4992 1831 5036 non

202 5143 209 5150 .
286 5086 698 5153 obstantibus
732 5086 812 5153 iis
852 5087 1372 5168 auctoritatibus,
1411 5106 1571 5173 quas
1603 5085 1826 5162 citant,

287 5213 401 5266 aut
449 5202 827 5288 Scripturae,
865 5215 975 5269 aut
1016 5207 1302 5283 patrum,
1346 5202 1409 5267 in
1449 5204 1593 5289 ejus
1647 5202 1830 5266 favo-

291 5337 452 5395 rem,
484 5329 551 5382 ut
593 5320 867 5403 probent
899 5320 1336 5385 characterem
1362 5339 1507 5383 esse
1528 5317 1830 5382 effectum

290 5440 737 5508 immediatum
773 5452 837 5507 et
876 5440 1139 5518 realem,
1180 5439 1571 5522 impressum
1607 5435 1670 5498 in
1702 5431 1837 5498 ani-

291 5579 393 5624 ma
429 5579 543 5645 per
573 5557 836 5624 modum
868 5553 1221 5644 qualitatis,
1298 5563 1365 5618 ut
1434 5551 1598 5617 bene
1640 5549 1834 5615 etiam

1936 4039 2082 4125 jicit
2130 4042 2274 4128 ejus
2332 4043 2846 4126 conclusionem,
2919 4059 2982 4112 et
3048 4068 3222 4127 mox,
3304 4054 3336 4136 5
3392 4054 3497 4116 Act

1943 4158 2142 4222 istam
2172 4160 2662 4226 conclusionem
2695 4163 3030 4248 arquitur,
3073 4177 3195 4231 etc.
3236 4165 3499 4235 adducit

1941 4290 2329 4362 argumenta
2382 4278 2567 4364 plura
2613 4280 2675 4345 in
2718 4281 3006 4346 savorem
3049 4284 3218 4370 ejus,
3282 4285 3495 4374 inqui-

1945 4391 2147 4458 rendo
2206 4396 2664 4462 necessitatem
2711 4398 3130 4481 characteriS,
3193 4423 3324 4468 non
3375 4406 3491 4485 rei,

1942 4512 2053 4578 sed
2098 4515 2500 4600 probationis
2543 4518 2950 4600 necessariae,
3000 4534 3066 4588 et
3104 4523 3496 4591 convincen-

1944 4629 2052 4714 tis‚
2111 4630 2254 4698 sive
2303 4632 2383 4698 ab
2432 4634 2838 4716 auctoritate,
2911 4635 3054 4703 sive
3107 4659 3141 4704 a
3205 4641 3493 4722 ratione;

1943 4758 2006 4812 et
2054 4747 2291 4833 quaerit
2349 4748 2428 4814 de
2494 4751 2878 4818 auctoritate
2951 4754 3276 4840 explicita,
3360 4758 3502 4827 sive

1944 4861 2012 4927 in
2051 4862 2292 4948 specie,
2339 4885 2486 4950 quae
2544 4867 2687 4934 sine
2725 4870 3268 4956 tergiversatione
3312 4874 3499 4941 doce-

1945 4988 2044 5042 ret
2101 4979 2544 5047 characterem
2587 5003 2734 5049 esse
2792 4986 3119 5071 explicite,
3166 4988 3252 5054 ita
3294 5003 3364 5056 ut
3419 4991 3498 5057 ad

1945 5094 2107 5162 alios
2161 5095 2428 5162 effectus
2469 5101 2892 5183 Sacramenti‚
2950 5104 3093 5169 sive
3132 5105 3210 5171 ad
3281 5107 3496 5192 ipsum

1948 5213 2471 5293 Sacramentum,
2495 5216 2637 5280 sive
2669 5217 2746 5281 ad
2780 5222 3246 5305 praeparatoria
3278 5223 3353 5289 ad
3389 5228 3498 5290 Sa·

1947 5338 2378 5406 oramentum,
2444 5327 2585 5392 sive
2633 5328 2710 5394 ad
2789 5331 3050 5416 signum
3094 5336 3318 5402 Crucis
3386 5351 3497 5403 aut

1947 5439 2095 5520 alia,
2124 5462 2558 5530 quaecumque
2588 5445 2846 5512 diversa
2867 5469 2901 5512 a
2924 5449 3298 5517 charactere
3327 5474 3498 5521 com-

1952 5556 2139 5622 mode
2179 5557 2408 5624 referri
2442 5572 2552 5626 aut
2583 5562 2818 5651 exponi
2881 5585 3009 5631 non
3050 5578 3273 5653 posset
3302 5589 3338 5635 a
3387 5591 3497 5639 ne-
