4255 6375
582 656 790 722 Triplex

529 720 708 770 modus
755 733 846 766 ex-

559 777 810 847 primeudi

587 850 801 895 sormam

593 906 758 956 valide
770 944 781 956 .

531 969 686 1022 Ratio
732 967 853 1017 defi-

882 495 998 555 29¹2

877 656 1013 717 sive
1088 655 1450 730 baptizetur
1515 668 1735 714 servus
1811 649 2052 712 Christi
2124 646 2426 708 manibus

879 775 1057 847 meis,
1107 777 1237 835 etc.
1292 773 1493 852 Cujus
1537 772 1858 833 rationem
1908 767 2134 830 subdit
2187 767 2357 829 hanc
2406 785 2419 824 ε

964 893 1279 963 Quoniam
1317 908 1461 952 cum
1500 890 1886 966 principalis
1927 905 2148 962 causa,
2183 902 2267 947 ex
2296 900 2422 962 qua

595 1031 799 1082 nitionis
883 1013 1248 1087 Baptismus
1286 1011 1585 1073 virtutem
1638 1009 1847 1081 habet,
1895 1007 1975 1069 sit
2018 1013 2239 1068 sancta
2291 1007 2425 1065 Tri·

621 1095 738 1150 fidei
752 1142 762 1154 .

535 1600 835 1663 Exprimen-

662 1664 726 1712 da

585 1740 802 1791 persona

562 1789 693 1855 bapti
701 1789 796 1839 zati
808 1831 822 1845 .

572 4544 793 4595 Dubium
804 4579 816 4593 .

880 1122 1066 1185 nitas.
1134 1120 1639 1182 instrumentalis
1698 1129 1914 1181 autem
1970 1122 2047 1181 sit
2110 1123 2422 1194 minister,

883 1240 997 1314 qui
1039 1238 1238 1299 tradit
1297 1241 1582 1300 exterius
1636 1241 2165 1312 Sacramentum,
2209 1241 2268 1299 si
2307 1254 2427 1298 ex-

876 1357 1186 1431 primitur
1227 1362 1431 1429 actus,
1491 1361 1607 1435 qui
1657 1375 1782 1435 per
1839 1364 2048 1435 ipsum
2091 1363 2431 1420 emercetur

887 1475 1273 1548 ministrum,
1306 1492 1453 1537 cum
1498 1480 1753 1538 Sanctae
1801 1478 2133 1539 Trinitatis
2173 1478 2430 1537 invoca·

883 1590 1052 1650 tione
1081 1591 1425 1668 perficitur
1473 1599 1996 1667 Sacramentum,
2030 1598 2158 1655 etc.
2194 1593 2430 1669 Quam-

885 1706 980 1768 vis
1051 1712 1274 1768 autem
1343 1707 1703 1770 Concilium
1772 1708 1875 1771 hic
1945 1724 2076 1770 non
2137 1707 2428 1770 declaret

884 1825 1355 1902 suscipientem
1426 1840 1573 1886 esse
1648 1824 2176 1903 exprimendum,
2266 1824 2429 1887 illud

886 1939 1221 2014 supponit,
1271 1939 1422 2016 quia
1484 1943 1615 1999 tam
1658 1936 1865 1998 forma
1940 1954 2139 2017 quam
2184 1939 2430 2001 ablutio

881 2067 1005 2113 seu
1032 2056 1240 2122 actus,
1273 2056 1346 2113 ut
1374 2054 1760 2130 importatur
1812 2070 1934 2130 per
1982 2051 2280 2127 formam,
2312 2069 2425 2115 ve-

883 2166 1213 2230 rificantur
1258 2169 1425 2230 circa
1487 2169 1860 2248 subiectum
1917 2168 2293 2231 ablutionis,
2354 2171 2429 2231 Et

885 2286 967 2347 de
1010 2286 1138 2346 hoc
1193 2285 1366 2347 nulla
1422 2283 1544 2347 fuit
1607 2286 2077 2361 controversia,
2150 2292 2263 2348 aut
2329 2286 2425 2348 di-

883 2404 1156 2465 versitas
1210 2402 1278 2464 in
1328 2402 1456 2463 ritu
1504 2402 1722 2481 quoad
1779 2405 2235 2480 substantiam,
2279 2406 2433 2470 licet

886 2518 1108 2599 quoad
1140 2519 1401 2580 modum
1450 2523 2009 2599 grammaticalem
2060 2523 2429 2599 exprimen-

887 2638 951 2700 di
1017 2638 1487 2718 suscipientem
1562 2638 1756 2702 fuerit
1812 2643 2114 2717 varietaS,
2179 2641 2293 2720 qui
2364 2643 2430 2703 in

884 2753 1093 2817 forma
1151 2758 1520 2819 Latinorum
1581 2758 1646 2819 in
1700 2758 2054 2820 accusandi
2115 2775 2293 2829 casu,
2365 2758 2432 2818 in

882 2867 1090 2932 forma
1135 2872 1512 2935 Graecorum
1555 2874 1621 2935 in
1679 2874 2080 2936 nominativo
2127 2877 2430 2952 exprimi·

888 2991 1032 3061 tur3
1092 2978 1473 3065 exprimitur
1530 2994 1743 3050 tamen
1820 3003 2102 3067 persona
2154 2988 2433 3068 subjecti

883 3105 1284 3183 inutraque,
1319 3110 1384 3167 et
1440 3104 1824 3186 significatio
1883 3105 2103 3170 formai
2149 3108 2432 3185 practica

885 3222 1216 3300 adipsum
1267 3223 1587 3302 dirigitur.

966 3334 1321 3398 Concilium
1393 3343 1616 3400 autem
1688 3338 1978 3402 declarat
2021 3343 2433 3414 varietatem,

888 3470 1032 3532 quae
1116 3456 1438 3535 contingit
1509 3456 1677 3518 circa
1761 3458 2257 3537 expressionem
2330 3460 2434 3521 vel

884 3573 1427 3652 suppressionem
1483 3588 1781 3650 personae
1825 3577 2127 3650 ministri,
2177 3576 2245 3639 in
2285 3581 2427 3658 qui-

885 3691 1010 3752 bus
1076 3688 1198 3751 fuit
1243 3659 1581 3751 diversitas
1637 3690 1798 3753 ritus
1857 3691 2026 3754 inter
2079 3699 2431 3774 utramque

885 3806 1262 3869 Ecclesiam.
1311 3805 1656 3870 Conclusio
1690 3811 1887 3871 etiam
1926 3815 2109 3888 patet
2157 3813 2435 3874 Matthaei

884 3923 1115 3986 ultimo
1154 3926 1606 4001 :Baptizantes
1652 3942 1754 3986 eos
1797 3930 1866 3988 in
1918 3928 2174 3988 nomine
2216 3932 2434 3992 Patris

884 4050 940 4105 et
971 4043 1146 4116 Filii,
1181 4048 1303 4104 etc.
1357 4043 1466 4105 ubi
1523 4041 1801 4106 traditur
1847 4041 2056 4109 forma
2099 4046 2435 4124 baptizan-

888 4155 974 4232 di,
1008 4157 1112 4218 vel
1147 4160 1281 4238 jam
1332 4155 1566 4218 tradita
1617 4159 2002 4234 exprimitur
2040 4161 2231 4239 juxta
2275 4179 2433 4224 sen-

886 4289 1031 4335 sum
1087 4289 1506 4335 communem
1551 4279 1616 4335 et
1659 4275 2272 4352 interpretationem
2314 4279 2436 4339 Ec-

890 4387 1122 4450 clesiae.

969 4505 1311 4566 Dubitatur
1370 4510 1586 4566 autem
1647 4505 1819 4568 circa
1876 4505 2151 4567 modum
2216 4508 2433 4586 expri-

887 4623 1113 4686 mendi
1156 4628 1375 4685 actum
1434 4622 1834 4702 baptizandi,
1896 4641 1977 4686 an
2025 4624 2272 4687 debeat
2316 4644 2428 4688 ex·

887 4742 1100 4819 primi,
1176 4744 1250 4801 ut
1320 4744 1503 4801 actus
1574 4739 1873 4813 ministri,
1947 4740 2037 4801 ita
2111 4745 2187 4802 ut
2236 4742 2290 4802 si
2345 4740 2432 4804 ita

887 4861 1342 4939 restringatur,
1420 4863 1490 4918 ut
1564 4863 1900 4934 supponat
1968 4858 2247 4920 verbum
2317 4878 2434 4938 pro

885 4978 1145 5041 actione
1199 4976 1317 5037 Dei
1367 4979 1639 5048 tantum,
1707 4979 1782 5035 ut
1837 4974 1903 5035 in
1960 4975 2082 5035 hac
2162 4976 2438 5053 baptizet

886 5105 944 5159 te
1008 5100 1197 5170 Deus,
1283 5096 1366 5156 sit
1439 5092 1655 5154 valida
1724 5091 1984 5154 forma?
2053 5095 2441 5171 Respondet

885 5214 1038 5275 Soto
1108 5215 1176 5274 in
1230 5211 1363 5272 haec
1418 5209 1563 5272 dist.
1637 5214 1856 5286 quoest.
1931 5209 2124 5271 unica
2182 5215 2309 5271 art.
2371 5212 2434 5274 5.

885 5330 1151 5409 requiri,
1194 5333 1269 5390 ut
1309 5344 1441 5390 non
1487 5324 1899 5397 excludatur,
1964 5327 2259 5404 quamvis
2305 5344 2438 5388 non

889 5448 1170 5527 exigitur
1225 5447 1369 5526 ejus
1434 5445 1797 5523 expressio,
1857 5460 1935 5504 ac
1994 5444 2271 5522 proinde
2329 5444 2438 5506 illa

892 5565 1098 5627 forma
1157 5568 1332 5625 esset
1372 5561 1723 5624 sufficiens.
1773 5561 2184 5623 Contrarium
2245 5558 2440 5622 docet

895 5683 1190 5761 vasquez
1218 5682 1380 5758 disp.
1435 5681 1568 5741 142.
1615 5697 1759 5757 cap.
1791 5680 1852 5740 2.
1886 5684 2048 5753 tum,
2096 5677 2247 5757 quia
2275 5675 2437 5741 illud

2028 486 2173 547 LIB.
2224 485 2321 544 lV.
2370 478 2965 546 SENTENTIARUM

2534 643 2892 705 denotatur
2931 641 3133 703 verba
3199 641 3304 705 illa
3359 638 3659 712 Matthaei,
3711 652 3781 699 ex
3820 636 3989 715 quibus
4027 665 4080 721 tu

2535 760 2862 840 colligitur
2892 758 3230 836 expressio
3278 761 3487 827 actus,
3539 771 3683 833 quae
3734 740 4080 1093 expressio}

4013 867 4042 914 Ρ·

2535 894 2666 937 non
2725 878 3125 955 exigeretur,
3186 872 3312 933 nisi
3362 873 3813 948 importaretur
3846 876 3994 939 actus,

2535 999 2605 1053 ut
2661 1009 2697 1054 a
2765 993 3055 1052 ministro
3128 994 3249 1061 est,
3324 988 3614 1067 alioquin
3686 986 4003 1047 tribueretur
4062 1038 4065 1045 .

2538 1113 2668 1170 tota
2712 1109 2875 1169 actio
2928 1108 3090 1179 De0,
3142 1110 3205 1167 et
3246 1104 3680 1166 denotaretur
3716 1102 4001 1163 ministrum

2536 1228 2692 1289 nihil
2733 1242 3150 1299 concurrere,
3184 1241 3407 1305 neque
3439 1227 3900 1302 consequenter
3930 1222 4003 1284 Sa·

2540 1349 2869 1406 cramenta
2914 1361 2949 1405 a
2993 1359 3065 1404 se
3118 1344 3266 1405 data
3327 1357 3476 1403 esse
3527 1356 3790 1402 causam
3833 1340 4007 1418 gratia,

2538 1462 2656 1525 sed
2702 1461 2913 1522 solum
2965 1462 3194 1521 Deum.

2620 1577 3118 1655 Consequenter
3152 1574 3308 1636 dicit
3336 1574 3513 1634 illam
3552 1572 3849 1643 formam,
3878 1587 4009 1649 quam

2539 1693 2860 1771 approbat
2903 1692 3121 1763 SotuS,
3179 1706 3313 1753 non
3369 1704 3521 1751 esse
3564 1686 3864 1758 validam,
3913 1688 4008 1765 quia

2541 1816 2833 1872 reservat
2883 1809 3041 1871 nihil
3095 1808 3433 1879 ministro;
3493 1812 3641 1867 tum
3738 1805 3875 1884 quia
3928 1820 4011 1865 non

2545 1926 2855 2004 competit
2899 1926 3035 1986 Deo
3088 1920 3414 2001 baptizare
3457 1922 3524 1983 in
3577 1922 3841 1983 nomine
3875 1920 4015 1980 Patris

2544 2049 2609 2107 et
2641 2043 2774 2105 Filii
2819 2047 2886 2105 et
2915 2042 3190 2120 Spiritus
3219 2040 3453 2113 sancti,
3504 2040 3668 2118 quia
3704 2040 3806 2101 bic
3846 2036 4015 2100 modus

2543 2163 2815 2225 denotat
2886 2160 3362 2232 auctoritatem,
3424 2173 3630 2235 quam
3703 2172 3829 2217 non
3878 2154 4016 2216 habet

2539 2282 2717 2342 Deus
2773 2282 2839 2340 in
2883 2293 2980 2350 se,
3028 2276 3148 2339 sed
3207 2276 3274 2336 in
3317 2273 3647 2346 ministro,
3698 2274 3872 2354 cujus
3916 2271 4015 2332 aeti-

2547 2398 2654 2459 oni
2684 2401 2863 2458 recte
2895 2393 3161 2456 additur
3188 2393 3291 2455 illa
3329 2392 3654 2472 particula
3702 2393 3769 2453 in
3810 2391 4012 2451 nomine.

2543 2511 2845 2574 Secundo
2906 2511 3203 2590 sequitur
3264 2511 3317 2571 si
3387 2506 3604 2571 forma
3664 2524 3785 2588 per
3819 2504 4015 2568 modum

2539 2628 2909 2708 imperandi
2965 2624 3362 2706 proferatur,
3430 2626 3520 2688 ita
3571 2630 3652 2687 ut
3728 2630 3894 2687 actus
3948 2622 4013 2682 ille

2545 2746 2966 2825 exprimatur,
3028 2748 3100 2806 ut
3173 2741 3473 2817 ministri,
3562 2742 3846 2807 validam
3904 2756 4014 2805 effic

2544 2868 2693 2944 quia
2721 2863 2813 2925 sic
2866 2865 3214 2925 auctoritas
3257 2877 3376 2939 per
3418 2859 3933 2939 Prosopopoeiam
3962 2857 4015 2916 di·

2544 2983 2776 3061 rigitur
2819 2979 2904 3041 ad
2937 2979 3272 3051 effectum,
3319 2981 3489 3039 sicut
3531 2976 3589 3038 si
3650 2978 3795 3056 quis
3838 2993 3907 3037 ex
3936 2972 4015 3034 fide

2542 3086 2825 3177 imperet
2865 3095 3081 3157 arbori
3136 3093 3648 3169 transplantare.
3710 3091 3910 3153 Tertio
3955 3103 4016 3148 se·

2545 3218 2787 3296 quitur,
2847 3217 2901 3277 si
2972 3211 3344 3291 proferatur
3414 3209 3864 3287 deprecative,
3920 3204 4017 3267 nihil

2541 3333 2704 3405 fieri,
2764 3331 2886 3394 nisi
2947 3329 3304 3391 denotetur
3357 3344 3480 3405 per
3533 3328 3740 3390 verba
3786 3322 4015 3405 adjuncta

2546 3454 2733 3524 actio,
2786 3453 2861 3512 ut
2901 3448 3201 3526 procedit
3262 3465 3299 3508 a
3355 3447 3688 3518 ministro,
3777 3448 3912 3524 quia
3965 3438 4015 3499 si

2545 3566 2837 3648 rejicitur
2892 3569 3024 3629 tota
3080 3567 3251 3625 actio
3300 3562 3366 3624 in
3432 3565 3669 3626 Deum.
3732 3561 3904 3626 Unde
3937 3558 4020 3617 haze

2543 3679 2823 3744 invalida
2855 3684 3035 3741 esset
3094 3696 3109 3739 ε
3163 3679 3538 3754 Baptizetur
3578 3695 3805 3739 servus
3853 3671 4023 3738 cmc

2544 3807 2612 3865 in
2639 3805 2894 3864 nomine
2926 3802 3130 3862 Patris
3172 3805 3227 3860 et
3260 3801 3413 3861 Filii
3448 3805 3504 3859 et
3536 3801 3830 3876 Spiritus
3862 3793 4023 3859 sancti.

2544 3921 2599 3981 si
2658 3917 3077 3995 deprecativa
3151 3919 3271 3976 est.
3347 3917 3488 3976 Haec
3546 3918 3775 3975 autem
3828 3908 4023 3975 valida:

2535 4053 2663 4114 per
2716 4037 2907 4096 istam
2970 4032 3362 4094 ablutionem
3416 4034 3711 4094 remittat
3752 4033 3863 4093 tibi
3904 4033 4023 4089 Deus

2538 4161 2809 4233 peccata
2864 4162 3002 4226 tua,
3062 4152 3228 4213 sicut
3281 4153 3345 4214 in
3402 4152 3827 4213 Sacramento
3867 4146 4026 4212 Uncti·

2545 4274 2690 4336 onis
2726 4294 2739 4334 :
2774 4276 2899 4334 Per
2928 4274 3120 4333 istam
3147 4285 3408 4332 sacram
3460 4273 3823 4333 Unctionem
3872 4262 4025 4325 remit·

2546 4393 2639 4451 tat
2679 4389 2802 4450 tibi
2827 4391 3018 4459 DeuS,
3067 4390 3196 4448 etc.

2627 4505 3090 4585 Respondetur
3132 4510 3350 4566 tamen
3408 4505 3471 4565 in
3530 4502 3738 4563 forma
3800 4515 3913 4562 non
3954 4512 4022 4556 ex·

2547 4625 2741 4705 primi
2781 4623 3158 4685 necessario
3221 4621 3573 4694 actionem,
3622 4624 3697 4681 ut
3740 4624 3833 4680 est
3879 4633 3909 4677 a
3948 4614 4025 4671 mi·

2546 4746 2791 4816 nistr0;
2871 4744 2969 4801 est
3041 4736 3359 4811 DoctoriS,
3432 4738 3507 4798 D.
3584 4735 4074 4806 Bonaventurae.1’3

2547 4862 2652 4923 hic
2693 4861 2761 4920 in
2820 4860 2875 4919 l.
2929 4874 2997 4934 p.
3060 4857 3260 4917 dist...
3311 4859 3436 4917 art.
3495 4857 3556 4917 2.
3609 4859 3821 4932 quaest.
3872 4851 3913 4910 Ι.
3947 4846 4053 4916 lli-t

2551 4974 2773 5040 ohardi
2825 4972 2965 5033 loco
3028 4972 3240 5044 citata,
3303 4970 3591 5034 Durandi
3643 4974 3844 5047 quaest.
3876 4962 4016 5026 1.Pa·

2548 5090 2773 5153 ludani
2815 5088 3078 5160 ibidem,
3139 5087 3457 5149 Gabrielis
3519 5096 3645 5150 art.
3711 5090 3763 5148 l.
3814 5054 4055 5146 Adriani*

2550 5211 2617 5271 in
2668 5210 2728 5270 4.
2791 5213 3008 5284 quaest.
3059 5207 3114 5268 l.
3162 5205 3200 5285 S
3289 5209 3384 5270 Ad
3423 5207 3788 5274 videndum,
3839 5203 3936 5260 etc.
3968 5194 4010 5250 el

2550 5324 2865 5398 omnium,
2929 5322 3039 5402 qui
3091 5319 3369 5383 formam
3430 5322 3787 5384 Graecomm
3832 5307 4003 5378 intelli·

2547 5446 2715 5523 gunt
2765 5440 3207 5518 deprecative,
3240 5440 3306 5502 in
3337 5456 3465 5519 qua
3508 5455 3642 5502 non
3687 5427 4003 5514 significatur

2549 5559 2713 5622 actio
2752 5561 2827 5619 ut
2866 5557 3158 5632 ministri,
3206 5557 3312 5620 vel
3354 5562 3427 5619 ut
3474 5560 3578 5618 est
3607 5572 3644 5618 a
3674 5553 3914 5615 ministro
3949 5549 3998 5597 ex

2546 5674 2610 5737 vi
2638 5674 3019 5737 verborum.
