4255 6375
794 404 915 466 546

465 1044 802 1177 lmpu3gbatur

571 1178 703 1218 ratio

501 1234 758 1296 vasquez.

496 3868 546 3919 N
547 3883 615 3918 on
652 3882 761 3918 esse

547 3947 706 3982 unum

477 3994 789 4046 Sacramen-

573 4063 683 4108 tum

465 4134 528 4167 ex
581 4120 780 4171 unitate

466 4181 789 4255 significatio-

570 4261 649 4295 ms
660 4284 674 4298 .

811 568 1149 631 ablutione
1180 570 1574 648 baptismali,
1610 572 1677 632 in
1708 585 2126 650 quacumque
2177 574 2365 647 parte

810 681 943 757 fiat,
1013 686 1107 747 sic
1141 687 1335 748 etiam
1381 692 1709 750 sumerent
1762 687 2081 749 unitatem
2130 705 2164 747 a
2216 687 2369 748 sub·

805 801 985 881 jecto
1045 802 1111 864 in
1155 807 1480 866 sententia
1553 805 1706 865 Soti.
1783 805 1878 865 De
1947 804 2073 864 hoc
2125 799 2366 865 funda-

818 923 1038 980 mento
1070 918 1225 980 satis
1260 919 1503 982 dictum
1534 927 1634 983 est
1660 922 1823 983 locis
1863 918 2166 998 praefatis.

903 1034 1032 1095 Sed
1063 1052 1188 1097 nec
1228 1041 1572 1115 responsio
1603 1038 1739 1115 ipsa
1773 1038 2071 1116 vasquez
2100 1037 2367 1098 omnino

823 1147 1157 1223 satisfacit,
1217 1153 1365 1230 quia
1424 1152 1576 1213 licet
1634 1151 1857 1229 plures
1922 1167 2027 1212 res
2084 1151 2371 1229 physicae

821 1268 1175 1328 convenire
1208 1268 1481 1344 possint,
1516 1272 1588 1328 ut
1617 1267 1773 1327 locis
1804 1264 2096 1344 praefatis
2127 1268 2370 1326 Doctor

818 1380 992 1442 bene
1025 1382 1323 1459 explicat,
1386 1381 1470 1443 ad
1513 1380 1922 1470 fundandam
1984 1381 2367 1444 relationem

817 1514 1019 1558 unam
1075 1498 1246 1579 signi
1305 1515 1387 1559 ex
1444 1500 1762 1574 insutum,
1817 1501 1987 1560 sicut
2031 1501 2093 1560 in
2147 1500 2371 1559 Sacra·

816 1617 1054 1677 mentis
1098 1630 1203 1675 res
1234 1619 1300 1677 et
1329 1616 1533 1677 verba
1594 1613 1678 1676 ad
1722 1631 1924 1676 unam
1976 1614 2372 1691 completam

814 1729 1364 1807 significationem
1441 1731 1897 1804 Sacramenti;
1976 1735 2198 1792 tamen
2253 1729 2366 1790 ista

813 1845 949 1907 haec
1009 1849 1225 1908 omnia
1271 1851 1424 1910 sunt
1483 1846 1995 1909 fundamentum
2038 1844 2367 1924 significa-

812 1964 1028 2037 tioni8‚
1102 1969 1175 2025 ut
1215 1980 1423 2025 unum
1488 1966 1632 2026 sine
1683 1965 1886 2027 altero
1945 1968 2240 2042 nequeat
2280 1964 2371 2023 si-

810 2081 1121 2162 gnificare
1212 2088 1527 2157 seorsim,
1611 2089 1763 2164 quia
1842 2091 2152 2146 neutrum
2226 2087 2368 2147 sine

815 2201 1022 2263 altero
1093 2206 1193 2262 est
1262 2202 1639 2262 institutum
1697 2201 1779 2263 ad
1838 2199 2363 2281 significandum.

816 2319 891 2378 Et
949 2317 1246 2395 quamvis
1293 2316 1634 2396 quodlibet
1679 2334 1909 2380 eorum
1969 2319 2034 2380 in
2091 2334 2222 2378 esse
2273 2317 2370 2377 rei

817 2449 951 2494 non
1009 2432 1374 2507 ordinetur,
1421 2439 1493 2496 ut
1549 2451 1851 2512 compars
1924 2434 2214 2507 alterium
2284 2430 2370 2494 ad

816 2550 1084 2630 aliquod
1130 2569 1336 2614 unum
1395 2555 1462 2613 in
1510 2570 1643 2615 esse
1697 2555 1814 2625 rei,
1864 2557 2085 2614 tamen
2136 2553 2202 2612 in
2240 2568 2370 2613 esse

819 2669 990 2748 signi
1033 2670 1123 2731 ita
1166 2671 1525 2745 ordinatur,
1581 2675 1655 2731 ut
1698 2686 1778 2730 ex
1842 2671 1917 2731 iis
1972 2669 2166 2730 simul
2212 2684 2369 2728 coa-

819 2784 1026 2846 lescat
1080 2785 1415 2865 integrum
1468 2785 1978 2847 fundamentum
2037 2782 2364 2864 significa-

819 2903 1054 2977 tionis;
1127 2922 1286 2984 ergo
1350 2921 1486 2966 non
1545 2909 1725 2966 recte
1786 2904 2155 2982 applicatur
2221 2905 2366 2965 haec

816 3020 1113 3082 doctrina
1155 3019 1237 3083 ad
1284 3022 1653 3083 institutum
1720 3020 2056 3097 praesentis
2100 3022 2360 3099 quaesti-

813 3139 982 3212 onis,
1051 3140 1201 3217 quia
1264 3141 1391 3199 tam
1452 3135 1697 3198 ablutio
1758 3153 1956 3215 quam
2007 3134 2246 3209 forma,
2290 3138 2364 3198 ut

814 3262 916 3318 est
959 3256 1040 3317 ab
1082 3272 1243 3328 unc,
1277 3270 1398 3332 per
1434 3269 1506 3313 se
1552 3251 1876 3332 significat
1924 3253 2235 3314 effectum
2280 3269 2363 3313 ex

814 3373 1220 3433 institutione
1281 3368 1519 3440 divina,
1568 3375 1633 3430 et
1704 3368 1979 3445 perinde
2026 3368 2363 3446 significa-

815 3493 914 3548 ret
967 3488 1262 3556 seorsim,
1322 3502 1402 3546 eo
1460 3484 1652 3546 modo
1713 3502 1843 3563 quo
1901 3483 2225 3564 significat
2293 3483 2362 3547 in

817 3621 1140 3667 concursu
1209 3604 1500 3675 alteriuS,
1578 3607 1898 3681 quantum
1971 3610 2068 3664 est
2138 3620 2218 3664 ex
2297 3603 2360 3664 vi

812 3720 1261 3792 institutioniS,
1313 3734 1458 3798 quae
1511 3719 1577 3779 in
1620 3718 1819 3780 nihilo
1872 3722 2187 3788 mutatur,
2220 3720 2360 3780 sive

813 3839 973 3899 alius
1034 3840 1402 3908 concurrat,
1450 3835 1585 3896 sive
1632 3849 1764 3895 non
1803 3841 2184 3908 concurrat3
2243 3832 2359 3894 de-

813 3956 970 4018 inde
1031 3956 1227 4016 etiam
1294 3970 1414 4032 per
1482 3969 1875 4014 concursum
1936 3954 2226 4024 alteriuS‚
2290 3956 2365 4013 ut

815 4072 958 4149 ipse
1020 4071 1179 4143 vult,
1239 4084 1372 4131 una
1425 4069 1670 4130 ablutio
1741 4073 1805 4129 et
1861 4068 2162 4147 prolatio,
2224 4084 2357 4128 non

816 4190 1215 4249 concurrunt
1264 4189 1339 4246 ut
1395 4190 1617 4261 partes
1679 4183 1765 4245 ad
1824 4182 2359 4246 constituendum

810 4320 1011 4366 unum
1043 4306 1559 4371 Sacramentum,
1610 4317 1759 4360 cum
1820 4300 1896 4360 iis
1949 4316 2089 4377 quae
2131 4315 2360 4377 proce-

813 4417 976 4478 dunt
1004 4416 1087 4477 ab
1119 4417 1368 4488 altero;
1424 4431 1585 4493 ergo
1632 4415 1828 4475 etiam
1873 4431 2096 4492 neque
2146 4431 2358 4476 unum

808 4534 1071 4612 signum
1142 4532 1541 4594 Sacramenti
1628 4530 1821 4591 simul
1902 4532 2355 4606 constituunt;

809 4667 967 4731 ergo
1017 4666 1163 4712 cum
1226 4648 1568 4729 quodlibet
1624 4651 1706 4710 sit
1765 4646 2038 4710 divisum
2098 4650 2178 4710 ab
2233 4648 2356 4709 alio

806 4770 871 4830 in
903 4769 1153 4829 ratione
1184 4766 1611 4836 Sacramenti,
1657 4764 1749 4824 sic
1782 4765 1979 4826 etiam
2010 4768 2075 4827 in
2105 4765 2357 4825 ratione

747 4868 755 4876 ’
803 4885 974 4947 sacri
1031 4883 1226 4964 signi,
1288 4901 1365 4944 ac
1427 4880 1708 4959 proinde
1778 4882 1902 4943 alia
1961 4886 2029 4943 et
2085 4883 2210 4945 alia
2257 4886 2360 4944 est

804 4998 1189 5081 significatio
1254 4994 1468 5058 totalis
1542 5011 1794 5068 eorum,
1855 4995 1978 5056 nisi
2028 4995 2188 5056 velit
2259 4994 2352 5056 di-

807 5132 957 5179 cere
1004 5116 1497 5176 Sacramentum
1555 5111 1915 5172 subsistere
1961 5110 2103 5171 sine
2159 5110 2357 5189 signi-

801 5232 1107 5295 ficatione
1153 5246 1283 5308 qua
1330 5227 1764 5289 constituitur.

887 5350 954 5410 ln
1001 5346 1339 5426 proposito
1386 5346 1610 5405 autem
1659 5346 1914 5403 certum
1963 5345 2065 5402 est
2110 5342 2351 5404 abluti-

805 5481 1002 5528 onem
1054 5469 1120 5527 et
1173 5462 1453 5525 formam
1511 5460 1833 5538 prolatam
1890 5459 1972 5520 ab
2016 5476 2175 5532 un0,
2220 5474 2354 5521 non

804 5582 1105 5644 amittere
1153 5591 1343 5638 suam
1384 5570 1934 5652 significationem
1979 5586 2354 5633 sacramen·

1956 409 2098 472 LIB.
2150 409 2251 471 Ν.
2295 407 2894 476 SENTENTIARUM

2479 571 2674 632 talem
2720 590 2842 651 per
2898 577 3477 638 concomitantiam
3532 579 3812 651 alterius
3862 582 3989 658 quia

2476 687 2601 748 hoc
2633 694 2734 750 est
2774 689 3285 756 fundamentum
3335 711 3687 757 commune
3729 699 3989 757 omnium

2476 804 2543 864 in
2588 803 2710 863 hac
2769 808 3211 881 conclusione,
3260 806 3444 889 quod
3500 811 3753 872 nullum
3821 822 3991 877 esset.

2478 919 2729 981 nisiex
2796 924 3252 1001 suppositione
3323 926 3820 1006 significationis
3876 947 3997 1007 pro·

2481 1036 2648 1108 priae,
2704 1041 2830 1099 tam
2887 1043 3084 1105 unius
3149 1061 3346 1123 quam
3422 1046 3685 1108 alterius
3758 1047 3993 1111 actionis

2482 1151 2548 1208 et
2575 1152 2996 1229 prolationis;
3034 1174 3116 1219 ex
3159 1176 3290 1237 quo
3340 1158 3700 1222 destruitur
3740 1161 3893 1223 illud
3931 1180 3990 1223 ex

2480 1281 2611 1342 quo
2651 1271 2965 1333 unitatem
3011 1273 3203 1352 hujus
3258 1276 3750 1357 significationis
3825 1278 3995 1340 desu-

2480 1387 2616 1455 mit,
2651 1405 2893 1467 nempe
2940 1409 3022 1454 ex
3054 1413 3134 1458 eo
3178 1397 3357 1475 quod
3401 1399 3592 1461 simul
3638 1406 3995 1461 concurrant
4061 1433 4104 1480 δὲ

2481 1495 2566 1557 ad
2594 1501 3092 1579 significandum
3145 1514 3210 1570 et
3261 1512 3676 1573 causandum
3721 1514 3994 1575 eumdem
4029 1495 4104 1557 (ἢ

2480 1627 2756 1678 numero
2801 1621 3137 1696 effectum,
3182 1642 3319 1688 non
3370 1635 3652 1705 possunt
3704 1629 3996 1693 diversum

2480 1728 2792 1794 effectum
2839 1736 3235 1816 significare,
3266 1758 3344 1802 ac
3414 1744 3700 1823 proinde
3755 1763 3876 1806 nec
3922 1746 3998 1806 di·

2478 1861 2736 1910 versam
2781 1866 3058 1917 numero
3113 1857 3671 1936 significationem
3721 1870 3832 1925 aut
3878 1863 3995 1923 rati·

2479 1980 2678 2026 onem
2737 1968 3140 2035 Sacramenti
3171 1977 3238 2036 in
3269 1992 3341 2037 se
3372 1977 3651 2040 habere.
3708 1981 3849 2042 Haec
3887 1980 3991 2040 ille.

2480 2079 2610 2141 Sed
2650 2090 3029 2161 oppositum
3085 2100 3558 2171 consequentis
3615 2100 3908 2176 sequitur
3929 2093 4104 2158 exse?

2479 2199 2944 2280 antecedente,
2982 2207 3134 2284 quia
3171 2210 3512 2289 antiquam
3557 2213 3992 2277 institutionem

2476 2317 2766 2378 retinent
2812 2322 2879 2383 in
2923 2328 3410 2404 concurrentia,
3471 2346 3698 2409 neque
3745 2349 3826 2393 ex
3879 2350 3993 2393 con·

2480 2437 2810 2497 currentia
2852 2444 3142 2503 variatur
3181 2444 3529 2521 institutiO,
3565 2446 3634 2509 in
3665 2466 3798 2527 qua
3827 2450 3993 2509 omnis

2477 2544 2862 2624 significatio
2920 2558 2987 2615 et
3045 2554 3334 2620 efficacia
3397 2576 3625 2624 rerum
3697 2561 3979 2626 fundatur.

2481 2678 2638 2740 ergo
2685 2667 2738 2725 sl
2791 2679 3129 2747 nequeant
3187 2690 3595 2738 concurrere
3662 2684 3736 2739 ut
3794 2686 3979 2756 partes,

2477 2782 2571 2841 sic
2616 2781 2809 2844 etiam
2867 2802 3090 2865 neque
3157 2789 3407 2852 habere
3465 2794 3534 2854 in
3595 2811 3672 2856 se
3731 2794 3986 2857 eamdem

2475 2897 3025 2977 significationem
3073 2923 3373 2981 numer0‚
3409 2914 3531 2972 aut
3557 2914 3884 2975 rationem
3906 2913 3988 2973 Sa·

2483 3016 2825 3077 cramenti.

2558 3129 2938 3196 Confirmari
2981 3141 3203 3215 potest
3265 3138 3350 3202 de
3407 3140 3909 3208 circumcisione
3943 3148 3990 3206 et
4075 3170 4104 3216 3,

2478 3243 2833 3322 BaptismO,
2891 3253 3229 3328 supposita
3275 3258 3606 3318 sententia
3661 3262 3992 3337 Augustini,
4015 3235 4104 3340 (ἔξ

2480 3358 2563 3421 de
2593 3359 2880 3426 efficacia
2926 3365 3495 3444 circumcisionis;
3532 3374 3668 3436 haec
3710 3381 3988 3453 quantum
4013 3362 4105 3468 Βῆ

2476 3476 2558 3538 ad
2633 3478 3032 3544 deletionem
3091 3486 3427 3566 originalis
3500 3490 3679 3552 idem
3746 3487 4105 3590 numer-affl:

2472 3592 2953 3670 significabant,
3008 3606 3198 3661 erant
3251 3607 3474 3665 tamen
3517 3608 3706 3685 sigua
3767 3606 3990 3669 diversa
4027 3609 4104 3686 ἐκ

2475 3715 2542 3769 et
2596 3709 3042 3789 Sacramenta,
3103 3717 3302 3779 etiam
3361 3722 3584 3798 quoad
3636 3723 3808 3785 hunc
3854 3725 3986 3785 effe·
4021 3681 4105 3782 ἓξ

2474 3835 2671 3885 ctum.
2710 3827 2839 3888 Sed
2872 3833 3024 3909 quia
3075 3835 3465 3910 responderi
3512 3844 3735 3914 potest
3768 3839 3849 3901 de
3875 3840 3992 3901 aliis

2474 3941 2820 4006 effectibus
2851 3946 3184 4023 Baptismi,
3247 3950 3433 4013 aliter
3488 3955 3822 4030 probatur,
3868 3954 3989 4034 quia

2473 4056 2840 4134 Baptismus
2899 4062 3171 4125 iteratus
3228 4071 3327 4127 est
3376 4070 3644 4147 signum
3689 4070 3988 4133 diversum

2472 4188 2509 4232 a
2582 4175 2907 4252 Baptismo
2955 4179 3168 4241 valide
3231 4183 3491 4259 collato,
3568 4190 3636 4248 et
3687 4188 4105 4274 diver-sumfffl

4001 4295 4020 4312 ζ.

2471 4306 2745 4353 numero
2792 4294 3310 4373 Sacramentum,
3345 4302 3506 4364 alias
3549 4318 3681 4366 non
3729 4297 4105 4399 commit-ff}

2474 4410 2720 4469 teretur
2773 4413 3196 4492 sacrilegium
3253 4417 3596 4481 iteratione
3658 4422 3841 4501 ejus;
3887 4418 3986 4482 sed
4027 4426 4104 4474 Ψ

2470 4531 2752 4604 uterque
2787 4528 2989 4591 habet
3018 4529 3194 4594 idem
3236 4551 3512 4598 numero
3556 4537 3979 4617 significatum,

2469 4645 2543 4701 ut
2599 4659 2719 4720 per
2767 4661 2839 4706 se
2889 4652 3149 4710 constat
3188 4652 3255 4712 in
3313 4652 3574 4727 virtute,
3622 4656 3775 4734 quin
3815 4655 3984 4717 etiam

2468 4757 2666 4837 aliqui
2738 4761 2988 4838 PatreS‚
3061 4769 3134 4824 ut
3212 4784 3413 4845 supra
3484 4775 3809 4832 ostensum
3880 4773 3981 4840 δί,

2468 4870 2620 4934 ideo
2699 4875 3144 4952 baptizantem
3217 4879 3438 4944 denuo
3496 4900 3772 4960 peccare
3829 4898 3983 4943 asse·

2467 4995 2643 5066 runt,
2721 4993 2875 5071 quia
2930 5002 3248 5074 quantum
3308 5004 3411 5060 est
3467 4998 3550 5061 de
3631 5017 3727 5078 se,
3793 4997 3982 5060 reddit

2464 5112 2729 5189 signum
2771 5111 3032 5177 falsum.
3087 5114 3217 5176 Sed
3266 5115 3398 5180 haec
3448 5117 3724 5195 perinde
3767 5135 3836 5180 se
3876 5117 3980 5178 ha·

2464 5225 2648 5301 beat,
2693 5231 3032 5306 supposito
3078 5228 3518 5294 fundamento
3570 5234 3872 5312 Vasqvez,
3912 5247 3976 5291 ac

2462 5341 2516 5400 si
2548 5341 2744 5403 simul
2775 5349 3265 5416 concurrerent,
3313 5354 3637 5426 quantum
3673 5347 3750 5409 ad
3794 5347 3974 5426 signi-

2458 5453 2853 5530 ficationem,
2918 5476 3062 5538 quae
3121 5461 3399 5541 singulis
3459 5467 3758 5542 competit
3807 5477 3971 5525 eum-

2458 5571 2611 5636 dem
2653 5591 2928 5638 numero
2986 5577 3305 5640 effectum
3346 5579 3723 5661 significant,
3782 5593 3969 5660 quan·
