4255 6375
1548 340 1750 404 DlST.
1802 337 1844 401 l.
1882 332 2244 412 QUAEsTlo
2299 336 2347 403 1.
3474 324 3553 390 cl

290 506 802 600 praerequisita,
873 510 1042 582 sicut
1113 531 1440 601 generans
1508 508 1689 595 prius
1740 500 1875 589 agit

296 647 436 712 per
494 630 773 698 formam
833 631 1295 699 accidentalem
1365 628 1431 693 in
1506 622 1871 699 materiam,

111 768 214 865 ἔξω
300 743 533 831 ipsam
568 746 1003 833 disponendo,
1037 767 1232 834 quam
1264 765 1379 832 per
1411 742 1686 808 formam
1718 736 1877 804 sub-

111 893 224 927 am.
303 861 739 941 stantialem3
787 863 851 928 in
892 863 1226 949 proposito
1276 872 1491 927 autem
1556 876 1683 923 non
1725 873 1879 939 sup-

306 981 597 1067 ponitur
650 980 728 1045 ad
779 978 1132 1044 terminum
1192 974 1566 1052 creationiS,
1611 970 1721 1059 qui
1780 980 1880 1037 est

306 1115 403 1160 ex
448 1095 681 1173 nihile,
718 1093 934 1181 aliqua
962 1091 1229 1159 materia
1259 1087 1686 1177 disponenda,
1722 1104 1881 1171 ergo

309 1232 545 1298 neque
588 1209 980 1297 principium
1018 1207 1366 1275 creationis
1414 1202 1883 1272 subordinatur

309 1324 522 1392 alicui
572 1324 757 1391 alteri
806 1324 991 1410 prius
1021 1322 1242 1411 agenti
1294 1342 1410 1409 per
1442 1317 1708 1385 modum
1747 1315 1880 1383 dis-

312 1441 665 1526 ponentis.

111 1584 279 1632 mbor-
416 1558 534 1623 Vel
584 1556 865 1644 denique
912 1556 1055 1622 baec
1093 1551 1539 1621 subordinatio
1580 1561 1754 1618 esset
1800 1569 1882 1613 ex

112 1652 221 1758 ζῖἷζζ
314 1672 764 1759 dependentia
806 1672 1109 1759 principii
1148 1671 1455 1749 creantis,
1501 1680 1614 1735 aut
1668 1665 1879 1753 ipsius

111 1778 261 1882 ‘ffffifi
313 1789 595 1857 termini
665 1789 1016 1856 creationis
1074 1788 1154 1853 ab
1202 1787 1420 1875 aliquo
1486 1785 1613 1850 alio
1668 1795 1884 1850 creato

113 1896 266 1947 ²⁰⁶⁸·
310 1918 639 1993 tanquam
698 1926 891 1972 causa
947 1903 1316 1990 principali,
1389 1902 1502 1968 sed
1574 1901 1697 1967 boc
1756 1921 1883 1966 non

310 2023 631 2090 subsistit
662 2022 812 2109 quia
854 2033 983 2087 tam
1050 2020 1374 2087 terminus
1429 2038 1624 2106 quam
1669 2017 1882 2104 ipsum

312 2137 726 2224 principium
758 2157 1010 2212 creans,
1058 2136 1425 2202 absolvitur
1463 2155 1499 2201 a
1559 2133 1826 2200 materia
1865 2157 1879 2212 ;

312 2274 487 2340 ergo
527 2253 725 2320 etiam
754 2252 835 2318 ab
864 2251 1043 2317 omni
1102 2262 1339 2338 agente
1374 2250 1817 2338 dependenter
1849 2270 1885 2315 a

316 2369 619 2448 materia,
664 2369 855 2456 quale
912 2379 1012 2433 est
1068 2386 1259 2434 omne
1326 2387 1529 2453 agens
1592 2378 1880 2433 creatum

316 2485 689 2554 secundum
721 2484 1030 2551 virtutem
1072 2485 1386 2552 innatam.

119 2654 289 2701 subor-
411 2603 532 2667 Vel
572 2612 747 2667 esset
776 2599 966 2665 tertio
1000 2602 1141 2665 haec
1172 2599 1602 2686 dependentia
1633 2601 1714 2666 ab
1755 2599 1882 2664 alio

111 2722 257 2827 2253
319 2728 643 2802 tanquam
682 2713 1048 2801 applicante
1079 2742 1092 2794 ;
1129 2720 1191 2779 et
1223 2714 1347 2780 hoc
1380 2732 1532 2792 non,
1570 2713 1721 2799 quia
1751 2713 1882 2778 vir-

267 2815 280 2830 ’
322 2846 437 2898 tus
480 2832 628 2897 talis
677 2830 980 2918 principii
1011 2841 1111 2896 est
1139 2829 1576 2897 actualissima
1616 2842 1681 2896 et
1733 2849 1885 2920 pro·

325 2950 508 3015 xima
549 2947 837 3034 potentia
885 2960 1182 3033 respectu
1216 2947 1477 3013 termini
1508 2945 1879 3024 creationis,

324 3077 393 3131 et
434 3065 502 3129 in
544 3065 670 3130 boc
698 3063 1020 3130 excedens
1055 3082 1315 3130 omnem
1348 3062 1566 3141 aliam,
1603 3083 1752 3149 quae
1775 3061 1882 3127 de·

328 3179 574 3267 pendet
622 3201 657 3246 a
711 3179 1030 3266 subjectO,
1101 3191 1212 3245 aut
1284 3177 1412 3245 alio
1485 3177 1879 3257 extrinse00‚

330 3309 568 3383 estque
608 3295 675 3360 in
733 3316 803 3361 se
847 3294 1276 3361 determinata
1324 3295 1400 3361 ad
1459 3294 1787 3372 effectum,
1823 3303 1887 3359 et

334 3433 468 3478 non
504 3411 884 3478 indifferens
924 3410 1361 3477 indifferentia
1402 3411 1709 3497 potentiae
1741 3431 1884 3498 pas·

332 3529 527 3607 sivae,
588 3549 736 3615 quae
776 3527 1071 3614 exigeret
1130 3527 1408 3615 aliquam
1451 3526 1885 3593 actualitatem

111 3645 302 3752 ζξηξξὲξῑ·
334 3644 850 3732 superadditam,
931 3643 1076 3710 sive
1127 3664 1239 3731 per
1280 3642 1542 3709 modum
1611 3642 1886 3709 conditi-

335 3760 510 3838 oniS,
554 3759 698 3825 sive
762 3779 876 3846 per
919 3759 1177 3825 modum
1218 3758 1517 3845 principii
1552 3756 1884 3824 intrinseci

338 3886 454 3941 aut
492 3873 869 3953 extrinseci,
906 3875 1047 3940 sive
1087 3895 1201 3961 per
1230 3874 1734 3941 summationem
1770 3875 1886 3940 im-

337 3990 721 4076 pedimenti,
776 3991 927 4078 quia
997 3989 1246 4056 nullum
1306 3991 1547 4077 patitur
1621 3990 1889 4076 impedi·

337 4121 658 4189 mentum,
732 4129 769 4175 a
833 4106 1009 4173 nulla
1060 4107 1456 4188 conditione,
1500 4119 1613 4175 aut
1650 4108 1888 4195 princi·

336 4223 446 4309 pio
477 4221 834 4310 dependet;
884 4233 950 4288 et
978 4224 1281 4309 quamvis
1312 4235 1487 4290 esset
1518 4223 1722 4304 finita,
1761 4246 1889 4290 non

337 4339 584 4425 patitur
639 4338 921 4426 aliquam
972 4339 1298 4426 sphaeram
1352 4340 1729 4420 activitatiS,
1778 4362 1891 4427 per

336 4475 533 4542 quam
574 4466 822 4541 peteret
850 4454 1160 4541 applicari
1202 4454 1279 4521 ad
1330 4455 1592 4543 aliquod
1638 4455 1890 4523 distans

337 4570 405 4635 in
436 4569 609 4658 quod
649 4583 894 4658 ageret,
952 4569 1103 4658 quia
1162 4592 1290 4636 non
1332 4571 1645 4658 supponit
1683 4583 1890 4639 mate—
1923 4659 1940 4674 ⁸

333 4688 526 4766 riam,
563 4688 868 4775 quamvis
917 4688 982 4754 in
1023 4690 1314 4776 quolibet
1352 4691 1561 4777 spatio
1620 4689 1888 4757 distanti

337 4803 506 4868 forte
554 4824 683 4868 non
751 4802 1235 4884 extenderetur,
1282 4818 1353 4872 ut
1405 4818 1627 4892 posset
1670 4828 1891 4874 creare

337 4915 638 4983 effectum
699 4917 766 4982 in
842 4938 1253 5006 quacumque
1313 4919 1646 5001 distantia,
1721 4921 1892 4988 sicut

335 5052 530 5097 causa
566 5032 959 5100 universalis
990 5044 1053 5099 et
1085 5035 1316 5120 prima.
1356 5039 1449 5102 Ex
1481 5037 1720 5124 quibus
1752 5059 1889 5103 om-

339 5146 533 5214 nibus
573 5148 870 5236 sequitur
900 5162 1216 5237 quantum
1258 5167 1358 5219 est
1423 5174 1505 5219 ex
1540 5154 1890 5240 partevir-

335 5264 495 5331 tutis
534 5276 598 5330 et
638 5262 966 5350 principii,
1014 5284 1142 5330 non
1176 5265 1462 5334 mediare
1491 5267 1755 5356 aliquod
1779 5291 1889 5336 ac-

337 5380 565 5447 cidens
616 5378 787 5443 inter
827 5377 1034 5463 ipsam
1100 5391 1162 5446 et
1212 5379 1513 5448 effectum
1580 5383 1889 5451 substan-

334 5497 559 5563 tialem
600 5505 915 5577 creatum,
975 5493 1056 5561 de
1084 5516 1214 5586 quo
1254 5496 1361 5563 hic
1395 5497 1534 5585 agit
1565 5502 1820 5568 Doctor.

2076 502 2368 567 Alterum
2408 497 2576 586 quod
2609 496 2869 564 additur
2900 505 3020 576 est,
3065 507 3136 562 ut
3165 497 3250 561 sit
3285 498 3357 561 in
3383 515 3536 580 sup-
3675 510 3758 561 61.

1984 619 2322 704 supposito
2414 618 2731 702 persecm,
2806 613 2958 702 quia
3026 611 3312 680 actiones
3383 623 3538 677 sunt
3586 573 3862 707 pali-elttffiiffgs

1988 734 2502 819 suppositorum,
2551 745 2618 798 ut
2665 730 2969 818 principii
3022 730 3217 816 quod,
3291 739 3354 795 et
3422 727 3540 793 ali·
3561 711 3880 815 dssssffissss‘fflr·

1990 848 2248 937 quando
2305 872 2387 917 ex
2430 848 2920 935 imperfectione
2978 845 3352 933 particulari
3386 865 3540 932 sup-

1992 966 2209 1053 positi,
2279 976 2488 1053 potest
2555 963 2852 1050 impediri
2913 961 3126 1029 virtus
3194 961 3404 1028 activa
3462 961 3543 1027 ab

1991 1083 2244 1150 actione
2273 1103 2415 1161 sua,
2460 1083 2612 1169 quia
2641 1079 2825 1147 deest
2853 1079 3068 1167 aliqua
3104 1077 3390 1145 conditio
3421 1077 3546 1142 sal·

1991 1209 2120 1264 tem
2191 1195 2607 1263 accidentalis
2673 1193 2989 1282 requisita
3050 1193 3126 1259 ad
3182 1192 3538 1281 agendum,

1993 1311 2177 1379 verbi
2227 1311 2458 1398 gratia,
2501 1309 2674 1396 ignis
2704 1308 2770 1373 in
2803 1307 3073 1373 materia
3108 1327 3252 1374 rara
3292 1329 3373 1375 ex
3414 1308 3547 1375 dis-

1995 1429 2299 1518 persione
2363 1430 2576 1495 virtus
2636 1424 2860 1514 nequit
2899 1445 3094 1511 agere
3151 1425 3435 1512 perfecte
3466 1425 3545 1491 ad

1993 1569 2187 1617 suum
2239 1548 2567 1625 effectum,
2630 1544 2800 1611 sicut
2849 1554 3072 1629 ageret
3137 1543 3202 1608 in
3277 1542 3546 1608 materia

1994 1666 2236 1743 densa;
2275 1684 2355 1729 ne
2395 1683 2553 1749 ergo
2584 1660 2808 1726 adhoc
2849 1679 3057 1745 genus
3115 1658 3543 1745 impedimen-

1993 1782 2041 1847 ti
2083 1791 2478 1856 recurratur,
2517 1775 2777 1841 additur
2811 1774 2915 1841 illa
2949 1773 3260 1859 particula
3304 1794 3547 1839 conno-

1994 1914 2141 1966 tans
2215 1894 2673 1983 perfectionem
2736 1891 3100 1980 suppositi„
3135 1895 3367 1957 Totum
3425 1891 3550 1956 hoc

1994 2027 2454 2101 argumentum
2515 2009 2883 2076 desumitur
2932 2028 3012 2074 ex
3053 2019 3281 2073 natura
3339 2017 3402 2073 et
3441 2028 3547 2073 es-

1995 2132 2206 2198 sentia
2251 2128 2558 2216 potentiae
2603 2126 2934 2204 creativae,
3000 2137 3068 2190 ut
3115 2123 3548 2209 distinguitur

1993 2267 2028 2312 a
2070 2245 2355 2333 potentia
2398 2241 2780 2330 productiva
2818 2240 3227 2327 dependente
3276 2260 3312 2304 a
3349 2259 3545 2305 causa

1996 2361 2314 2429 materiali
2355 2372 2417 2426 et
2450 2360 2769 2445 subjecto,

2082 2482 2177 2543 Ex
2219 2498 2348 2565 quo
2398 2475 2493 2542 sic
2532 2487 2956 2561 argumentor
3011 2484 3238 2540 contra
3300 2477 3544 2541 Duran-
3595 2482 3852 2558 Probatur

1993 2593 2191 2659 dum:
2229 2596 2373 2680 lpse
2407 2593 2468 2658 in
2511 2593 2741 2679 primis
2799 2591 3103 2670 admittit,
3139 2592 3311 2679 quod
3360 2602 3543 2657 actus
3578 2560 3887 2660 qrxmcgffism

1995 2708 2411 2776 accidentalis
2454 2730 2580 2774 non
2616 2709 3126 2796 praerequiratur
3168 2707 3231 2773 in
3282 2718 3542 2773 creante
3566 2679 3888 2787 Duffigiirffm.

1995 2825 2451 2903 substantiam,
2490 2824 2593 2891 vel
2626 2838 2696 2891 ut
2734 2837 2916 2892 actus
2948 2824 3395 2912 productivus,
3441 2822 3542 2891 vel

1995 2955 2066 3010 ut
2126 2943 2519 3030 principium
2578 2941 2975 3029 producendi
3043 2940 3352 3022 formale;
3434 2940 3546 3007 sed

1997 3060 2444 3146 probationem
2486 3059 2654 3125 hanc
2720 3058 2879 3125 dicit
2915 3056 3330 3138 diminutam,
3394 3056 3548 3144 quia

1995 3189 2206 3265 potest
2273 3175 2591 3266 praeexigi
2668 3169 3030 3262 in'agente
3089 3196 3203 3261 per
3259 3173 3545 3261 cogniti-

1996 3313 2189 3358 onem
2249 3311 2364 3379 per
2415 3289 2676 3356 modum
2728 3289 3052 3356 directivi.
3123 3293 3384 3370 Contra,
3438 3289 3546 3356 ubi

1999 3408 2175 3475 nulla
2214 3421 2311 3474 est
2353 3407 2835 3486 defectibilitaS,
2871 3407 2973 3473 vel
3029 3428 3175 3474 esse
3219 3416 3430 3492 potest
3479 3405 3546 3470 in
3604 3380 3847 3507 „rgffigi

1997 3524 2253 3590 actione
2311 3538 2373 3590 et
2425 3520 2748 3611 principio
2795 3523 3190 3608 producendi
3263 3510 3885 3617 formali‚2‘}3²g¹,{¹,„1{‘{,3

2002 3661 2130 3706 non
2184 3651 2394 3727 potest
2458 3661 2826 3727 supponere
2881 3651 3095 3706 actum
3155 3638 3544 3705 directivum
3567 3629 3892 3680 dtreouvum.

1999 3755 2080 3821 ad
2129 3757 2614 3842 operationem;
2661 3756 2772 3822 sed
2817 3755 2878 3821 in
2924 3756 3208 3842 potentia
3263 3755 3550 3822 creativa

2003 3873 2177 3939 nulla
2245 3886 2457 3960 potest
2522 3894 2667 3940 esse
2735 3873 3190 3940 defectibilitas
3245 3874 3310 3938 in
3355 3893 3426 3939 se
3485 3884 3557 3938 ut

2004 3991 2397 4078 principium
2438 4005 2557 4070 est,
2613 3990 2718 4058 vel
2769 3991 2834 4057 in
2866 3992 3120 4058 actione
3162 4004 3231 4059 ut
3290 3993 3371 4059 ab
3413 3991 3555 4077 ipsa

2002 4109 2319 4197 procedit,
2408 4130 2566 4196 ergo
2655 4129 2783 4174 non
2888 4121 3102 4196 potest
3182 4128 3558 4195 supponere

2001 4239 2217 4293 actum
2258 4225 2720 4292 accidentalem
2756 4246 2868 4313 per
2910 4225 3173 4292 modum
3225 4224 3550 4291 directivi.

2001 4345 2203 4430 Major
2241 4364 2355 4430 per
2403 4363 2474 4408 se
2506 4354 2703 4429 patet,
2762 4343 2913 4431 quia
2970 4344 3091 4410 sub
3141 4343 3394 4430 objecto
3439 4363 3558 4428 po-

2003 4459 2225 4526 tentiae
2299 4458 2635 4525 directivae
2713 4458 2872 4525 nihil
2958 4460 3352 4537 continetur,
3430 4456 3555 4522 nisi

2002 4573 2174 4661 quod
2206 4586 2305 4641 est
2336 4574 2696 4662 regulabile
2724 4586 2788 4641 et
2846 4573 3201 4662 dirigibile,
3247 4571 3400 4662 quia
3442 4592 3557 4638 ne-

2001 4689 2144 4774 quit
2186 4687 2646 4756 transcendere
2685 4708 2878 4755 suum
2929 4687 3283 4776 objectum.

2092 4806 2302 4873 Minor
2331 4806 2680 4894 probatur:
2728 4804 3154 4894 Dirigibilitas
3196 4815 3297 4871 est
3328 4823 3553 4890 respe·
3595 4826 3878 4901 Dirigibili-

2001 4935 2106 4990 ctu
2141 4923 2431 5002 effectuS,
2477 4923 2586 5011 qui
2611 4934 2821 5009 potest
2851 4923 3063 4989 taliter
3102 4933 3167 4988 et
3205 4920 3421 4987 taliter
3454 4929 3552 4986 at·
3601 4898 3868 5004 teri-iias.
3926 4946 3933 4952 ·

2002 5039 2196 5127 tingi,
2235 5040 2298 5106 id
2339 5051 2463 5122 est,
2499 5040 2859 5108 secundum
2919 5036 3350 5106 substantiam
3399 5055 3550 5102 cum

1999 5153 2308 5219 omnibus
2333 5174 2446 5240 per
2477 5174 2549 5219 se
2579 5150 2915 5241 requisitis
2947 5148 3558 5236 perfectionibu8,et

2003 5270 2282 5358 integre,
2321 5268 2425 5336 vel
2465 5279 2639 5336 certe
2700 5267 3060 5334 secundum
3119 5263 3553 5332 substantiam
3657 5267 3660 5268 ⁷

2000 5407 2148 5453 cum
2181 5386 2434 5453 defectu
2468 5386 2744 5473 alicujus
2804 5381 3221 5469 perfectionis
3270 5380 3556 5468 requisi-

1999 5514 2084 5570 tae
2147 5503 2212 5570 in
2263 5503 2495 5573 effectu
2531 5524 2548 5583 ;
2583 5502 2708 5570 hoc
2746 5515 2966 5570 autem
3032 5499 3381 5590 contingit,
3449 5496 3559 5565 vel
