4255 6375
582 452 620 514 8
1710 452 1853 516 [ΑΒ.
1882 453 1981 514 lV.
2014 451 2612 512 SENTENHARUM

572 615 1181 689 discerneretur
1293 614 1639 708 populus
1746 612 1903 685 ille.
2027 613 2116 683 In

573 753 821 805 carne
899 753 1096 805 vero
1184 729 1565 824 praeputii
1652 730 1821 802 ideo
1885 728 2118 822 jussa

482 840 489 847 ⁰
572 851 694 923 est
744 849 923 921 fieri
987 847 1554 934 Circumcisi0‚
1617 847 1801 939 quia
1860 846 1939 917 in
2002 866 2117 916 re·

577 966 924 1039 medium
1005 966 1385 1040 instituta
1466 969 1593 1039 est
1687 962 2117 1054 originalis

572 1084 910 1177 peccati,
968 1084 1171 1175 quod
1228 1104 1275 1155 a
1328 1081 1798 1175 parentibus
1868 1080 2118 1155 trahi-

575 1221 753 1273 mus
798 1220 940 1293 per
988 1198 1758 1291 concupiscentiam,
1811 1217 1984 1289 quae
2038 1199 2117 1268 in

572 1321 808 1409 parte
877 1316 1017 1388 illa
1087 1315 1347 1407 magis
1440 1314 1933 1387 dominatur.
2018 1315 2117 1386 Et

573 1432 763 1525 quia
834 1433 912 1506 in
955 1437 1189 1526 parte
1259 1432 1398 1504 illa
1465 1432 1787 1523 culpam
1849 1430 2117 1502 inobe-

461 1557 466 1561 '
569 1548 892 1621 dientiae
966 1549 1278 1641 primus
1348 1545 1588 1620 homo
1653 1545 1931 1630 sensit,
1993 1546 2117 1618 de-

569 1664 763 1748 cuit,
863 1670 951 1739 ut
1035 1664 1144 1737 ibi
1238 1666 1559 1758 signum
1648 1662 2116 1738 obedientiae

569 1781 1003 1874 acciperet.

665 2034 887 2110 Quare
914 2030 1027 2097 die
1063 2041 1312 2108 οειαυο,
1368 2039 1430 2094 et
1463 2030 1731 2115 petrin-o
1769 2027 2025 2094 cultro?

340 2302 407 2372 ⁸1.
658 2280 937 2354 Fiebat
977 2282 1252 2352 autem
1296 2282 1583 2352 octavo
1624 2277 1749 2350 die
1790 2276 2111 2371 petrino

222 2361 441 2477 D⁰b¹3f¹¹
479 2363 862 2479 ⁵'cultr0,
926 2398 1115 2489 quia
1188 2398 1265 2469 et
1344 2396 1424 2468 in
1505 2395 2112 2469 resurrectione

221 2487 532 2601 ῦθξῖἒιῘἹ·
570 2513 981 2585 communi
1024 2515 1312 2587 octava
1359 2517 1602 2587 aetate
1652 2510 1822 2583 futu
1841 2532 1928 2584 ra
1970 2533 2113 2605 per

223 2612 540 2726 Jofflff'·5¹‚²·,2
573 2634 893 2723 petram
981 2629 1399 2705 Christum
1468 2628 1729 2701 omnis
1796 2629 1893 2700 ab
1958 2630 2109 2701 ele-

226 2734 536 2849 ωῗέξῗῖὒ·
568 2747 723 2822 ctis
766 2747 1281 2821 abscindetur
1328 2749 1784 2840 corruptio,
1836 2752 1917 2821 et
1968 2767 2113 2839 per

221 2814 531 2977 Βέξξυξξῇ.
570 2862 877 2937 Christi
931 2863 1623 2937 resurrectionem
1666 2867 1956 2938 octava
1986 2863 2110 2935 die

567 2979 867 3053 factam
947 2980 1561 3054 circumciditur
1638 3000 1685 3051 a
1753 2980 2109 3073 peccatis

565 3094 837 3169 anima
876 3097 1266 3190 cujusque
1315 3097 1397 3168 in
1444 3117 1628 3169 eum
1677 3096 2105 3169 credentis.

573 3243 597 3276 ι
654 3215 850 3286 Duae
923 3213 1180 3306 igitur
1239 3234 1369 3287 res
1430 3219 1615 3289 sunt
1684 3213 1908 3288 illius
1978 3215 2110 3286 Sa·

564 3328 990 3401 cramenti.
1043 3358 1070 3391 ι

567 3626 789 3700 Quare
844 3624 915 3688 in
998 3624 1410 3709 Baptismum
1486 3637 1738 3692 mutam
1811 3630 1898 3692 sie
1974 3631 2107 3694 cir-

1156 3741 1525 3809 cume-isio?

342 4012 409 4085 Κ,
506 4033 509 4038 -
654 3988 832 4061 Ideo
877 3991 1147 4062 autem
1209 3992 1525 4064 mutata
1583 3997 1707 4066 est
1750 3995 2106 4069 Circum-

218 4073 532 4186 Aug‘d'e'b'z
562 4105 764 4179 cisio
817 4127 962 4201 per
1004 4108 1540 4201 Baptismum,
1577 4112 1766 4203 quia
1828 4117 2107 4187 Sacra·

217 4214 530 4314 Ρῐξῖζξξῖὅρ,
564 4227 923 4297 mentum
981 4225 1381 4316 Baptismi
1444 4231 1523 4301 et
1596 4229 2104 4304 communius

563 4342 688 4412 est
773 4341 854 4412 et
950 4337 1417 4431 perfectius,
1492 4342 1678 4436 quia
1758 4345 2103 4437 pleniori

558 4456 831 4547 gratia
914 4460 1548 4533 accumulatum.
1669 4462 1785 4534 Ibi
1887 4465 2101 4536 enim

558 4577 890 4663 peccata
946 4573 1209 4645 solum
1269 4574 1912 4660 dimittebantur,
1969 4582 2100 4653 sed

555 4708 698 4760 nec
792 4690 1067 4780 gratia
1149 4689 1243 4762 ad
1320 4690 1515 4764 bene
1603 4696 2097 4786 operandum

554 4803 938 4895 adjutrix,
1010 4826 1155 4878 nec
1218 4805 1616 4881 virtutum
1686 4813 2094 4903 possessio

552 4918 679 4990 vel
747 4924 1272 5011 augmentum
1346 4920 1449 4993 ibi
1517 4927 2090 5014 praestabatur,

557 5035 643 5106 ut
720 5033 798 5105 in
876 5034 1321 5128 Baptismo,
1408 5038 1535 5110 ubi
1617 5060 1775 5112 non
1863 5046 2093 5118 modo

552 5148 980 5224 abolentur
1017 5156 1373 5244 peccata,
1428 5156 1558 5228 sed
1609 5157 1858 5230 etiam
1910 5179 2091 5251 gra·

554 5266 669 5340 tia
718 5267 1076 5359 adjutrix
1124 5270 1571 5356 confertur,
1625 5278 1702 5348 et
1744 5276 2092 5353 virtutes

555 5386 985 5474 augentur.
1050 5387 1266 5459 Unde
1336 5415 1507 5481 aqua
1556 5397 1943 5480 resectionis
1988 5397 2094 5470 di-

555 5498 795 5582 citur,
868 5520 1041 5591 quae
1138 5504 1408 5578 aridos
1509 5507 1926 5592 foecundat,
2014 5518 2092 5587 et

548 5614 721 5707 jam
791 5615 1379 5693 fructificantes
1443 5624 1828 5718 ampliori
1873 5628 2095 5700 uber-

2243 614 2412 684 tate
2458 611 2743 691 donat;
2810 612 2998 703 quia
3050 616 3785 705 quantumcumque

2237 750 2380 821 per
2438 730 2670 803 fidem
2729 734 2810 803 et
2851 731 3344 806 charitatem
3413 738 3600 806 ante
3649 731 3783 804 ha-

2230 846 2487 919 bitam
2591 848 2886 939 aliquis
2972 850 3247 942 justus
3332 851 3429 923 ad
3513 851 3780 943 Bapti-

2234 982 2499 1034 smum
2567 964 2901 1046 accedit,
2964 964 3425 1038 uberiorem
3497 964 3601 1038 ibi
3662 987 4146 1063 ¹²⁶³·Adn0m.4.

2231 1078 2431 1171 cipit
2529 1081 2912 1171 gratiam,
3034 1082 3167 1153 sed
3253 1102 3410 1155 non
3502 1083 3614 1156 ita
3698 1084 3775 1155 in
3809 1075 4134 1126 numme.

2232 1196 2896 1271 Circumcisione.
2959 1199 3179 1271 Unde
3236 1200 3580 1272 Abrahae
3637 1222 3778 1293 per

2231 1314 2464 1388 fidem
2555 1316 2727 1408 jam
2817 1315 3271 1409 justificato
3362 1321 3778 1407 siqnaculum

2233 1434 2552 1505 tantum
2638 1431 2817 1514 fuit,
2908 1432 3106 1505 nihil
3169 1433 3244 1506 ei
3315 1434 3530 1508 intus
3599 1452 3775 1505 con-

2233 1548 2448 1623 tulit.

2229 1802 2326 1867 De
2359 1803 2667 1889 parvulis
2740 1804 3078 1888 cleliam-cis
3141 1814 3295 1869 ante
3355 1803 3534 1868 diem
3599 1815 3774 1869 octa·

2411 1942 2587 2004 vum,
2658 1944 2784 2009 quo
2854 1922 3054 2005 fiebat
3122 1922 3582 1988 CircumcisiO.

2320 2130 2401 2203 Si
2468 2152 2665 2203 vero
2730 2131 3130 2223 quaeritur
3209 2132 3301 2203 de
3378 2132 3769 2224 parvulis,
3857 2137 4099 2249 Bega-in

2229 2247 2359 2340 qui
2410 2251 2598 2320 ante
2638 2248 2845 2321 diem
2895 2253 3271 2322 octavum
3329 2250 3774 2322 morieban-
3857 2261 4061 2374 Ilium}

2225 2365 2387 2446 tur,
2451 2369 2884 2457 antequam
2936 2365 3178 2440 fiebat
3237 2366 3768 2441 Circumcisio
3829 2339 4110 2450 ροέἷῗιὶηίῃ

2226 2499 2322 2550 ex
2385 2480 2620 2570 Lege,
2685 2482 2962 2552 utrum
3034 2482 3580 2566 salvarentur,
3644 2484 3768 2555 vel
3801 2462 4138 2583 ⁰⁰⁰⁸⁰t‘i³f¹¹⁸'

2223 2614 2410 2675 non,
2468 2596 2671 2668 idem
2716 2600 2984 2689 potest
3030 2598 3526 2690 responderi,
3562 2601 3766 2690 quod
3796 2578 3952 2686 ,ἓξὲξ
3987 2572 4126 2688 ξῖθξζ

2226 2710 2579 2782 sentitur
2644 2712 2735 2784 de
2817 2713 3180 2805 parvulis
3253 2719 3440 2788 ante
3498 2700 4132 2807 Bapti-G⁸”·¹⁷·¹⁴·

2226 2845 2488 2897 smum
2539 2827 2959 2910 defunctis,
3025 2851 3221 2922 quos
3270 2829 3538 2922 perire
3581 2852 3762 2904 con-

2226 2945 2411 3015 stat.
2470 2942 2692 3015 Unde
2733 2942 2943 3015 Beda
3004 2969 3018 3015 :
3077 2974 3105 3008 α
3162 2945 3312 3026 Qui
3353 2966 3562 3019 nunc
3627 2967 3768 3039 per

2228 3057 2759 3149 Evangelium
2827 3060 3321 3135 terribiliter
3395 3064 3472 3134 et
3561 3063 3770 3134 salu-

2223 3175 2486 3249 briter
2567 3177 2871 3252 clamat
2941 3207 2956 3251 :
3030 3182 3179 3248 Nisi
3261 3183 3408 3270 quis
3499 3196 3769 3250 renatus

2220 3297 2431 3380 fucrit
2482 3317 2566 3361 ‹3oe
2623 3317 2797 3383 aqua
2864 3308 2923 3362 ec
2990 3298 3256 3384 Spiritu
3322 3312 3571 3378 sancto,
3638 3322 3770 3366 non

2222 3413 2504 3478 intrabit
2549 3413 2620 3479 ἰη
2677 3433 2954 3500 reqnum
3013 3415 3138 3479 Dei
3156 3439 3178 3492 ,·
3247 3410 3419 3504 ipse
3478 3411 3764 3486 dudum

2222 3525 2627 3600 clamabat
2673 3546 2816 3618 per
2861 3546 3090 3599 suam
3126 3527 3389 3620 legem
3435 3553 3448 3596 :
3495 3533 3764 3614 Anima,

2221 3647 2409 3731 eujus
2434 3645 2762 3730 praeputii
2800 3666 2957 3710 caro
3000 3646 3390 3710 circumcisa
3441 3667 3576 3712 non
3622 3649 3769 3732 sue·

2219 3761 2339 3842 rit,
2398 3759 2645 3846 peribit
2695 3760 2776 3826 cle
2808 3762 3057 3847 populo
3103 3782 3243 3842 suc,
3300 3763 3458 3849 quia
3503 3774 3768 3849 pactum

2220 3897 2433 3941 meum
2513 3877 2786 3942 irritum
2860 3877 3045 3962 fecit.
3151 3876 3400 3947 Forte
3491 3879 3763 3948 tamen

2222 3988 2366 4060 sub
2450 3988 2688 4079 Lege,
2762 3990 3194 4081 ingruente
3278 3992 3765 4067 necessitate

2222 4104 2540 4186 mortis,
2613 4107 2800 4178 ante
2888 4109 3272 4179 octavum>
3334 4107 3540 4181 diem
3612 4109 3761 4181 cir·

2218 4220 2771 4295 cumcidebant
2863 4222 3034 4294 sine
3123 4226 3453 4316 peccato
3519 4225 3757 4309 filios,

2218 4335 2431 4410 sicut
2493 4339 2725 4410 modo
2789 4339 2866 4410 in
2929 4339 3292 4412 Ecclesia
3335 4338 3422 4413 fit
3471 4340 3563 4413 dc
3614 4341 3762 4412 Ba-

2221 4453 2547 4545 ptismo.
2600 4482 2628 4516 »

2530 4598 2748 4686 (Finis
2797 4609 3014 4665 textus
3070 4600 3442 4688 Mayiscri.)

2283 4896 2833 4972 PRAEFATIO
2901 4898 3412 4974 DOCTORIS
3476 4902 3703 4974 SUB-

2837 5013 3133 5087 TILIS.

2298 5280 2864 5356 Samaritanus
2935 5283 3071 5356 ille
3146 5286 3247 5374 (a)
3335 5284 3750 5377 piissimus

2205 5397 2646 5491 spoliatum
2681 5396 2952 5470 videns
2987 5399 3394 5472 hominem
3428 5405 3508 5474 et
3541 5408 3754 5477 atro·
3788 5390 4003 5516 Μεεῑζῑ,
4040 5454 4108 5503 A,

2207 5513 2417 5587 citer
2448 5513 2928 5598 sauciatum,
2969 5516 3525 5591 miserationis
3567 5521 3749 5592 aflo-

2206 5635 2335 5704 ctu
2382 5630 2912 5721 compatiens,
2962 5633 3434 5708 medicinam
3470 5637 3750 5712 attulit
