4255 6375
65 1280 186 1326 most.

66 1341 144 1389 da.

66 1995 110 2042 'l.

65 2075 208 2123 rgum.

65 2571 183 2621 fitur.

70 2794 195 2845 modo

71 2864 114 2907 οἱ

65 2935 150 2971 rma

65 2983 223 3033 itentiae

65 3045 141 3094 alet

65 3115 191 3158 alum
200 3149 213 3161 .

69 4423 137 4473 92.

84 4490 189 4552 Arg.

1399 422 1575 484 mS'r
1620 422 1660 483 1.
1707 421 2066 496 QUAESTlo
2116 423 2192 485 V.

235 596 387 650 sunt
413 583 611 652 etiam
642 585 765 653 alia
797 585 1118 672 exempla,
1156 585 1395 673 quibus
1430 585 1588 651 satis
1621 605 1775 671 qua·

239 700 384 766 drat
428 702 784 768 auctoritas
848 701 1183 781 Bernardi,
1263 721 1458 789 quam
1530 699 1793 767 adducit

241 820 474 883 Doctor
525 839 642 905 pro
690 818 1014 905 opposito.

328 933 629 1021 AdJicere
694 934 844 1000 licet
903 934 1157 1021 aliquos
1223 938 1445 1001 Patres
1502 933 1791 1002 tribuere

242 1050 406 1117 hanc
487 1052 801 1119 virtutem
870 1052 1321 1119 sanctificandi
1409 1052 1622 1139 aquis»,
1712 1071 1791 1117 ex

243 1178 540 1233 contactu
614 1169 829 1236 carnis
903 1168 1140 1235 Christi
1221 1169 1284 1233 in
1360 1167 1659 1247 Jordane,
1723 1177 1793 1231 ut

244 1282 749 1369 chrysostomus
788 1286 1069 1351 homilia
1126 1289 1234 1351 25.
1280 1286 1353 1350 in
1391 1283 1583 1350 Ιοαη.
1623 1282 1790 1349 Beda

246 1400 357 1466 lib.
396 1405 458 1466 1.
502 1403 571 1467 in
604 1403 871 1481 Lucam,
902 1423 1050 1488 cap.
1092 1405 1196 1468 10.
1232 1402 1538 1489 quamvis
1569 1414 1786 1466 tamen

242 1514 485 1582 nullam
556 1517 866 1584 virtutem
966 1517 1449 1604 superadditam
1554 1514 1796 1602 recepit

241 1653 426 1718 aqua,
552 1634 665 1699 sed
778 1633 1121 1720 designata
1240 1643 1493 1699 tantum
1596 1631 1791 1697 fuerit

241 1749 511 1814 materia
562 1748 898 1835 Baptismi‚
934 1762 998 1816 et
1031 1749 1332 1816 inchoate
1389 1746 1790 1816 sanctificata

242 1884 353 1949 per
380 1874 748 1931 contactum
791 1864 1008 1932 carnis
1038 1865 1303 1932 Christi.

331 1983 650 2047 Praeterea
691 1979 1010 2067 objiciunt
1042 1981 1505 2067 proprietatem
1560 1982 1790 2047 verbo-

243 2116 383 2161 rum
444 2095 835 2163 servandam
886 2117 1054 2177 esse,
1122 2096 1396 2162 formam
1468 2097 1786 2183 poeniten-

238 2212 343 2278 tiae
400 2213 778 2298 significare
856 2213 1309 2279 liberationem
1417 2213 1656 2279 animae
1746 2235 1781 2279 a

241 2344 527 2416 peccato,
593 2330 762 2417 quod
816 2333 1040 2418 nequit
1087 2329 1251 2410 fieri,
1296 2331 1419 2397 nisi
1464 2331 1784 2397 Sacerdos

243 2448 530 2514 conferat
552 2449 828 2535 gratiam
857 2448 1183 2515 mediante
1219 2448 1384 2534 ipsa,
1427 2470 1584 2536 ergo
1619 2450 1783 2535 phy-

243 2561 395 2628 sice.
480 2562 886 2649 RespondeO,
948 2563 1235 2629 concedo
1317 2564 1634 2650 majorem
1723 2575 1787 2629 et

246 2678 587 2756 minorem,
655 2692 718 2744 et
766 2699 931 2766 nego
989 2679 1551 2765 consequentiam,
1634 2679 1785 2764 quia

246 2795 443 2861 verba
490 2794 913 2862 verificantur
979 2795 1168 2882 juxta
1241 2795 1579 2861 materiam
1631 2795 1782 2862 sub-

243 2911 731 2998 jectamwerba
767 2925 983 2977 autem
1027 2924 1361 2998 nequeunt
1392 2911 1783 2997 participare

248 3027 435 3093 talem
469 3027 804 3107 virtutem,
843 3037 953 3093 aut
1006 3026 1364 3093 efficaciam
1411 3028 1775 3113 physicam,

246 3143 482 3212 habent
529 3142 883 3211 efficaciam
947 3165 1061 3231 per
1104 3143 1364 3210 modum
1398 3156 1581 3211 actus
1607 3143 1781 3232 judi-

246 3260 446 3341 cialis,
509 3272 572 3325 et
637 3272 1020 3346 supponunt
1074 3261 1523 3327 auctoritatem
1568 3261 1779 3327 absol-

247 3374 435 3441 vendi
538 3375 604 3441 in
711 3375 1082 3457 Sacerdote,
1154 3397 1348 3463 quam
1427 3378 1657 3442 tribuit
1722 3377 1779 3443 ei

245 3490 747 3577 Eoelesia,cujus
781 3491 1164 3557 exercitium
1198 3504 1351 3558 sunt
1393 3490 1497 3556 illa
1538 3493 1773 3557 verba:

244 3606 527 3673 Ecclesia
593 3618 809 3673 autem
874 3607 1099 3693 nequit
1131 3608 1484 3675 transferre
1517 3630 1633 3695 per
1669 3629 1780 3694 aps

245 3724 684 3808 probationem
736 3723 1129 3790 Confessarii
1179 3724 1242 3788 in
1295 3725 1508 3811 ipsum
1552 3738 1776 3791 aucto-

250 3838 522 3918 ritatem,
575 3860 729 3927 quae
820 3840 1053 3905 habeat
1101 3839 1458 3906 efficaciam
1545 3841 1785 3927 physi-

248 3972 407 4033 cam,
451 3955 561 4019 sed
622 3955 930 4021 moralem
965 3955 1318 4035 duntaxat;
1374 3977 1781 4043 consequen-

251 4068 333 4134 tia
372 4090 525 4157 ergo
562 4070 860 4157 opposita
910 4070 1210 4157 sequitur
1239 4092 1322 4136 ex
1384 4072 1773 4158 praemissiS,

258 4206 459 4273 neque
505 4208 583 4253 ex
630 4188 697 4254 vi
731 4186 935 4254 solius
994 4188 1423 4255 ordinationis
1470 4189 1613 4255 sine
1671 4211 1781 4276 ap·

257 4303 622 4387 probatione
660 4303 971 4370 Ecclesiae
1036 4303 1252 4370 valide
1294 4304 1598 4371 absolvit.

341 4418 548 4485 Tertio
568 4419 850 4506 denique
879 4420 1220 4506 objiciunt,
1269 4420 1437 4507 quod
1481 4421 1781 4487 Christus

262 4536 559 4602 Dominus
614 4536 943 4601 mediante
1009 4557 1128 4602 sua
1188 4536 1591 4603 humanitate
1642 4548 1781 4602 tan-

263 4650 482 4735 gendo,
532 4663 595 4717 et
690 4650 1015 4737 loquendo
1063 4651 1439 4717 conferebat
1512 4652 1782 4738 physice

262 4768 540 4851 gratiam,
585 4765 977 4853 operabatur
1006 4765 1280 4831 effectus
1312 4766 1776 4845 miraculosos;

264 4902 403 4969 ergo
468 4883 636 4950 idem
697 4881 1110 4948 sentiendum
1181 4881 1261 4948 de
1316 4884 1777 4949 Sacramentis.

264 4998 718 5085 Respondetur,
765 4997 1066 5084 negando
1114 4996 1529 5077 antecedenS,
1575 5019 1781 5085 quan-

264 5127 383 5179 tum
413 5115 486 5180 ad
530 5114 796 5181 modum
829 5113 1164 5193 causandi,
1197 5116 1347 5199 quia
1383 5115 1779 5181 contrarium

267 5225 476 5295 docent
513 5232 762 5307 PatreS,
808 5240 880 5294 ut
909 5248 1027 5294 suo
1093 5228 1235 5294 loco
1277 5228 1486 5294 videri
1523 5231 1776 5315 poterit.

267 5344 332 5408 El
375 5346 515 5412 dato
564 5344 1018 5425 antecedente,
1056 5356 1332 5431 negatur
1379 5367 1782 5432 consequen-

266 5457 379 5524 tia:
444 5460 678 5546 prim0,
736 5458 890 5546 quia
966 5458 1033 5523 in
1083 5460 1542 5538 SacramentiS,
1615 5462 1803 5549 jquae*

268 5584 604 5656 transeunt,
684 5586 1033 5661 antequam
1093 5574 1367 5642 effectus
1445 5588 1772 5656 causatur,

388 5689 534 5741 Tom.
573 5688 719 5742 XVI.

3329 425 3441 488 193

1904 597 2003 650 est
2043 586 2474 671 repugnantia
2516 607 2594 652 ex
2627 597 2809 674 parte
2849 587 3122 675 subjecti
3170 587 3237 653 in
3278 588 3450 654 ordi·

1907 720 1987 766 ne
2035 701 2111 766 ad
2172 722 2313 768 eam
2355 704 2829 784 causalitatem,
2897 725 3025 771 non
3078 704 3164 770 ita
3214 704 3279 770 in
3331 706 3449 772 hu-

1905 817 2218 885 manit-ate
2248 819 2515 900 Christi,
2548 821 2720 908 quod
2746 821 2868 887 fuit
2897 823 3266 910 subjectum
3300 844 3451 910 per-

1907 954 2214 1014 manens;
2269 935 2505 1003 deinde
2589 940 3003 1006 Sacramenta
3064 939 3129 1005 in
3211 940 3458 1040 virtute

1905 1050 2290 1116 meritorum
2322 1053 2925 1140 Christi,quatenus
2964 1075 3038 1120 ea
3089 1055 3439 1142 applicant,

1903 1173 2058 1225 sunt
2124 1160 2434 1241 efficacia,
2501 1176 2570 1229 ut
2641 1175 2811 1250 patet
2877 1185 2958 1230 ex
3026 1162 3213 1229 Trid.
3274 1186 3436 1230 sesa.

1907 1281 1968 1342 5.
2018 1299 2165 1343 can.
2214 1282 2276 1345 5.
2331 1278 2438 1343 ubi
2473 1278 2629 1345 dicit
2659 1279 2979 1365 originale
3003 1280 3271 1358 remitti,
3318 1299 3448 1367 qua

1903 1396 2208 1460 meritum
2232 1396 2470 1461 Christi
2492 1397 2855 1483 applicatur
2877 1418 2991 1482 per
3009 1399 3440 1484 Baptismum,

1898 1530 1972 1576 ac
2014 1511 2286 1596 proinde
2328 1532 2454 1578 non
2501 1523 2775 1598 possunt
2806 1513 3123 1580 excedere
3170 1514 3447 1581 causali-

1898 1629 2125 1692 tatem'
2156 1649 2428 1712 operum
2468 1629 2730 1709 Christi,
2784 1651 2932 1717 quae
2984 1630 3250 1696 moralis
3304 1643 3424 1697 est.

1986 1742 2080 1807 Ad
2125 1743 2368 1829 reliqua
2413 1755 2800 1830 argumenta
2836 1750 2904 1810 D.
2944 1747 3235 1826 Thomae,
3268 1747 3442 1812 sicut

1897 1869 1960 1923 et
2043 1858 2121 1924 ad
2198 1872 2611 1946 argumenta,
2711 1882 2859 1948 quae
2924 1861 3201 1928 adducta
3286 1872 3442 1929 sunt

1899 1973 1965 2038 in
2026 1975 2400 2060 oppositum
2463 1997 2579 2062 pro
2684 1988 2959 2064 utraque
3052 1978 3445 2064 quaestione,

1899 2091 2240 2176 responsio
2274 2093 2563 2159 Doctoris
2621 2105 2720 2159 est
2750 2093 2944 2170 clara,
3001 2105 3064 2159 et
3125 2094 3440 2160 hactenus

1897 2205 2298 2273 sufficienter
2329 2207 2960 2287 declarata,ulterius
2997 2208 3268 2294 proinde
3315 2228 3442 2274 non

1895 2337 1994 2389 est
2063 2323 2566 2389 immorandum.
2603 2325 3065 2391 Controversia
3112 2345 3262 2391 cum
3305 2325 3445 2391 hae-

1898 2440 2120 2506 reticis
2184 2439 2510 2527 tangenda
2559 2438 2681 2505 erit
2742 2440 2822 2506 de
2897 2441 3334 2507 Sacramentis
3375 2441 3441 2507 in

1895 2558 2136 2644 specie,
2201 2579 2285 2624 ne
2368 2557 2592 2624 eadem
2660 2558 3001 2645 contingat
3069 2560 3299 2646 repeti,
3375 2570 3438 2626 et

1895 2674 2048 2761 quia
2098 2675 2162 2739 in
2224 2674 2345 2740 hac
2402 2673 2763 2759 quaestione
2831 2694 2972 2740 eam
3037 2694 3165 2739 non
3225 2675 3437 2761 tangit

1896 2797 2152 2870 Doctor,
2190 2812 2568 2877 supponens
2612 2790 2758 2857 fidei
2795 2790 3137 2877 principia,
3183 2791 3263 2857 de
3293 2792 3438 2880 qui-

1896 2910 2016 2976 bus
2057 2916 2271 2975 tamen
2305 2908 2480 2974 nulla
2511 2908 2630 2973 fuit
2660 2908 3109 2974 controversia
3165 2929 3242 2975 eo
3274 2922 3435 2976 tem-

1895 3049 2051 3114 pore
2083 3027 2148 3091 in
2183 3025 2495 3092 Ecclesia.

1982 3145 2294 3231 Superest
2356 3153 2606 3209 tantum
2662 3152 2731 3208 ut
2795 3141 3077 3209 breviter
3123 3142 3425 3232 adjiciam

1892 3261 2044 3349 quid
2100 3261 2364 3327 nomine
2391 3262 2633 3346 ,tyranice
2669 3262 3179 3327 sacramentalis
3212 3261 3431 3350 (cujus
3509 3249 3735 3377 Οὲἐὲιξὲ*

1894 3377 2291 3444 mentionem
2362 3377 2631 3443 fecimus
2676 3377 2743 3442 in
2783 3377 3290 3466 Commentario)
3335 3378 3437 3445 in-
3483 3389 3771 3427 sacramen-

1890 3493 2536 3580 telligantDoctoreS.
2574 3490 2831 3559 Alensis
2874 3496 2936 3557 4.
2971 3504 3151 3579 part.
3190 3506 3422 3579 quoesc.
3472 3518 3477 3523 ·
3517 3443 3740 3554 Αῗὲξιιξῖε.

3469 3565 3538 3614 D.
3582 3566 3780 3618 Bonam

1892 3616 1955 3680 5.
2029 3634 2115 3677 m.
2167 3614 2232 3677 4.
2295 3620 2426 3676 art.
2493 3614 2556 3678 2.
2612 3614 2644 3695 ξ
2695 3614 2760 3675 l.
2834 3614 2905 3676 D.
2978 3613 3430 3678 Bonaventura
3467 3630 3779 3681 aichardus.

1892 3726 2046 3791 dist.
2116 3732 2174 3793 1.
2231 3737 2455 3814 quoest.
2517 3731 2581 3792 6.
2619 3738 2681 3791 et
2712 3726 3076 3793 Richardus
3133 3738 3438 3795 asserunt

1890 3841 2170 3927 gratiam
2212 3842 2747 3907 sacramentalem
2796 3841 3060 3907 differre
3109 3842 3189 3907 ab
3249 3842 3437 3909 habi-

1888 3959 2043 4025 tuali
2115 3958 2180 4023 in
2238 3959 2487 4025 ratione
2544 3958 2843 4037 effectuS,
2891 3958 3062 4044 quod
3107 3957 3213 4024 illa
3254 3959 3433 4024 scili-

1892 4088 1992 4142 cet
2041 4074 2229 4140 detur
2262 4095 2375 4160 per
2414 4075 2537 4141 hoc
2575 4086 2686 4140 aut
2716 4074 2872 4140 illud
2924 4076 3436 4152 Sacramentum;

1894 4193 1973 4256 ad
2042 4189 2238 4257 finem
2283 4190 2628 4278 specialem
2689 4192 3112 4271 Sacramenti,
3197 4202 3265 4256 ut
3316 4211 3431 4277 per

1893 4309 2297 4393 Baptismum
2359 4328 2473 4393 per
2550 4306 2813 4372 modum
2882 4307 3434 4393 regenerationis;

1894 4444 2009 4510 per
2031 4423 2153 4489 alia
2186 4425 2598 4489 Sacramenta
2630 4421 2856 4488 eodem
2884 4423 3073 4488 modo
3108 4423 3173 4487 in
3211 4421 3440 4488 ordine

1891 4541 1970 4607 ad
2019 4562 2174 4607 suos
2210 4540 2645 4627 fines;neque
2676 4540 2846 4626 apud
2871 4546 3208 4607 Doctorem
3255 4541 3445 4607 inve--

1893 4658 2000 4721 nio
2030 4656 2222 4723 aliam
2265 4656 2660 4721 mentionem
2701 4657 2932 4743 gratiae
2991 4668 3432 4723 sacramenta-

1891 4771 1994 4851 lis,
2033 4793 2187 4858 quae
2228 4772 2307 4837 ab
2346 4771 2468 4836 hac
2499 4771 2775 4837 differat.

1983 4886 2351 4952 Paludanus
2418 4885 2574 4950 dise.
2627 4889 2691 4951 2.
2745 4896 2971 4972 quoest.
3020 4890 3084 4952 3.
3139 4887 3297 4953 dicit
3342 4908 3443 4954 sa·
3476 4920 3792 4973 Paludanus.

1894 5001 2353 5066 cramentalem
2414 5000 2742 5067 diversam
2793 5023 2940 5067 esse
2998 5004 3077 5068 ab
3126 5003 3438 5071 habituali

1892 5114 2081 5181 donis
2132 5128 2194 5182 et
2233 5127 2489 5194 ornatu,
2528 5128 2591 5182 et
2650 5117 2713 5181 in
2764 5137 3024 5204 quoque
3066 5119 3441 5186 Sacramen-

1894 5240 1957 5295 to
1997 5229 2133 5294 dari
2203 5230 2531 5314 propriam
2598 5241 2661 5297 et
2691 5230 3066 5297 distinctam
3119 5233 3193 5298 ad
3228 5233 3425 5300 finem

1891 5346 2315 5413 Sacramenti.
2371 5348 2719 5432 Capreolus
2757 5348 2985 5414 eodem
3037 5350 3227 5417 modo
3277 5350 3436 5418 dicit

1889 5482 2034 5528 esse
2092 5463 2463 5527 distinctam
2505 5464 2584 5528 ab
2637 5464 2815 5528 omni
2883 5464 3011 5530 alia
3053 5466 3370 5552 qualitate
3419 5492 3433 5547 ;

1892 5576 2260 5663 intelligere
2309 5590 2526 5644 autem
2561 5577 2816 5644 videtur
2871 5580 3249 5666 qualitatem
3293 5605 3440 5652 esse

3255 5694 3315 5747 13

3579 3186 3663 3240 93.

3492 5410 3762 5477 Capreolus
3775 5447 3788 5462 .
