4255 6375
1498 399 1698 460 oisr.
1731 371 1859 459 vn.
1896 397 2255 473 QUAEs'rlo
2302 396 2401 457 iv.

87 595 187 631 ma
280 561 569 630 bebatur
607 586 644 630 a
683 565 1011 632 Gnosticis
1041 587 1123 631 ex
1156 567 1403 642 lrenaeo
1435 583 1633 649 supra
1681 561 1842 627 cita-

87 660 220 756 [οἷο
280 688 380 743 to.
487 681 835 745 Ostensum
928 692 1030 746 est
1128 691 1345 744 autem
1432 675 1842 743 Sacerdotem

87 783 230 879 fcio-
287 792 659 880 simplicem
696 795 837 862 sine
859 795 1321 883 jurisdictione
1366 793 1844 860 communicata

87 895 225 942 ’ω
287 908 374 973 ab
437 909 722 977 Ecclesia
780 931 908 977 non
990 931 1184 997 posse
1255 931 1402 977 esse
1469 907 1840 975 ministrum

290 1025 601 1092 idoneum
667 1026 864 1114 hujus
934 1026 1358 1105 Sacramenti,
1416 1045 1627 1112 neque
1684 1023 1841 1089 vali-

284 1139 368 1207 de
400 1140 829 1220 confirmare3
885 1163 1033 1210 cum
1074 1162 1233 1229 ergo
1274 1141 1557 1227 separati
1606 1139 1686 1205 ab
1728 1143 1841 1204 Ec-

278 1256 486 1324 clesia
557 1258 800 1325 nullam
876 1259 1226 1325 habuerint
1287 1256 1837 1345 jurisdictionem,

278 1373 382 1440 sic
439 1374 633 1440 etiam
679 1397 806 1440 non
867 1376 1081 1442 valide
1139 1375 1636 1442 confirmabant.
1703 1375 1839 1437 Non

281 1501 387 1556 est
431 1490 670 1556 mirum
714 1513 873 1577 ergo
924 1492 977 1557 si
1022 1493 1186 1558 sacri
1230 1491 1523 1556 Ca'nones
1563 1511 1640 1554 ex
1695 1510 1839 1574 spe-

276 1604 431 1671 ciali
505 1626 625 1673 usu
707 1608 1017 1674 Ecclesiae
1113 1606 1461 1672 Orientalis
1547 1604 1841 1670 absolute

277 1721 559 1790 doceant
609 1723 957 1790 haereticos
1003 1723 1488 1802 chrismandos,
1538 1720 1841 1809 quamvis

280 1838 615 1923 Baptisma
664 1849 727 1903 et
777 1838 1224 1905 ordinationes
1275 1838 1443 1903 inter
1510 1836 1687 1923 ipsos
1753 1836 1843 1900 fa-

282 1963 414 2030 cta,
462 1973 611 2038 quae
653 1974 781 2020 non
839 1953 1209 2040 dependent
1248 1964 1563 2040 quantum
1599 1950 1676 2017 ad
1723 1971 1840 2017 va-

284 2067 518 2148 lorem,
595 2090 630 2135 a
671 2081 995 2157 potestate
1044 2069 1525 2158 jurisdictionis
1598 2067 1844 2153 recipe-

286 2191 469 2246 rent.

385 2300 462 2362 Et
521 2318 635 2383 per
694 2299 816 2364 hoc
871 2310 1045 2385 patet
1101 2298 1181 2364 ad
1244 2297 1597 2364 secundam
1649 2295 1842 2361 etiam

87 2405 241 2454 ’⁰³³⁰
288 2411 753 2497 objectionem,
818 2434 966 2500 quoe
1031 2413 1366 2499 colligitur
1408 2433 1488 2478 ex
1544 2409 1840 2498 epistola.

87 2470 102 2515 l

87 2532 231 2641 ῗὶῗ-Ϊι
295 2527 568 2594 Adriani
617 2531 666 2595 ¹·
702 2528 782 2597 ad
839 2528 1166 2616 Ignatium
1203 2528 1644 2595 patriarcham
1685 2529 1847 2592 Con·

87 2671 263 2767 3381.
298 2645 978 2732 staminopomanum,
1061 2645 1211 2734 quia
1307 2644 1678 2730 Presbyteri
1758 2641 1847 2707 illi

87 2779 270 2892 mitio
298 2762 996 2849 Constantinopolitani
1093 2773 1277 2828 erant
1370 2760 1694 2840 Photiani,
1785 2771 1849 2824 et

87 2862 112 2894 Ξ

87 2904 266 2969 neris
297 2878 507 2945 sacris
576 2877 928 2958 interdicti,
1000 2889 1064 2943 at
1135 2878 1201 2943 in
1291 2877 1502 2942 aliena
1570 2876 1873 2954 Dioecesi

88 2975 232 3026 >auis

88 3081 89 3084 ,
128 3040 263 3091 fuit.

298 2995 473 3061 inter
504 2994 843 3080 Bulgaros,
894 2995 1005 3080 qui
1047 2993 1126 3059 ad
1186 2993 1552 3060 districtum
1616 2997 1846 3058 Roma-

298 3131 406 3178 nae
474 3111 784 3179 Ecclesiae
823 3113 1231 3199 spectabant,
1312 3109 1836 3177 confirmarunt.

297 3230 561 3316 Repetit
592 3228 892 3296 Pontifex
924 3231 1123 3296 verba
1164 3228 1395 3315 Ignatii
1426 3250 1440 3293 ε
1476 3230 1842 3314 Scripsisti,

295 3341 534 3430 inquit,
598 3354 667 3408 ut
703 3346 919 3408 nostri
977 3343 1360 3429 Presbyteri
1415 3365 1498 3408 ea:
1557 3342 1849 3406 dictione

291 3460 745 3545 Butqarorum
802 3481 950 3527 cum
998 3460 1375 3546 iqnominia
1413 3470 1473 3523 et
1530 3458 1847 3523 dedecore

284 3577 721 3663 pellerentur,
779 3587 902 3642 etc.
973 3588 1036 3642 et
1086 3575 1435 3661 respondet
1497 3572 1836 3640 Pontifex:

299 3693 493 3769 Quod
573 3694 635 3757 si
714 3693 901 3759 dicas
981 3691 1379 3778 (respondet
1471 3689 1839 3774 Adrianus)

285 3811 485 3896 prins
520 3831 562 3874 α
599 3807 788 3874 nobis
824 3809 1252 3894 presbyteros
1287 3808 1839 3892 Constantinopo-

295 3927 533 3992 titanae
587 3927 898 3991 Dioecesis
935 3926 1016 3991 ab
1054 3948 1132 3991 ea
1170 3927 1442 4011 reqione
1500 3925 1833 4010 expulso&

292 4043 478 4108 haud
515 4043 782 4123 inficias
814 4043 1059 4108 inimus
1079 4066 1105 4121 ‚·
1156 4053 1347 4107 erant
1383 4042 1702 4107 photiani
1750 4039 1839 4104 il-

294 4160 553 4245 liusqne
587 4160 972 4245 symmistae,
1018 4158 1251 4243 quibus
1309 4178 1443 4223 non
1484 4157 1696 4221 solnm
1764 4157 1838 4219 in

296 4277 747 4362 Bulqarorum
812 4277 1031 4355 terris,
1083 4275 1199 4340 sed
1274 4275 1512 4361 ubique
1540 4274 1838 4360 qentinm

294 4394 510 4459 saeris
554 4392 857 4458 omnibus
940 4391 1420 4458 interdiximus
1486 4390 1837 4456 interdici-

298 4529 605 4595 musque‚·
647 4509 922 4574 habetur
951 4507 1016 4573 iu
1067 4506 1329 4594 Synodo
1368 4517 1619 4572 octava.

92 4692 104 4705 ,
389 4619 658 4687 Photius
705 4619 901 4686 etiam
933 4620 1222 4685 intrusus
1256 4618 1320 4683 in
1353 4618 1598 4698 sedem,
1643 4638 1837 4705 quam

87 4718 252 4831 ffiffiae
299 4740 611 4829 profanus
639 4736 1007 4824 occupavit,
1045 4737 1110 4802 in
1141 4756 1259 4801 sua
1289 4735 1561 4822 epistola
1625 4738 1840 4820 Ency-

87 4859 263 4959 ἔξω).
300 4860 459 4926 elica
497 4857 576 4923 ad
617 4854 1051 4933 patriarchas,
1095 4852 1522 4919 dissimulans
1574 4871 1839 4918 suorum

300 4974 834 5061 presbyterorum
922 4968 1424 5055 suspensionem
1508 4987 1545 5032 a
1610 4968 1837 5046 sacris,

299 5092 424 5158 hoc
470 5091 684 5176 ipsum
727 5087 887 5154 vitio
917 5084 1115 5152 vertit
1156 5082 1422 5165 LatiniS,
1459 5082 1630 5170 quod
1671 5086 1839 5148 Con-

296 5206 735 5277 firmationem
802 5204 1149 5279 iterarent;
1219 5198 1408 5285 cujus
1496 5197 1843 5265 calumniae

299 5321 636 5411 usurpatio
723 5332 788 5386 et
841 5317 1129 5386 schisma
1193 5314 1343 5381 licet
1412 5314 1838 5395 innotuerint,

299 5462 519 5541 tamen
550 5441 1085 5514 consuetudinem
1116 5438 1423 5506 Ecclesiae
1454 5437 1844 5505 universalis

299 5574 386 5643 de
426 5593 553 5639 non
615 5566 907 5638 iterando
947 5565 1299 5632 chrismate
1354 5561 1584 5631 attexit
1622 5572 1845 5630 contra

3380 379 3502 442 707

1963 560 2265 627 Latinos:
2346 561 2523 637 Quin
2590 561 2792 624 ctiam
2847 556 3019 632 illos
3100 549 3337 635 inquit,
3394 547 3509 633 qui

1956 697 1997 739 α
2058 675 2472 760 presbyteris
2538 674 2897 739 chris-mate
2961 669 3146 735 uncti
3189 666 3505 749 suerunt,

1957 793 2202 856 iterum
2259 792 2626 855 chrismare
2664 809 2801 853 non
2869 788 3299 859 horruerunt,
3347 778 3513 864 Epi-

1952 928 2185 993 scopos
2213 909 2463 993 scipsos
2484 911 2840 994 jactantes,
2873 915 2933 969 et
2965 899 3514 985 Presbyterorum

1954 1024 2248 1089 chrisma
2306 1012 2547 1089 inutile
2588 1043 2743 1101 esse,
2795 1032 2854 1086 et
2904 1023 3166 1105 frustra
3223 1015 3304 1080 ab
3371 1012 3514 1077 illis

1954 1139 2438 1204 administrari
2524 1148 2902 1224 portentose
2982 1135 3308 1210 docentes,
3382 1139 3506 1194 etc.

1953 1256 2105 1322 Non
2145 1258 2482 1339 reperitur
2522 1257 2792 1341 aliquis,
2838 1255 2953 1339 qni
2987 1253 3184 1316 talem
3219 1266 3508 1333 unquam

1953 1374 2228 1438 auribus
2276 1373 2606 1457 acce-perit
2652 1371 3138 1457 insipientiam,
3185 1386 3380 1452 quarn
3423 1364 3507 1425 is-

1955 1492 2007 1554 ti
2072 1501 2287 1555 mente
2325 1491 2503 1575 capit
2543 1488 2791 1554 audere
2861 1507 2996 1551 non
3064 1483 3507 1558 ‹trabitur-nnc,-

1958 1607 2109 1670 illos
2143 1606 2450 1670 videlicet
2490 1606 2605 1690 qni
2647 1604 2846 1668 semel
2899 1603 3093 1667 te‘ncti
3143 1608 3296 1664 snut
3332 1597 3507 1662 cleri-

1952 1732 2181 1798 smate,
2247 1721 2978 1794 iterumclirisnutntcs,
3043 1728 3103 1782 et
3167 1714 3503 1780 Christia-

1954 1859 2197 1903 norum
2279 1837 2540 1901 coecelsa
2616 1846 2675 1900 et
2733 1835 2974 1899 divina
3043 1831 3369 1918 mysteria
3436 1830 3510 1893 in

1954 1975 2235 2040 maynas
2272 1975 2505 2039 nitycw,
2542 1963 2603 2016 et
2648 1952 2944 2016 derisum
2996 1951 3331 2036 ingentem
3362 1969 3512 2012 con.-

1957 2081 2308 2137 vcrtcnteS.
2353 2073 2430 2135 Et
2463 2069 2629 2134 infra
2660 2091 2673 2134 :
2710 2068 2961 2133 Ite-rata
3000 2065 3391 2132 chrismatio
3430 2064 3513 2128 il-

1958 2189 2173 2254 lorum
2232 2187 2349 2272 qui
2424 2185 2752 2270 baptizati
2802 2195 2976 2263 sunt,
3040 2193 3102 2247 ct
3157 2183 3515 2248 chrismate

1961 2302 2176 2377 tincti,
2244 2320 2449 2385 neque
2495 2301 2846 2364 Canonum
2885 2298 3281 2363 auctoritate
3331 2292 3511 2358 indi-

1957 2424 2082 2498 ρετ,
2146 2414 2365 2491 crede,
2432 2424 2499 2478 ιιι
2541 2413 2928 2490 damnetur,
3004 2432 3152 2476 cnm
3213 2409 3316 2474 vel
3364 2408 3512 2492 ipsa

1957 2534 2099 2600 sola
2141 2533 2242 2598 rei
2277 2532 2588 2596 narratio
2644 2541 2908 2617 superet
2974 2549 3232 2593 omnem
3273 2527 3508 2611 impie-

1962 2650 2117 2715 tatis
2156 2649 2508 2726 eaecelsum,
2545 2659 2667 2713 etc.
3254 2626 3257 2629 ⁴

2050 2769 2203 2832 Haec
2260 2776 2440 2831 notat
2481 2764 2802 2832 Arcudius
2859 2776 3082 2830 contra
3125 2760 3509 2827 modernum

1961 2902 2247 2948 errorem
2335 2884 2734 2958 Graecorum,
2806 2881 2917 2966 qui
2975 2877 3511 2945 chrismationem

1961 3010 2321 3078 renovant3
2385 2999 2556 3085 quod
2618 3000 2719 3065 vel
2790 2998 2930 3082 ipse
3007 3001 3247 3062 Auctor
3314 2993 3516 3060 totius

1959 3117 2336 3184 schismatis
2368 3114 2636 3181 Photius
2667 3115 2954 3194 damnat,
2992 3135 3026 3178 a
3071 3111 3317 3178 Latinis
3356 3131 3509 3176 con·

1956 3250 2056 3303 tra
2104 3240 2425 3319 CanoneS,
2482 3245 2546 3300 et
2602 3234 2944 3300 veritatem
3011 3231 3268 3297 factam.
3315 3233 3515 3296 Caete-

1958 3375 2101 3420 rum
2156 3352 2466 3438 maligne,
2528 3351 2680 3437 quia
2722 3349 2972 3416 nullum
3022 3346 3144 3414 fuit
3188 3346 3388 3433 hujus
3420 3346 3513 3412 rei

1956 3469 2330 3556 exemplum
2375 3479 2614 3555 praeter
2672 3465 2854 3545 illud,
2920 3465 3090 3554 quod
3141 3465 3380 3530 factum
3415 3474 3515 3529 est

1955 3588 2124 3654 inter
2155 3585 2494 3670 Bulgaros,
2530 3594 2594 3650 et
2624 3582 2937 3666 legitime,
2977 3580 3129 3666 quia
3179 3590 3244 3645 et
3275 3579 3355 3645 ab
3399 3577 3505 3655 iis,

1954 3702 2064 3786 qui
2161 3700 2402 3766 nullam
2467 3698 2922 3766 auctoritatem
3014 3695 3385 3760 habuerunt
3445 3695 3511 3759 in

1952 3816 2163 3883 aliena
2222 3815 2521 3895 Dioecesi,
2575 3825 2638 3880 et
2686 3812 2796 3900 qui
2838 3811 3042 3878 sacris
3073 3823 3261 3875 crant
3300 3809 3505 3876 inter—

1952 3932 2131 4012 dicti,
2186 3942 2501 4017 erantque
2554 3927 2934 3996 Sacerdotes
3009 3926 3364 4014 simplices,
3430 3947 3511 3991 ex

1953 4070 2134 4115 more
2182 4044 2948 4127 Graecorum‚,ministri,
3003 4062 3132 4107 non
3162 4062 3319 4108 vero
3363 4042 3515 4128 Epi-

1950 4166 2156 4252 scopi,
2220 4164 2330 4250 qui
2403 4162 2574 4249 apud
2632 4162 2892 4226 Graecos
2932 4158 3137 4225 solam
3187 4156 3510 4223 ordinati-

1948 4303 2139 4350 onem
2194 4280 2460 4347 faciunt.

2041 4403 2392 4476 Caeterum,
2468 4393 2687 4482 praxis
2773 4390 3083 4459 Ecclesiae
3158 4387 3511 4455 Orientalis

1952 4514 2106 4579 hinc
2146 4511 2426 4579 sumitur
2466 4520 2782 4596 quantum
2822 4506 2902 4573 ad
2961 4506 3049 4587 id,
3094 4504 3265 4592 quod
3307 4523 3504 4589 supra

1954 4628 2396 4717 praemisimus
2435 4626 2515 4691 de
2558 4625 2855 4690 ministro
2888 4623 3087 4710 hujus
3128 4605 3506 4687 Sacramen-

1956 4746 2036 4812 ti.
2097 4743 2441 4829 Colligitur
2481 4740 2792 4819 secundO,
2835 4741 3012 4804 hunc
3063 4738 3267 4813 fuisse
3315 4756 3506 4803 usum

1956 4863 2021 4928 in
2054 4860 2338 4927 Ecclesia
2381 4857 2689 4924 Orientali
2740 4868 2892 4922 ante
2931 4854 3234 4920 Photium
3271 4854 3507 4920 iterum

1958 4998 2086 5043 non
2146 4972 2559 5051 confirmare,
2625 4971 2755 5036 imo
2815 4991 2932 5056 pro
2991 4970 3329 5035 communi
3392 4967 3507 5033 do-

1955 5104 2176 5181 gmate
2205 5093 2329 5157 hoc
2351 5093 2838 5155 Sacramentum
2874 5087 3077 5153 fuisse
3101 5106 3229 5151 non
3253 5084 3509 5150 iterabi-

1957 5208 2061 5286 le3
2136 5228 2294 5293 ergo
2362 5209 2655 5271 Canones
2739 5201 2993 5289 praefati
3055 5202 3509 5287 supponebant

1959 5323 2328 5402 haereticOS,
2381 5322 2460 5387 de
2510 5320 2747 5408 quibus
2793 5318 3036 5384 faciunt
3085 5316 3505 5393 mentionem,

1962 5461 2088 5506 non
2133 5438 2336 5505 fuisse
2368 5458 2524 5503 vere
2553 5434 2997 5503 confirmatos.

2048 5561 2119 5624 In
2180 5554 2468 5622 Ecclesia
2515 5564 2730 5619 autem
2781 5548 3196 5630 Occidentali‚
3244 5548 3509 5635 recipie·
