<?xml version="1.0" encoding="UTF-8"?>
<!DOCTYPE html PUBLIC "-//W3C//DTD XHTML 1.0 Transitional//EN"
    "http://www.w3.org/TR/xhtml1/DTD/xhtml1-transitional.dtd">
<html xmlns="http://www.w3.org/1999/xhtml" xml:lang="en" lang="en">
 <head>
  <title>
</title>
<meta http-equiv="Content-Type" content="text/html;charset=utf-8" />
  <meta name='ocr-system' content='tesseract 3.04.00' />
  <meta name='ocr-capabilities' content='ocr_page ocr_carea ocr_par ocr_line ocrx_word'/>
</head>
<body>
  <div class='ocr_page' id='page_1' title='image "./joannisdunsscot02waddgoog_0643.png"; bbox 0 0 4255 6375; ppageno 0'>
   <div class='ocr_carea' id='block_1_1' title="bbox 164 1143 222 1178">
    <p class='ocr_par' dir='ltr' id='par_1_1' title="bbox 164 1143 222 1178">
     <span class='ocr_line' id='line_1_1' title="bbox 164 1143 222 1178; baseline 0.017 -1"><span class='ocrx_word' id='word_1_1' title='bbox 164 1143 222 1178; x_wconf 73' lang='grc' dir='ltr'>ΙΙΙ·</span> 
     </span>
    </p>
   </div>
   <div class='ocr_carea' id='block_1_2' title="bbox 1377 437 2211 516">
    <p class='ocr_par' dir='ltr' id='par_1_2' title="bbox 1377 437 2211 516">
     <span class='ocr_line' id='line_1_2' title="bbox 1377 437 2211 516; baseline -0.002 -13"><span class='ocrx_word' id='word_1_2' title='bbox 1377 440 1576 503; x_wconf 84' lang='lat' dir='ltr'><strong>DIST.</strong></span> <span class='ocrx_word' id='word_1_3' title='bbox 1610 442 1711 502; x_wconf 90' lang='lat' dir='ltr'>v1.</span> <span class='ocrx_word' id='word_1_4' title='bbox 1745 437 2101 516; x_wconf 81' lang='lat' dir='ltr'>QUAESTlo</span> <span class='ocrx_word' id='word_1_5' title='bbox 2133 442 2211 502; x_wconf 89' lang='lat' dir='ltr'>X.</span> 
     </span>
    </p>
   </div>
   <div class='ocr_carea' id='block_1_3' title="bbox 3375 443 3491 505">
    <p class='ocr_par' dir='ltr' id='par_1_3' title="bbox 3375 443 3491 505">
     <span class='ocr_line' id='line_1_3' title="bbox 3375 443 3491 505; baseline -0.026 0"><span class='ocrx_word' id='word_1_6' title='bbox 3375 443 3491 505; x_wconf 80' lang='lat'>643</span> 
     </span>
    </p>
   </div>
   <div class='ocr_carea' id='block_1_4' title="bbox 345 599 3488 680">
    <p class='ocr_par' dir='ltr' id='par_1_4' title="bbox 345 599 3488 680">
     <span class='ocr_line' id='line_1_4' title="bbox 345 599 3488 680; baseline 0.001 -21"><span class='ocrx_word' id='word_1_7' title='bbox 345 601 439 662; x_wconf 80' lang='lat' dir='ltr'>Ex</span> <span class='ocrx_word' id='word_1_8' title='bbox 492 601 617 664; x_wconf 85' lang='lat' dir='ltr'>hoc</span> <span class='ocrx_word' id='word_1_9' title='bbox 687 604 831 668; x_wconf 86' lang='lat' dir='ltr'>loco</span> <span class='ocrx_word' id='word_1_10' title='bbox 915 607 1102 668; x_wconf 76' lang='lat' dir='ltr'>multi</span> <span class='ocrx_word' id='word_1_11' title='bbox 1177 600 1548 663; x_wconf 87' lang='lat' dir='ltr'>concedunt</span> <span class='ocrx_word' id='word_1_12' title='bbox 1599 599 1829 672; x_wconf 85' lang='lat' dir='ltr'>Augu·</span> <span class='ocrx_word' id='word_1_13' title='bbox 1939 599 2157 677; x_wconf 87' lang='lat' dir='ltr'>aliquo</span> <span class='ocrx_word' id='word_1_14' title='bbox 2221 607 2516 680; x_wconf 90' lang='lat' dir='ltr'>tempore</span> <span class='ocrx_word' id='word_1_15' title='bbox 2582 605 2899 678; x_wconf 88' lang='lat' dir='ltr'>tolerata;</span> <span class='ocrx_word' id='word_1_16' title='bbox 2961 610 3027 667; x_wconf 90' lang='lat' dir='ltr'>et</span> <span class='ocrx_word' id='word_1_17' title='bbox 3084 605 3196 666; x_wconf 80' lang='lat' dir='ltr'>lib.</span> <span class='ocrx_word' id='word_1_18' title='bbox 3260 605 3360 666; x_wconf 78' lang='lat'>22.</span> <span class='ocrx_word' id='word_1_19' title='bbox 3411 606 3488 664; x_wconf 85' lang='lat' dir='ltr'>de</span> 
     </span>
    </p>
   </div>
   <div class='ocr_carea' id='block_1_5' title="bbox 266 714 1827 1148">
    <p class='ocr_par' dir='ltr' id='par_1_5' title="bbox 266 714 1827 1148">
     <span class='ocr_line' id='line_1_5' title="bbox 266 714 1821 800; baseline 0.001 -26"><span class='ocrx_word' id='word_1_20' title='bbox 266 714 523 778; x_wconf 86' lang='lat' dir='ltr'>stinum</span> <span class='ocrx_word' id='word_1_21' title='bbox 558 721 822 782; x_wconf 88' lang='lat' dir='ltr'>omnino</span> <span class='ocrx_word' id='word_1_22' title='bbox 856 739 1005 784; x_wconf 89' lang='lat' dir='ltr'>esse</span> <span class='ocrx_word' id='word_1_23' title='bbox 1035 723 1101 783; x_wconf 94' lang='lat' dir='ltr'>in</span> <span class='ocrx_word' id='word_1_24' title='bbox 1134 716 1821 800; x_wconf 74' lang='lat' dir='ltr'>opposita‘sententia;</span> 
     </span>
     <span class='ocr_line' id='line_1_6' title="bbox 267 828 1827 912; baseline 0.001 -21"><span class='ocrx_word' id='word_1_25' title='bbox 267 828 450 892; x_wconf 92' lang='lat' dir='ltr'>idem</span> <span class='ocrx_word' id='word_1_26' title='bbox 514 837 706 897; x_wconf 90' lang='lat' dir='ltr'>etiam</span> <span class='ocrx_word' id='word_1_27' title='bbox 772 838 1099 900; x_wconf 81' lang='lat' dir='ltr'>existimat</span> <span class='ocrx_word' id='word_1_28' title='bbox 1162 836 1230 898; x_wconf 90' lang='lat' dir='ltr'>P.</span> <span class='ocrx_word' id='word_1_29' title='bbox 1290 837 1611 912; x_wconf 80' lang='lat' dir='ltr'>vasquez,</span> <span class='ocrx_word' id='word_1_30' title='bbox 1671 833 1827 893; x_wconf 90' lang='lat' dir='ltr'>licet</span> 
     </span>
     <span class='ocr_line' id='line_1_7' title="bbox 267 950 1825 1026; baseline 0 -18"><span class='ocrx_word' id='word_1_31' title='bbox 267 950 621 1013; x_wconf 89' lang='lat' dir='ltr'>nobiscum</span> <span class='ocrx_word' id='word_1_32' title='bbox 665 954 732 1014; x_wconf 93' lang='lat' dir='ltr'>in</span> <span class='ocrx_word' id='word_1_33' title='bbox 763 955 1181 1016; x_wconf 79' lang='lat' dir='ltr'>conclusione</span> <span class='ocrx_word' id='word_1_34' title='bbox 1226 952 1486 1016; x_wconf 84' lang='lat' dir='ltr'>sentiat.</span> <span class='ocrx_word' id='word_1_35' title='bbox 1536 951 1825 1026; x_wconf 86' lang='lat' dir='ltr'>Respon-</span> 
     </span>
     <span class='ocr_line' id='line_1_8' title="bbox 271 1065 1823 1148; baseline -0.001 -22"><span class='ocrx_word' id='word_1_36' title='bbox 271 1065 473 1128; x_wconf 91' lang='lat' dir='ltr'>detur</span> <span class='ocrx_word' id='word_1_37' title='bbox 528 1068 862 1148; x_wconf 83' lang='lat' dir='ltr'>Pelagium</span> <span class='ocrx_word' id='word_1_38' title='bbox 920 1069 1281 1131; x_wconf 79' lang='lat' dir='ltr'><strong>asseruisse</strong></span> <span class='ocrx_word' id='word_1_39' title='bbox 1335 1067 1541 1129; x_wconf 86' lang='lat' dir='ltr'>solam</span> <span class='ocrx_word' id='word_1_40' title='bbox 1588 1066 1823 1126; x_wconf 90' lang='lat' dir='ltr'>volun-</span> 
     </span>
    </p>
   </div>
   <div class='ocr_carea' id='block_1_6' title="bbox 163 1181 1816 1256">
    <p class='ocr_par' dir='ltr' id='par_1_6' title="bbox 163 1181 1816 1256">
     <span class='ocr_line' id='line_1_9' title="bbox 163 1181 1816 1256; baseline 0.001 -17"><span class='ocrx_word' id='word_1_41' title='bbox 163 1206 237 1241; x_wconf 70' lang='lat' dir='ltr'>ms</span> <span class='ocrx_word' id='word_1_42' title='bbox 267 1184 505 1256; x_wconf 86' lang='lat' dir='ltr'>tatem,</span> <span class='ocrx_word' id='word_1_43' title='bbox 565 1199 684 1244; x_wconf 87' lang='lat' dir='ltr'>seu</span> <span class='ocrx_word' id='word_1_44' title='bbox 739 1183 1021 1245; x_wconf 89' lang='lat' dir='ltr'>liberum</span> <span class='ocrx_word' id='word_1_45' title='bbox 1090 1185 1426 1246; x_wconf 78' lang='lat' dir='ltr'><strong>arbitrium</strong></span> <span class='ocrx_word' id='word_1_46' title='bbox 1485 1197 1564 1243; x_wconf 83' lang='lat' dir='ltr'>ex</span> <span class='ocrx_word' id='word_1_47' title='bbox 1641 1181 1816 1252; x_wconf 89' lang='lat' dir='ltr'>Deo;</span> 
     </span>
    </p>
   </div>
   <div class='ocr_carea' id='block_1_7' title="bbox 163 1262 238 1366">
    <p class='ocr_par' dir='ltr' id='par_1_7' title="bbox 163 1262 238 1366">
     <span class='ocr_line' id='line_1_10' title="bbox 163 1262 238 1304; baseline 0.027 -2"><span class='ocrx_word' id='word_1_48' title='bbox 163 1262 238 1304; x_wconf 80' lang='lat' dir='ltr'>cta</span> 
     </span>
     <span class='ocr_line' id='line_1_11' title="bbox 163 1335 193 1366; baseline 0.033 -1"><span class='ocrx_word' id='word_1_49' title='bbox 163 1335 193 1366; x_wconf 91' lang='grc' dir='ltr'>ι.</span> 
     </span>
    </p>
   </div>
   <div class='ocr_carea' id='block_1_8' title="bbox 251 1299 1822 5702">
    <p class='ocr_par' dir='ltr' id='par_1_8' title="bbox 251 1299 1822 3935">
     <span class='ocr_line' id='line_1_12' title="bbox 264 1299 1822 1374; baseline -0.001 -14"><span class='ocrx_word' id='word_1_50' title='bbox 264 1299 524 1363; x_wconf 88' lang='lat' dir='ltr'>bonum</span> <span class='ocrx_word' id='word_1_51' title='bbox 563 1306 789 1364; x_wconf 88' lang='lat' dir='ltr'>autem</span> <span class='ocrx_word' id='word_1_52' title='bbox 835 1302 1109 1374; x_wconf 81' lang='lat' dir='ltr'>virtutiS,</span> <span class='ocrx_word' id='word_1_53' title='bbox 1161 1307 1273 1363; x_wconf 90' lang='lat' dir='ltr'>aut</span> <span class='ocrx_word' id='word_1_54' title='bbox 1320 1301 1452 1363; x_wconf 85' lang='lat' dir='ltr'>vitii</span> <span class='ocrx_word' id='word_1_55' title='bbox 1504 1317 1585 1362; x_wconf 84' lang='lat' dir='ltr'>ex</span> <span class='ocrx_word' id='word_1_56' title='bbox 1633 1299 1822 1361; x_wconf 87' lang='lat' dir='ltr'>nobis</span> 
     </span>
     <span class='ocr_line' id='line_1_13' title="bbox 264 1417 1819 1497; baseline 0.001 -20"><span class='ocrx_word' id='word_1_57' title='bbox 264 1432 437 1491; x_wconf 88' lang='lat' dir='ltr'>esse,</span> <span class='ocrx_word' id='word_1_58' title='bbox 513 1423 588 1480; x_wconf 92' lang='lat' dir='ltr'>ut</span> <span class='ocrx_word' id='word_1_59' title='bbox 663 1424 844 1497; x_wconf 90' lang='lat' dir='ltr'>patet</span> <span class='ocrx_word' id='word_1_60' title='bbox 927 1437 1004 1481; x_wconf 86' lang='lat' dir='ltr'>ex</span> <span class='ocrx_word' id='word_1_61' title='bbox 1079 1420 1218 1481; x_wconf 86' lang='lat' dir='ltr'>aliis</span> <span class='ocrx_word' id='word_1_62' title='bbox 1296 1417 1819 1496; x_wconf 85' lang='lat' dir='ltr'>praecedentibus</span> 
     </span>
     <span class='ocr_line' id='line_1_14' title="bbox 259 1533 1821 1615; baseline -0.002 -19"><span class='ocrx_word' id='word_1_63' title='bbox 259 1534 487 1596; x_wconf 84' lang='lat' dir='ltr'>verbis</span> <span class='ocrx_word' id='word_1_64' title='bbox 544 1536 891 1615; x_wconf 80' lang='lat' dir='ltr'><strong>Augustini</strong></span> <span class='ocrx_word' id='word_1_65' title='bbox 934 1535 1001 1597; x_wconf 93' lang='lat' dir='ltr'>in</span> <span class='ocrx_word' id='word_1_66' title='bbox 1044 1536 1191 1598; x_wconf 83' lang='lat' dir='ltr'>loco</span> <span class='ocrx_word' id='word_1_67' title='bbox 1252 1533 1551 1614; x_wconf 82' lang='lat' dir='ltr'>praefatO,</span> <span class='ocrx_word' id='word_1_68' title='bbox 1613 1537 1681 1594; x_wconf 90' lang='lat' dir='ltr'>et</span> <span class='ocrx_word' id='word_1_69' title='bbox 1737 1548 1821 1593; x_wconf 75' lang='lat' dir='ltr'>ex</span> 
     </span>
     <span class='ocr_line' id='line_1_15' title="bbox 257 1648 1812 1726; baseline 0 -19"><span class='ocrx_word' id='word_1_70' title='bbox 257 1648 372 1708; x_wconf 80' lang='lat' dir='ltr'>lib.</span> <span class='ocrx_word' id='word_1_71' title='bbox 406 1652 471 1710; x_wconf 83' lang='lat'>4.</span> <span class='ocrx_word' id='word_1_72' title='bbox 522 1655 749 1711; x_wconf 85' lang='lat' dir='ltr'>contra</span> <span class='ocrx_word' id='word_1_73' title='bbox 788 1651 1124 1712; x_wconf 70' lang='lat' dir='ltr'>lulianum</span> <span class='ocrx_word' id='word_1_74' title='bbox 1182 1667 1326 1726; x_wconf 78' lang='lat' dir='ltr'>cap.</span> <span class='ocrx_word' id='word_1_75' title='bbox 1378 1652 1436 1709; x_wconf 89' lang='lat'>3.</span> <span class='ocrx_word' id='word_1_76' title='bbox 1489 1655 1545 1708; x_wconf 78' lang='lat' dir='ltr'>ec</span> <span class='ocrx_word' id='word_1_77' title='bbox 1592 1648 1704 1707; x_wconf 83' lang='lat' dir='ltr'>lz&#39;b.</span> <span class='ocrx_word' id='word_1_78' title='bbox 1757 1650 1812 1709; x_wconf 92' lang='lat' dir='ltr'>l.</span> 
     </span>
     <span class='ocr_line' id='line_1_16' title="bbox 256 1763 1808 1843; baseline 0.001 -20"><span class='ocrx_word' id='word_1_79' title='bbox 256 1763 335 1823; x_wconf 80' lang='lat' dir='ltr'>de</span> <span class='ocrx_word' id='word_1_80' title='bbox 362 1766 596 1839; x_wconf 73' lang='lat' dir='ltr'>qratia</span> <span class='ocrx_word' id='word_1_81' title='bbox 628 1766 870 1827; x_wconf 76' lang='lat' dir='ltr'>Christi</span> <span class='ocrx_word' id='word_1_82' title='bbox 914 1768 982 1826; x_wconf 82' lang='lat' dir='ltr'>in</span> <span class='ocrx_word' id='word_1_83' title='bbox 1021 1768 1376 1843; x_wconf 79' lang='lat' dir='ltr'>principiO,</span> <span class='ocrx_word' id='word_1_84' title='bbox 1410 1769 1476 1826; x_wconf 93' lang='lat' dir='ltr'>et</span> <span class='ocrx_word' id='word_1_85' title='bbox 1517 1763 1808 1841; x_wconf 83' lang='lat' dir='ltr'>ubique;</span> 
     </span>
     <span class='ocr_line' id='line_1_17' title="bbox 252 1879 1814 1962; baseline 0.004 -25"><span class='ocrx_word' id='word_1_86' title='bbox 252 1879 318 1938; x_wconf 90' lang='lat' dir='ltr'>in</span> <span class='ocrx_word' id='word_1_87' title='bbox 377 1880 507 1941; x_wconf 91' lang='lat' dir='ltr'>hoc</span> <span class='ocrx_word' id='word_1_88' title='bbox 554 1882 731 1942; x_wconf 91' lang='lat' dir='ltr'>enim</span> <span class='ocrx_word' id='word_1_89' title='bbox 794 1881 1107 1962; x_wconf 79' lang='lat' dir='ltr'>dogmate</span> <span class='ocrx_word' id='word_1_90' title='bbox 1174 1880 1257 1942; x_wconf 90' lang='lat' dir='ltr'>de</span> <span class='ocrx_word' id='word_1_91' title='bbox 1323 1883 1530 1962; x_wconf 87' lang='lat' dir='ltr'>gratia</span> <span class='ocrx_word' id='word_1_92' title='bbox 1585 1879 1814 1942; x_wconf 82' lang='lat' dir='ltr'><strong>Christi</strong></span> 
     </span>
     <span class='ocr_line' id='line_1_18' title="bbox 254 1998 1817 2076; baseline 0.001 -20"><span class='ocrx_word' id='word_1_93' title='bbox 254 1998 526 2071; x_wconf 83' lang='lat' dir='ltr'>erravit,</span> <span class='ocrx_word' id='word_1_94' title='bbox 574 2013 723 2059; x_wconf 89' lang='lat' dir='ltr'>eam</span> <span class='ocrx_word' id='word_1_95' title='bbox 780 1999 847 2059; x_wconf 93' lang='lat' dir='ltr'>in</span> <span class='ocrx_word' id='word_1_96' title='bbox 903 2004 1231 2071; x_wconf 88' lang='lat' dir='ltr'>naturam,</span> <span class='ocrx_word' id='word_1_97' title='bbox 1276 2004 1389 2059; x_wconf 89' lang='lat' dir='ltr'>aut</span> <span class='ocrx_word' id='word_1_98' title='bbox 1445 1998 1668 2076; x_wconf 89' lang='lat' dir='ltr'>legem</span> <span class='ocrx_word' id='word_1_99' title='bbox 1713 2013 1817 2058; x_wconf 86' lang='lat' dir='ltr'>re·</span> 
     </span>
     <span class='ocr_line' id='line_1_19' title="bbox 253 2109 1807 2190; baseline 0.002 -18"><span class='ocrx_word' id='word_1_100' title='bbox 253 2109 575 2177; x_wconf 80' lang='lat' dir='ltr'>fundens,</span> <span class='ocrx_word' id='word_1_101' title='bbox 622 2118 705 2176; x_wconf 88' lang='lat' dir='ltr'>At</span> <span class='ocrx_word' id='word_1_102' title='bbox 738 2120 987 2190; x_wconf 89' lang='lat' dir='ltr'>contra,</span> <span class='ocrx_word' id='word_1_103' title='bbox 1038 2115 1205 2178; x_wconf 85' lang='lat' dir='ltr'>fides</span> <span class='ocrx_word' id='word_1_104' title='bbox 1250 2115 1445 2179; x_wconf 87' lang='lat' dir='ltr'>docet</span> <span class='ocrx_word' id='word_1_105' title='bbox 1482 2131 1631 2175; x_wconf 92' lang='lat' dir='ltr'>cum</span> <span class='ocrx_word' id='word_1_106' title='bbox 1679 2115 1807 2175; x_wconf 89' lang='lat' dir='ltr'>Au-</span> 
     </span>
     <span class='ocr_line' id='line_1_20' title="bbox 251 2230 1812 2307; baseline 0 -17"><span class='ocrx_word' id='word_1_107' title='bbox 251 2233 527 2307; x_wconf 88' lang='lat' dir='ltr'>gustino</span> <span class='ocrx_word' id='word_1_108' title='bbox 561 2231 812 2292; x_wconf 91' lang='lat' dir='ltr'>bonum</span> <span class='ocrx_word' id='word_1_109' title='bbox 839 2232 1092 2294; x_wconf 85' lang='lat' dir='ltr'>virtutis</span> <span class='ocrx_word' id='word_1_110' title='bbox 1141 2246 1289 2293; x_wconf 88' lang='lat' dir='ltr'>esse</span> <span class='ocrx_word' id='word_1_111' title='bbox 1322 2247 1404 2292; x_wconf 83' lang='lat' dir='ltr'>ex</span> <span class='ocrx_word' id='word_1_112' title='bbox 1451 2232 1586 2292; x_wconf 88' lang='lat' dir='ltr'>Deo</span> <span class='ocrx_word' id='word_1_113' title='bbox 1632 2230 1812 2291; x_wconf 83' lang='lat' dir='ltr'>exci-</span> 
     </span>
     <span class='ocr_line' id='line_1_21' title="bbox 255 2349 1812 2430; baseline 0.003 -23"><span class='ocrx_word' id='word_1_114' title='bbox 255 2350 440 2409; x_wconf 80' lang='lat' dir='ltr'>tante</span> <span class='ocrx_word' id='word_1_115' title='bbox 475 2351 543 2410; x_wconf 86' lang='lat' dir='ltr'>et</span> <span class='ocrx_word' id='word_1_116' title='bbox 573 2355 990 2428; x_wconf 76' lang='lat' dir='ltr'>praeparante</span> <span class='ocrx_word' id='word_1_117' title='bbox 1037 2351 1468 2423; x_wconf 84' lang='lat' dir='ltr'>voluntatem,</span> <span class='ocrx_word' id='word_1_118' title='bbox 1521 2354 1588 2412; x_wconf 91' lang='lat' dir='ltr'>et</span> <span class='ocrx_word' id='word_1_119' title='bbox 1618 2349 1812 2430; x_wconf 87' lang='lat' dir='ltr'>adju-</span> 
     </span>
     <span class='ocr_line' id='line_1_22' title="bbox 251 2467 1811 2545; baseline 0.003 -22"><span class='ocrx_word' id='word_1_120' title='bbox 251 2467 455 2525; x_wconf 88' lang='lat' dir='ltr'>vante</span> <span class='ocrx_word' id='word_1_121' title='bbox 517 2481 637 2541; x_wconf 91' lang='lat' dir='ltr'>per</span> <span class='ocrx_word' id='word_1_122' title='bbox 690 2467 988 2545; x_wconf 83' lang='lat' dir='ltr'>gratiam.</span> <span class='ocrx_word' id='word_1_123' title='bbox 1046 2467 1233 2529; x_wconf 91' lang='lat' dir='ltr'>Nulla</span> <span class='ocrx_word' id='word_1_124' title='bbox 1284 2475 1506 2529; x_wconf 90' lang='lat' dir='ltr'>autem</span> <span class='ocrx_word' id='word_1_125' title='bbox 1563 2467 1686 2529; x_wconf 81' lang='lat' dir='ltr'>alia</span> <span class='ocrx_word' id='word_1_126' title='bbox 1747 2472 1811 2528; x_wconf 88' lang='lat' dir='ltr'>in</span> 
     </span>
     <span class='ocr_line' id='line_1_23' title="bbox 252 2580 1812 2662; baseline 0.003 -22"><span class='ocrx_word' id='word_1_127' title='bbox 252 2580 376 2640; x_wconf 87' lang='lat' dir='ltr'>hac</span> <span class='ocrx_word' id='word_1_128' title='bbox 423 2583 794 2659; x_wconf 86' lang='lat' dir='ltr'>quaestione</span> <span class='ocrx_word' id='word_1_129' title='bbox 846 2582 930 2644; x_wconf 89' lang='lat' dir='ltr'>de</span> <span class='ocrx_word' id='word_1_130' title='bbox 976 2584 1149 2644; x_wconf 90' lang='lat' dir='ltr'>bono</span> <span class='ocrx_word' id='word_1_131' title='bbox 1194 2582 1448 2644; x_wconf 83' lang='lat' dir='ltr'>virtutis</span> <span class='ocrx_word' id='word_1_132' title='bbox 1509 2580 1630 2645; x_wconf 85' lang='lat' dir='ltr'>fuit</span> <span class='ocrx_word' id='word_1_133' title='bbox 1687 2584 1812 2662; x_wconf 90' lang='lat' dir='ltr'>ipsi</span> 
     </span>
     <span class='ocr_line' id='line_1_24' title="bbox 253 2699 1811 2782; baseline 0.005 -27"><span class='ocrx_word' id='word_1_134' title='bbox 253 2699 703 2761; x_wconf 85' lang='lat' dir='ltr'>controversia</span> <span class='ocrx_word' id='word_1_135' title='bbox 754 2717 905 2762; x_wconf 90' lang='lat' dir='ltr'>cum</span> <span class='ocrx_word' id='word_1_136' title='bbox 958 2700 1259 2782; x_wconf 77' lang='lat' dir='ltr'>Pelagio:</span> <span class='ocrx_word' id='word_1_137' title='bbox 1297 2700 1477 2762; x_wconf 92' lang='lat' dir='ltr'>unde</span> <span class='ocrx_word' id='word_1_138' title='bbox 1525 2717 1669 2779; x_wconf 78' lang='lat' dir='ltr'>quae</span> <span class='ocrx_word' id='word_1_139' title='bbox 1705 2701 1811 2763; x_wconf 86' lang='lat' dir='ltr'>hic</span> 
     </span>
     <span class='ocr_line' id='line_1_25' title="bbox 255 2812 1808 2895; baseline 0.003 -21"><span class='ocrx_word' id='word_1_140' title='bbox 255 2812 435 2887; x_wconf 90' lang='lat' dir='ltr'>dicit,</span> <span class='ocrx_word' id='word_1_141' title='bbox 499 2816 809 2895; x_wconf 88' lang='lat' dir='ltr'>negando</span> <span class='ocrx_word' id='word_1_142' title='bbox 860 2815 1158 2878; x_wconf 90' lang='lat' dir='ltr'>medium</span> <span class='ocrx_word' id='word_1_143' title='bbox 1211 2818 1384 2880; x_wconf 91' lang='lat' dir='ltr'>inter</span> <span class='ocrx_word' id='word_1_144' title='bbox 1440 2818 1683 2881; x_wconf 84' lang='lat' dir='ltr'>bonam</span> <span class='ocrx_word' id='word_1_145' title='bbox 1743 2823 1808 2881; x_wconf 92' lang='lat' dir='ltr'>et</span> 
     </span>
     <span class='ocr_line' id='line_1_26' title="bbox 251 2932 1811 3014; baseline 0.004 -23"><span class='ocrx_word' id='word_1_146' title='bbox 251 2932 499 2993; x_wconf 88' lang='lat' dir='ltr'>malam</span> <span class='ocrx_word' id='word_1_147' title='bbox 529 2933 956 3006; x_wconf 85' lang='lat' dir='ltr'>voluntatem,</span> <span class='ocrx_word' id='word_1_148' title='bbox 985 2933 1414 3011; x_wconf 88' lang='lat' dir='ltr'>intelligenda</span> <span class='ocrx_word' id='word_1_149' title='bbox 1448 2938 1601 2998; x_wconf 87' lang='lat' dir='ltr'>sunt</span> <span class='ocrx_word' id='word_1_150' title='bbox 1622 2935 1811 3014; x_wconf 82' lang='lat' dir='ltr'>juxta</span> 
     </span>
     <span class='ocr_line' id='line_1_27' title="bbox 251 3049 1809 3129; baseline 0.004 -23"><span class='ocrx_word' id='word_1_151' title='bbox 251 3051 601 3110; x_wconf 81' lang='lat' dir='ltr'>materiam</span> <span class='ocrx_word' id='word_1_152' title='bbox 661 3049 1035 3129; x_wconf 87' lang='lat' dir='ltr'>subjectam</span> <span class='ocrx_word' id='word_1_153' title='bbox 1092 3051 1348 3111; x_wconf 84' lang='lat' dir='ltr'>virtutis</span> <span class='ocrx_word' id='word_1_154' title='bbox 1392 3056 1457 3112; x_wconf 84' lang='lat' dir='ltr'>et</span> <span class='ocrx_word' id='word_1_155' title='bbox 1483 3051 1641 3125; x_wconf 89' lang='lat' dir='ltr'>vitii,</span> <span class='ocrx_word' id='word_1_156' title='bbox 1676 3068 1809 3113; x_wconf 91' lang='lat' dir='ltr'>non</span> 
     </span>
     <span class='ocr_line' id='line_1_28' title="bbox 256 3164 1816 3247; baseline 0.004 -22"><span class='ocrx_word' id='word_1_157' title='bbox 256 3171 480 3228; x_wconf 89' lang='lat' dir='ltr'>autem</span> <span class='ocrx_word' id='word_1_158' title='bbox 509 3165 574 3227; x_wconf 94' lang='lat' dir='ltr'>in</span> <span class='ocrx_word' id='word_1_159' title='bbox 619 3167 894 3228; x_wconf 90' lang='lat' dir='ltr'>materia</span> <span class='ocrx_word' id='word_1_160' title='bbox 940 3164 1366 3243; x_wconf 81' lang='lat' dir='ltr'>indifferenti,</span> <span class='ocrx_word' id='word_1_161' title='bbox 1420 3183 1563 3247; x_wconf 82' lang='lat' dir='ltr'>quae</span> <span class='ocrx_word' id='word_1_162' title='bbox 1594 3185 1675 3231; x_wconf 84' lang='lat' dir='ltr'>ex</span> <span class='ocrx_word' id='word_1_163' title='bbox 1714 3187 1816 3231; x_wconf 90' lang='lat' dir='ltr'>ra-</span> 
     </span>
     <span class='ocr_line' id='line_1_29' title="bbox 260 3282 1815 3364; baseline 0.006 -21"><span class='ocrx_word' id='word_1_164' title='bbox 260 3282 434 3345; x_wconf 90' lang='lat' dir='ltr'>tione</span> <span class='ocrx_word' id='word_1_165' title='bbox 512 3300 629 3345; x_wconf 88' lang='lat' dir='ltr'>sua</span> <span class='ocrx_word' id='word_1_166' title='bbox 684 3283 773 3345; x_wconf 91' lang='lat' dir='ltr'>ad</span> <span class='ocrx_word' id='word_1_167' title='bbox 843 3290 1153 3347; x_wconf 89' lang='lat' dir='ltr'>neutrum</span> <span class='ocrx_word' id='word_1_168' title='bbox 1224 3292 1504 3364; x_wconf 88' lang='lat' dir='ltr'>spectat,</span> <span class='ocrx_word' id='word_1_169' title='bbox 1567 3305 1688 3352; x_wconf 92' lang='lat' dir='ltr'>nec</span> <span class='ocrx_word' id='word_1_170' title='bbox 1743 3295 1815 3352; x_wconf 90' lang='lat' dir='ltr'>ut</span> 
     </span>
     <span class='ocr_line' id='line_1_30' title="bbox 257 3399 1813 3480; baseline 0.006 -20"><span class='ocrx_word' id='word_1_171' title='bbox 257 3399 458 3473; x_wconf 89' lang='lat' dir='ltr'>bona,</span> <span class='ocrx_word' id='word_1_172' title='bbox 491 3401 600 3462; x_wconf 86' lang='lat' dir='ltr'>vel</span> <span class='ocrx_word' id='word_1_173' title='bbox 628 3400 800 3461; x_wconf 89' lang='lat' dir='ltr'>mala</span> <span class='ocrx_word' id='word_1_174' title='bbox 840 3399 908 3461; x_wconf 91' lang='lat' dir='ltr'>in</span> <span class='ocrx_word' id='word_1_175' title='bbox 938 3416 1190 3480; x_wconf 83' lang='lat' dir='ltr'>genere</span> <span class='ocrx_word' id='word_1_176' title='bbox 1219 3402 1356 3464; x_wconf 86' lang='lat' dir='ltr'>vitii</span> <span class='ocrx_word' id='word_1_177' title='bbox 1406 3411 1517 3465; x_wconf 93' lang='lat' dir='ltr'>aut</span> <span class='ocrx_word' id='word_1_178' title='bbox 1563 3406 1813 3469; x_wconf 89' lang='lat' dir='ltr'>virtutis</span> 
     </span>
     <span class='ocr_line' id='line_1_31' title="bbox 261 3517 1814 3599; baseline 0.007 -22"><span class='ocrx_word' id='word_1_179' title='bbox 261 3517 672 3595; x_wconf 84' lang='lat' dir='ltr'>proponitur,</span> <span class='ocrx_word' id='word_1_180' title='bbox 705 3533 927 3596; x_wconf 89' lang='lat' dir='ltr'>neque</span> <span class='ocrx_word' id='word_1_181' title='bbox 971 3518 1054 3580; x_wconf 91' lang='lat' dir='ltr'>ad</span> <span class='ocrx_word' id='word_1_182' title='bbox 1107 3535 1253 3580; x_wconf 91' lang='lat' dir='ltr'>eam</span> <span class='ocrx_word' id='word_1_183' title='bbox 1297 3527 1553 3599; x_wconf 91' lang='lat' dir='ltr'>spectat</span> <span class='ocrx_word' id='word_1_184' title='bbox 1596 3540 1814 3587; x_wconf 90' lang='lat' dir='ltr'>asser-</span> 
     </span>
     <span class='ocr_line' id='line_1_32' title="bbox 261 3636 1808 3721; baseline 0.006 -26"><span class='ocrx_word' id='word_1_185' title='bbox 261 3636 346 3696; x_wconf 87' lang='lat' dir='ltr'>tio</span> <span class='ocrx_word' id='word_1_186' title='bbox 377 3637 611 3715; x_wconf 82' lang='lat' dir='ltr'>gratiae</span> <span class='ocrx_word' id='word_1_187' title='bbox 643 3636 898 3713; x_wconf 86' lang='lat' dir='ltr'>Christi,</span> <span class='ocrx_word' id='word_1_188' title='bbox 929 3654 1126 3717; x_wconf 87' lang='lat' dir='ltr'>quam</span> <span class='ocrx_word' id='word_1_189' title='bbox 1171 3641 1449 3701; x_wconf 88' lang='lat' dir='ltr'>sustinet</span> <span class='ocrx_word' id='word_1_190' title='bbox 1503 3644 1808 3721; x_wconf 84' lang='lat' dir='ltr'>Augusti-</span> 
     </span>
     <span class='ocr_line' id='line_1_33' title="bbox 264 3753 1812 3838; baseline 0.006 -25"><span class='ocrx_word' id='word_1_191' title='bbox 264 3768 385 3814; x_wconf 86' lang='lat' dir='ltr'>nus</span> <span class='ocrx_word' id='word_1_192' title='bbox 433 3758 661 3814; x_wconf 92' lang='lat' dir='ltr'>contra</span> <span class='ocrx_word' id='word_1_193' title='bbox 693 3753 1031 3834; x_wconf 83' lang='lat' dir='ltr'>Pelagium</span> <span class='ocrx_word' id='word_1_194' title='bbox 1056 3757 1498 3818; x_wconf 88' lang='lat' dir='ltr'>necessariam</span> <span class='ocrx_word' id='word_1_195' title='bbox 1529 3758 1613 3820; x_wconf 83' lang='lat' dir='ltr'>ad</span> <span class='ocrx_word' id='word_1_196' title='bbox 1644 3777 1812 3838; x_wconf 89' lang='lat' dir='ltr'>opus</span> 
     </span>
     <span class='ocr_line' id='line_1_34' title="bbox 262 3872 540 3935; baseline 0.004 -2"><span class='ocrx_word' id='word_1_197' title='bbox 262 3872 540 3935; x_wconf 80' lang='lat' dir='ltr'>virtutis,</span> 
     </span>
    </p>

    <p class='ocr_par' dir='ltr' id='par_1_9' title="bbox 262 3989 1818 5702">
     <span class='ocr_line' id='line_1_35' title="bbox 344 3989 1815 4073; baseline 0.006 -24"><span class='ocrx_word' id='word_1_198' title='bbox 344 3991 441 4050; x_wconf 89' lang='lat' dir='ltr'>De</span> <span class='ocrx_word' id='word_1_199' title='bbox 499 3989 687 4051; x_wconf 90' lang='lat' dir='ltr'>simili</span> <span class='ocrx_word' id='word_1_200' title='bbox 744 3990 1018 4053; x_wconf 89' lang='lat' dir='ltr'>materia</span> <span class='ocrx_word' id='word_1_201' title='bbox 1060 3991 1483 4054; x_wconf 85' lang='lat' dir='ltr'>indifferente</span> <span class='ocrx_word' id='word_1_202' title='bbox 1526 3994 1815 4073; x_wconf 86' lang='lat' dir='ltr'>loquitur</span> 
     </span>
     <span class='ocr_line' id='line_1_36' title="bbox 262 4103 1813 4183; baseline 0.005 -21"><span class='ocrx_word' id='word_1_203' title='bbox 262 4103 673 4183; x_wconf 87' lang='lat' dir='ltr'>Augustinus</span> <span class='ocrx_word' id='word_1_204' title='bbox 744 4103 992 4179; x_wconf 75' lang='lat' dir='ltr'>epistol.</span> <span class='ocrx_word' id='word_1_205' title='bbox 1082 4105 1176 4166; x_wconf 85' lang='lat'>19.</span> <span class='ocrx_word' id='word_1_206' title='bbox 1254 4105 1673 4183; x_wconf 87' lang='lat' dir='ltr'>respondens</span> <span class='ocrx_word' id='word_1_207' title='bbox 1730 4108 1813 4170; x_wconf 92' lang='lat' dir='ltr'>ad</span> 
     </span>
     <span class='ocr_line' id='line_1_37' title="bbox 264 4219 1810 4304; baseline 0.003 -22"><span class='ocrx_word' id='word_1_208' title='bbox 264 4225 729 4302; x_wconf 90' lang='lat' dir='ltr'>argumentum</span> <span class='ocrx_word' id='word_1_209' title='bbox 772 4219 1148 4301; x_wconf 88' lang='lat' dir='ltr'>Hieronymi</span> <span class='ocrx_word' id='word_1_210' title='bbox 1197 4222 1261 4283; x_wconf 92' lang='lat' dir='ltr'>in</span> <span class='ocrx_word' id='word_1_211' title='bbox 1310 4225 1488 4300; x_wconf 74' lang='lat' dir='ltr'>epist.</span> <span class='ocrx_word' id='word_1_212' title='bbox 1542 4228 1636 4287; x_wconf 94' lang='lat'>11.</span> <span class='ocrx_word' id='word_1_213' title='bbox 1682 4242 1810 4304; x_wconf 86' lang='lat' dir='ltr'>quo</span> 
     </span>
     <span class='ocr_line' id='line_1_38' title="bbox 266 4338 1813 4419; baseline 0.005 -24"><span class='ocrx_word' id='word_1_214' title='bbox 266 4338 715 4400; x_wconf 84' lang='lat' dir='ltr'>contendebat</span> <span class='ocrx_word' id='word_1_215' title='bbox 744 4338 1230 4401; x_wconf 85' lang='lat' dir='ltr'>observantiam</span> <span class='ocrx_word' id='word_1_216' title='bbox 1254 4340 1588 4419; x_wconf 88' lang='lat' dir='ltr'>Legalium</span> <span class='ocrx_word' id='word_1_217' title='bbox 1608 4339 1813 4403; x_wconf 90' lang='lat' dir='ltr'>fuisse</span> 
     </span>
     <span class='ocr_line' id='line_1_39' title="bbox 263 4455 1811 4534; baseline 0.003 -21"><span class='ocrx_word' id='word_1_218' title='bbox 263 4455 528 4528; x_wconf 88' lang='lat' dir='ltr'>malam,</span> <span class='ocrx_word' id='word_1_219' title='bbox 600 4469 732 4516; x_wconf 89' lang='lat' dir='ltr'>non</span> <span class='ocrx_word' id='word_1_220' title='bbox 784 4470 942 4516; x_wconf 83' lang='lat' dir='ltr'>vero</span> <span class='ocrx_word' id='word_1_221' title='bbox 1013 4472 1180 4534; x_wconf 88' lang='lat' dir='ltr'>opus</span> <span class='ocrx_word' id='word_1_222' title='bbox 1249 4455 1656 4531; x_wconf 83' lang='lat' dir='ltr'>indifferenS,</span> <span class='ocrx_word' id='word_1_223' title='bbox 1733 4474 1811 4519; x_wconf 91' lang='lat' dir='ltr'>eo</span> 
     </span>
     <span class='ocr_line' id='line_1_40' title="bbox 262 4571 1817 4651; baseline 0.003 -21"><span class='ocrx_word' id='word_1_224' title='bbox 262 4571 464 4633; x_wconf 89' lang='lat' dir='ltr'>modo</span> <span class='ocrx_word' id='word_1_225' title='bbox 538 4588 668 4650; x_wconf 89' lang='lat' dir='ltr'>quo</span> <span class='ocrx_word' id='word_1_226' title='bbox 744 4588 905 4651; x_wconf 88' lang='lat' dir='ltr'>opus</span> <span class='ocrx_word' id='word_1_227' title='bbox 977 4571 1367 4633; x_wconf 85' lang='lat' dir='ltr'>indifferens</span> <span class='ocrx_word' id='word_1_228' title='bbox 1437 4574 1817 4635; x_wconf 88' lang='lat' dir='ltr'>statuebant</span> 
     </span>
     <span class='ocr_line' id='line_1_41' title="bbox 262 4686 1811 4767; baseline 0.002 -19"><span class='ocrx_word' id='word_1_229' title='bbox 262 4686 635 4767; x_wconf 89' lang='lat' dir='ltr'>Philosophi</span> <span class='ocrx_word' id='word_1_230' title='bbox 664 4692 836 4752; x_wconf 86' lang='lat' dir='ltr'>inter</span> <span class='ocrx_word' id='word_1_231' title='bbox 868 4689 1341 4751; x_wconf 85' lang='lat' dir='ltr'>continentiam</span> <span class='ocrx_word' id='word_1_232' title='bbox 1374 4693 1440 4749; x_wconf 88' lang='lat' dir='ltr'>et</span> <span class='ocrx_word' id='word_1_233' title='bbox 1469 4690 1811 4764; x_wconf 85' lang='lat' dir='ltr'>luxuriam,</span> 
     </span>
     <span class='ocr_line' id='line_1_42' title="bbox 264 4805 1814 4886; baseline 0 -17"><span class='ocrx_word' id='word_1_234' title='bbox 264 4807 447 4869; x_wconf 85' lang='lat' dir='ltr'>verbi</span> <span class='ocrx_word' id='word_1_235' title='bbox 499 4809 734 4886; x_wconf 90' lang='lat' dir='ltr'>gratia,</span> <span class='ocrx_word' id='word_1_236' title='bbox 785 4807 1146 4880; x_wconf 87' lang='lat' dir='ltr'>ambulare,</span> <span class='ocrx_word' id='word_1_237' title='bbox 1182 4812 1305 4868; x_wconf 87' lang='lat' dir='ltr'>etc.</span> <span class='ocrx_word' id='word_1_238' title='bbox 1357 4805 1441 4867; x_wconf 85' lang='lat' dir='ltr'>de</span> <span class='ocrx_word' id='word_1_239' title='bbox 1473 4823 1604 4884; x_wconf 87' lang='lat' dir='ltr'>quo</span> <span class='ocrx_word' id='word_1_240' title='bbox 1636 4806 1814 4869; x_wconf 89' lang='lat' dir='ltr'>idem</span> 
     </span>
     <span class='ocr_line' id='line_1_43' title="bbox 266 4884 1816 5004; baseline -0.001 -21"><span class='ocrx_word' id='word_1_241' title='bbox 266 4884 705 5004; x_wconf 68' lang='lat' dir='ltr'>Hieronymus</span> <span class='ocrx_word' id='word_1_242' title='bbox 742 4940 755 4981; x_wconf 90' lang='lat'>:</span> <span class='ocrx_word' id='word_1_243' title='bbox 793 4926 926 4985; x_wconf 85' lang='lat' dir='ltr'>Hoc</span> <span class='ocrx_word' id='word_1_244' title='bbox 968 4940 1085 4983; x_wconf 82' lang='lat' dir='ltr'>nec</span> <span class='ocrx_word' id='word_1_245' title='bbox 1122 4924 1380 4996; x_wconf 81' lang='lat' dir='ltr'>bonum,</span> <span class='ocrx_word' id='word_1_246' title='bbox 1427 4940 1539 4984; x_wconf 83' lang='lat' dir='ltr'>nec</span> <span class='ocrx_word' id='word_1_247' title='bbox 1565 4923 1816 4984; x_wconf 83' lang='lat' dir='ltr'>malum</span> 
     </span>
     <span class='ocr_line' id='line_1_44' title="bbox 270 5039 1816 5120; baseline -0.001 -18"><span class='ocrx_word' id='word_1_248' title='bbox 270 5049 377 5118; x_wconf 79' lang='lat' dir='ltr'>est,</span> <span class='ocrx_word' id='word_1_249' title='bbox 437 5040 676 5120; x_wconf 91' lang='lat' dir='ltr'>inquit,</span> <span class='ocrx_word' id='word_1_250' title='bbox 738 5040 869 5101; x_wconf 82' lang='lat' dir='ltr'>sive</span> <span class='ocrx_word' id='word_1_251' title='bbox 932 5041 1099 5100; x_wconf 83' lang='lat' dir='ltr'>enim</span> <span class='ocrx_word' id='word_1_252' title='bbox 1155 5040 1410 5115; x_wconf 74' lang='lat' dir='ltr'>fecerz&#39;S,</span> <span class='ocrx_word' id='word_1_253' title='bbox 1491 5039 1623 5100; x_wconf 80' lang='lat' dir='ltr'>sive</span> <span class='ocrx_word' id='word_1_254' title='bbox 1693 5057 1816 5102; x_wconf 82' lang='lat' dir='ltr'>non</span> 
     </span>
     <span class='ocr_line' id='line_1_45' title="bbox 269 5155 1811 5232; baseline 0 -16"><span class='ocrx_word' id='word_1_255' title='bbox 269 5156 522 5232; x_wconf 75' lang='lat' dir='ltr'>feceri3‚</span> <span class='ocrx_word' id='word_1_256' title='bbox 582 5173 697 5217; x_wconf 78' lang='lat' dir='ltr'>nec</span> <span class='ocrx_word' id='word_1_257' title='bbox 739 5156 1068 5231; x_wconf 76' lang='lat' dir='ltr'>justitiam</span> <span class='ocrx_word' id='word_1_258' title='bbox 1125 5155 1411 5230; x_wconf 78' lang='lat' dir='ltr'>habebis,</span> <span class='ocrx_word' id='word_1_259' title='bbox 1468 5173 1580 5217; x_wconf 84' lang='lat' dir='ltr'>nec</span> <span class='ocrx_word' id='word_1_260' title='bbox 1635 5157 1811 5232; x_wconf 83' lang='lat' dir='ltr'>inju-</span> 
     </span>
     <span class='ocr_line' id='line_1_46' title="bbox 273 5268 1818 5347; baseline 0.001 -15"><span class='ocrx_word' id='word_1_261' title='bbox 273 5275 537 5347; x_wconf 76' lang='lat' dir='ltr'>stitiam,</span> <span class='ocrx_word' id='word_1_262' title='bbox 626 5277 754 5333; x_wconf 86' lang='lat' dir='ltr'>etc.</span> <span class='ocrx_word' id='word_1_263' title='bbox 849 5270 1024 5330; x_wconf 85' lang='lat' dir='ltr'>Hanc</span> <span class='ocrx_word' id='word_1_264' title='bbox 1107 5268 1471 5331; x_wconf 87' lang='lat' dir='ltr'>doctrinam</span> <span class='ocrx_word' id='word_1_265' title='bbox 1542 5269 1818 5333; x_wconf 88' lang='lat' dir='ltr'>admittit</span> 
     </span>
     <span class='ocr_line' id='line_1_47' title="bbox 274 5384 1817 5470; baseline 0 -21"><span class='ocrx_word' id='word_1_266' title='bbox 274 5389 680 5470; x_wconf 82' lang='lat' dir='ltr'>Augustinus</span> <span class='ocrx_word' id='word_1_267' title='bbox 723 5387 790 5447; x_wconf 90' lang='lat' dir='ltr'>in</span> <span class='ocrx_word' id='word_1_268' title='bbox 851 5388 1029 5461; x_wconf 78' lang='lat' dir='ltr'>epist.</span> <span class='ocrx_word' id='word_1_269' title='bbox 1098 5384 1191 5447; x_wconf 90' lang='grc'>16.</span> <span class='ocrx_word' id='word_1_270' title='bbox 1243 5393 1307 5448; x_wconf 90' lang='lat' dir='ltr'>et</span> <span class='ocrx_word' id='word_1_271' title='bbox 1362 5388 1456 5448; x_wconf 90' lang='lat' dir='ltr'>sic</span> <span class='ocrx_word' id='word_1_272' title='bbox 1501 5386 1658 5448; x_wconf 86' lang='lat' dir='ltr'>dicit</span> <span class='ocrx_word' id='word_1_273' title='bbox 1699 5388 1817 5448; x_wconf 91' lang='lat' dir='ltr'>Sa-</span> 
     </span>
     <span class='ocr_line' id='line_1_48' title="bbox 277 5502 1816 5579; baseline 0 -14"><span class='ocrx_word' id='word_1_274' title='bbox 277 5511 606 5568; x_wconf 87' lang='lat' dir='ltr'>cramenta</span> <span class='ocrx_word' id='word_1_275' title='bbox 647 5510 872 5566; x_wconf 86' lang='lat' dir='ltr'>vetera</span> <span class='ocrx_word' id='word_1_276' title='bbox 927 5506 1080 5579; x_wconf 88' lang='lat' dir='ltr'>post</span> <span class='ocrx_word' id='word_1_277' title='bbox 1128 5503 1504 5579; x_wconf 88' lang='lat' dir='ltr'>passionem</span> <span class='ocrx_word' id='word_1_278' title='bbox 1561 5502 1816 5579; x_wconf 88' lang='lat' dir='ltr'>Christi,</span> 
     </span>
     <span class='ocr_line' id='line_1_49' title="bbox 276 5617 1815 5702; baseline -0.001 -19"><span class='ocrx_word' id='word_1_279' title='bbox 276 5638 494 5702; x_wconf 88' lang='lat' dir='ltr'>neque</span> <span class='ocrx_word' id='word_1_280' title='bbox 537 5623 713 5684; x_wconf 91' lang='lat' dir='ltr'>bona</span> <span class='ocrx_word' id='word_1_281' title='bbox 756 5619 983 5694; x_wconf 84' lang='lat' dir='ltr'>fuisse,</span> <span class='ocrx_word' id='word_1_282' title='bbox 1027 5634 1242 5697; x_wconf 89' lang='lat' dir='ltr'>neque</span> <span class='ocrx_word' id='word_1_283' title='bbox 1287 5619 1482 5693; x_wconf 89' lang='lat' dir='ltr'>mala,</span> <span class='ocrx_word' id='word_1_284' title='bbox 1533 5617 1653 5682; x_wconf 90' lang='lat' dir='ltr'>sed</span> <span class='ocrx_word' id='word_1_285' title='bbox 1701 5636 1815 5697; x_wconf 90' lang='lat' dir='ltr'>pro</span> 
     </span>
    </p>
   </div>
   <div class='ocr_carea' id='block_1_9' title="bbox 1919 715 3487 2780">
    <p class='ocr_par' dir='ltr' id='par_1_10' title="bbox 1919 715 3487 2780">
     <span class='ocr_line' id='line_1_50' title="bbox 1940 715 3485 794; baseline 0.005 -22"><span class='ocrx_word' id='word_1_286' title='bbox 1940 715 2231 789; x_wconf 75' lang='lat' dir='ltr'>Cz’vz&#39;tale,</span> <span class='ocrx_word' id='word_1_287' title='bbox 2281 735 2422 794; x_wconf 82' lang='lat' dir='ltr'>cap.</span> <span class='ocrx_word' id='word_1_288' title='bbox 2479 718 2579 779; x_wconf 70' lang='lat'>24.</span> <span class='ocrx_word' id='word_1_289' title='bbox 2631 720 2944 782; x_wconf 91' lang='lat' dir='ltr'>discernit</span> <span class='ocrx_word' id='word_1_290' title='bbox 2995 720 3168 780; x_wconf 89' lang='lat' dir='ltr'>clare</span> <span class='ocrx_word' id='word_1_291' title='bbox 3219 720 3299 781; x_wconf 88' lang='lat' dir='ltr'>ab</span> <span class='ocrx_word' id='word_1_292' title='bbox 3347 723 3485 780; x_wconf 88' lang='lat' dir='ltr'>arte</span> 
     </span>
     <span class='ocr_line' id='line_1_51' title="bbox 1935 825 3487 911; baseline 0.005 -24"><span class='ocrx_word' id='word_1_293' title='bbox 1935 825 2108 889; x_wconf 89' lang='lat' dir='ltr'>bene</span> <span class='ocrx_word' id='word_1_294' title='bbox 2139 831 2403 893; x_wconf 86' lang='lat' dir='ltr'>vivendi</span> <span class='ocrx_word' id='word_1_295' title='bbox 2445 837 2614 911; x_wconf 73' lang='lat' dir='ltr'>(quae</span> <span class='ocrx_word' id='word_1_296' title='bbox 2667 839 2820 895; x_wconf 87' lang='lat' dir='ltr'>sunt</span> <span class='ocrx_word' id='word_1_297' title='bbox 2877 836 3174 904; x_wconf 84' lang='lat' dir='ltr'>virtutes,</span> <span class='ocrx_word' id='word_1_298' title='bbox 3226 838 3294 897; x_wconf 90' lang='lat' dir='ltr'>et</span> <span class='ocrx_word' id='word_1_299' title='bbox 3347 834 3487 895; x_wconf 89' lang='lat' dir='ltr'>sola</span> 
     </span>
     <span class='ocr_line' id='line_1_52' title="bbox 1934 948 3485 1029; baseline 0.005 -23"><span class='ocrx_word' id='word_1_300' title='bbox 1934 948 2053 1007; x_wconf 89' lang='lat' dir='ltr'>Dei</span> <span class='ocrx_word' id='word_1_301' title='bbox 2096 951 2304 1026; x_wconf 88' lang='lat' dir='ltr'>gratia</span> <span class='ocrx_word' id='word_1_302' title='bbox 2356 949 2688 1013; x_wconf 89' lang='lat' dir='ltr'>donantur</span> <span class='ocrx_word' id='word_1_303' title='bbox 2741 949 2886 1014; x_wconf 91' lang='lat' dir='ltr'>filiis</span> <span class='ocrx_word' id='word_1_304' title='bbox 2934 952 3378 1029; x_wconf 90' lang='lat' dir='ltr'>promissionis</span> <span class='ocrx_word' id='word_1_305' title='bbox 3422 954 3485 1013; x_wconf 92' lang='lat' dir='ltr'>in</span> 
     </span>
     <span class='ocr_line' id='line_1_53' title="bbox 1935 1060 3487 1148; baseline 0.005 -26"><span class='ocrx_word' id='word_1_306' title='bbox 1935 1060 2213 1144; x_wconf 87' lang='lat' dir='ltr'>Christo)</span> <span class='ocrx_word' id='word_1_307' title='bbox 2262 1066 2420 1126; x_wconf 90' lang='lat' dir='ltr'>alias</span> <span class='ocrx_word' id='word_1_308' title='bbox 2473 1075 2646 1129; x_wconf 89' lang='lat' dir='ltr'>artes</span> <span class='ocrx_word' id='word_1_309' title='bbox 2696 1070 2993 1130; x_wconf 89' lang='lat' dir='ltr'>inventas</span> <span class='ocrx_word' id='word_1_310' title='bbox 3042 1070 3309 1148; x_wconf 89' lang='lat' dir='ltr'>ingenio</span> <span class='ocrx_word' id='word_1_311' title='bbox 3369 1069 3487 1129; x_wconf 92' lang='lat' dir='ltr'>hu-</span> 
     </span>
     <span class='ocr_line' id='line_1_54' title="bbox 1932 1183 3486 1265; baseline 0.005 -23"><span class='ocrx_word' id='word_1_312' title='bbox 1932 1197 2156 1253; x_wconf 89' lang='lat' dir='ltr'>mano,</span> <span class='ocrx_word' id='word_1_313' title='bbox 2207 1183 2450 1246; x_wconf 90' lang='lat' dir='ltr'>ibidem</span> <span class='ocrx_word' id='word_1_314' title='bbox 2513 1184 2926 1265; x_wconf 90' lang='lat' dir='ltr'>distinguens</span> <span class='ocrx_word' id='word_1_315' title='bbox 2970 1188 3143 1248; x_wconf 87' lang='lat' dir='ltr'>inter</span> <span class='ocrx_word' id='word_1_316' title='bbox 3184 1204 3286 1261; x_wconf 86' lang='lat' dir='ltr'>ea,</span> <span class='ocrx_word' id='word_1_317' title='bbox 3339 1204 3486 1265; x_wconf 83' lang='lat' dir='ltr'>quae</span> 
     </span>
     <span class='ocr_line' id='line_1_55' title="bbox 1933 1300 3479 1382; baseline 0.003 -22"><span class='ocrx_word' id='word_1_318' title='bbox 1933 1300 2050 1361; x_wconf 93' lang='lat' dir='ltr'>Dei</span> <span class='ocrx_word' id='word_1_319' title='bbox 2082 1300 2294 1379; x_wconf 89' lang='lat' dir='ltr'>gratia</span> <span class='ocrx_word' id='word_1_320' title='bbox 2341 1300 2690 1375; x_wconf 88' lang='lat' dir='ltr'>donantur,</span> <span class='ocrx_word' id='word_1_321' title='bbox 2726 1307 2791 1363; x_wconf 90' lang='lat' dir='ltr'>et</span> <span class='ocrx_word' id='word_1_322' title='bbox 2835 1303 2983 1375; x_wconf 90' lang='lat' dir='ltr'>alia,</span> <span class='ocrx_word' id='word_1_323' title='bbox 3041 1320 3191 1382; x_wconf 82' lang='lat' dir='ltr'>quae</span> <span class='ocrx_word' id='word_1_324' title='bbox 3238 1304 3479 1366; x_wconf 91' lang='lat' dir='ltr'>viribus</span> 
     </span>
     <span class='ocr_line' id='line_1_56' title="bbox 1929 1420 3480 1499; baseline 0.003 -22"><span class='ocrx_word' id='word_1_325' title='bbox 1929 1420 2178 1479; x_wconf 79' lang='lat' dir='ltr'>naturae</span> <span class='ocrx_word' id='word_1_326' title='bbox 2207 1422 2624 1492; x_wconf 86' lang='lat' dir='ltr'>exercentur,</span> <span class='ocrx_word' id='word_1_327' title='bbox 2660 1424 2860 1497; x_wconf 87' lang='lat' dir='ltr'>atque</span> <span class='ocrx_word' id='word_1_328' title='bbox 2897 1420 3145 1499; x_wconf 89' lang='lat' dir='ltr'>ingenii</span> <span class='ocrx_word' id='word_1_329' title='bbox 3177 1422 3480 1495; x_wconf 85' lang='lat' dir='ltr'>humani;</span> 
     </span>
     <span class='ocr_line' id='line_1_57' title="bbox 1927 1533 3481 1618; baseline 0.002 -23"><span class='ocrx_word' id='word_1_330' title='bbox 1927 1533 2108 1595; x_wconf 89' lang='lat' dir='ltr'>unde</span> <span class='ocrx_word' id='word_1_331' title='bbox 2154 1534 2419 1613; x_wconf 89' lang='lat' dir='ltr'>quando</span> <span class='ocrx_word' id='word_1_332' title='bbox 2449 1535 2554 1598; x_wconf 89' lang='lat' dir='ltr'>hic</span> <span class='ocrx_word' id='word_1_333' title='bbox 2586 1535 2848 1598; x_wconf 87' lang='lat' dir='ltr'>disserit</span> <span class='ocrx_word' id='word_1_334' title='bbox 2892 1544 3116 1600; x_wconf 88' lang='lat' dir='ltr'>contra</span> <span class='ocrx_word' id='word_1_335' title='bbox 3147 1538 3481 1618; x_wconf 89' lang='lat' dir='ltr'>Pelagium</span> 
     </span>
     <span class='ocr_line' id='line_1_58' title="bbox 1927 1648 3483 1714; baseline 0.004 -6"><span class='ocrx_word' id='word_1_336' title='bbox 1927 1664 2060 1712; x_wconf 92' lang='lat' dir='ltr'>non</span> <span class='ocrx_word' id='word_1_337' title='bbox 2106 1648 2245 1710; x_wconf 91' lang='lat' dir='ltr'>dari</span> <span class='ocrx_word' id='word_1_338' title='bbox 2301 1648 2587 1710; x_wconf 91' lang='lat' dir='ltr'>mediam</span> <span class='ocrx_word' id='word_1_339' title='bbox 2663 1650 3069 1714; x_wconf 90' lang='lat' dir='ltr'>voluntatem</span> <span class='ocrx_word' id='word_1_340' title='bbox 3141 1653 3311 1713; x_wconf 92' lang='lat' dir='ltr'>inter</span> <span class='ocrx_word' id='word_1_341' title='bbox 3369 1654 3483 1714; x_wconf 87' lang='lat' dir='ltr'>bo·</span> 
     </span>
     <span class='ocr_line' id='line_1_59' title="bbox 1931 1766 3479 1848; baseline 0.003 -24"><span class='ocrx_word' id='word_1_342' title='bbox 1931 1780 2082 1825; x_wconf 90' lang='lat' dir='ltr'>nam</span> <span class='ocrx_word' id='word_1_343' title='bbox 2111 1769 2180 1826; x_wconf 90' lang='lat' dir='ltr'>et</span> <span class='ocrx_word' id='word_1_344' title='bbox 2233 1766 2495 1839; x_wconf 88' lang='lat' dir='ltr'>malam,</span> <span class='ocrx_word' id='word_1_345' title='bbox 2543 1766 2846 1846; x_wconf 80' lang='lat' dir='ltr'>intelligit</span> <span class='ocrx_word' id='word_1_346' title='bbox 2875 1767 2940 1828; x_wconf 92' lang='lat' dir='ltr'>in</span> <span class='ocrx_word' id='word_1_347' title='bbox 2984 1768 3252 1830; x_wconf 90' lang='lat' dir='ltr'>materia</span> <span class='ocrx_word' id='word_1_348' title='bbox 3310 1769 3479 1848; x_wconf 89' lang='lat' dir='ltr'>inju-</span> 
     </span>
     <span class='ocr_line' id='line_1_60' title="bbox 1924 1883 3477 1960; baseline 0.003 -18"><span class='ocrx_word' id='word_1_349' title='bbox 1924 1884 2134 1957; x_wconf 81' lang='lat' dir='ltr'>stitiae,</span> <span class='ocrx_word' id='word_1_350' title='bbox 2181 1883 2431 1946; x_wconf 89' lang='lat' dir='ltr'>scilicet</span> <span class='ocrx_word' id='word_1_351' title='bbox 2475 1884 2689 1945; x_wconf 86' lang='lat' dir='ltr'>meriti</span> <span class='ocrx_word' id='word_1_352' title='bbox 2722 1887 2788 1944; x_wconf 89' lang='lat' dir='ltr'>et</span> <span class='ocrx_word' id='word_1_353' title='bbox 2840 1884 3169 1960; x_wconf 90' lang='lat' dir='ltr'>demeriti,</span> <span class='ocrx_word' id='word_1_354' title='bbox 3219 1888 3477 1948; x_wconf 87' lang='lat' dir='ltr'>virtutis</span> 
     </span>
     <span class='ocr_line' id='line_1_61' title="bbox 1932 1999 3479 2080; baseline 0.005 -22"><span class='ocrx_word' id='word_1_355' title='bbox 1932 2004 1996 2060; x_wconf 92' lang='lat' dir='ltr'>et</span> <span class='ocrx_word' id='word_1_356' title='bbox 2044 1999 2204 2074; x_wconf 88' lang='lat' dir='ltr'>vitii,</span> <span class='ocrx_word' id='word_1_357' title='bbox 2238 2016 2372 2063; x_wconf 93' lang='lat' dir='ltr'>non</span> <span class='ocrx_word' id='word_1_358' title='bbox 2412 2005 2637 2063; x_wconf 89' lang='lat' dir='ltr'>autem</span> <span class='ocrx_word' id='word_1_359' title='bbox 2669 2000 2752 2063; x_wconf 90' lang='lat' dir='ltr'>de</span> <span class='ocrx_word' id='word_1_360' title='bbox 2784 2002 2860 2063; x_wconf 93' lang='lat' dir='ltr'>iis</span> <span class='ocrx_word' id='word_1_361' title='bbox 2907 2018 3052 2080; x_wconf 82' lang='lat' dir='ltr'>quae</span> <span class='ocrx_word' id='word_1_362' title='bbox 3095 2001 3479 2066; x_wconf 87' lang='lat' dir='ltr'>indifferen-</span> 
     </span>
     <span class='ocr_line' id='line_1_62' title="bbox 1926 2118 3475 2199; baseline 0.003 -21"><span class='ocrx_word' id='word_1_363' title='bbox 1926 2119 2010 2179; x_wconf 90' lang='lat' dir='ltr'>tia</span> <span class='ocrx_word' id='word_1_364' title='bbox 2048 2118 2125 2179; x_wconf 91' lang='lat' dir='ltr'>ad</span> <span class='ocrx_word' id='word_1_365' title='bbox 2157 2119 2302 2180; x_wconf 85' lang='lat' dir='ltr'>haec</span> <span class='ocrx_word' id='word_1_366' title='bbox 2331 2125 2508 2194; x_wconf 90' lang='lat' dir='ltr'>sunt,</span> <span class='ocrx_word' id='word_1_367' title='bbox 2541 2124 2610 2182; x_wconf 88' lang='lat' dir='ltr'>et</span> <span class='ocrx_word' id='word_1_368' title='bbox 2639 2120 2818 2182; x_wconf 89' lang='lat' dir='ltr'>nullo</span> <span class='ocrx_word' id='word_1_369' title='bbox 2850 2119 3048 2182; x_wconf 89' lang='lat' dir='ltr'>modo</span> <span class='ocrx_word' id='word_1_370' title='bbox 3082 2123 3475 2199; x_wconf 85' lang='lat' dir='ltr'>spectantia.</span> 
     </span>
     <span class='ocr_line' id='line_1_63' title="bbox 1926 2237 3475 2322; baseline 0.005 -26"><span class='ocrx_word' id='word_1_371' title='bbox 1926 2237 2235 2315; x_wconf 87' lang='lat' dir='ltr'>Loquitur</span> <span class='ocrx_word' id='word_1_372' title='bbox 2264 2254 2421 2317; x_wconf 93' lang='lat' dir='ltr'>ergo</span> <span class='ocrx_word' id='word_1_373' title='bbox 2455 2237 2539 2301; x_wconf 93' lang='lat' dir='ltr'>de</span> <span class='ocrx_word' id='word_1_374' title='bbox 2569 2240 2740 2301; x_wconf 86' lang='lat' dir='ltr'>bono</span> <span class='ocrx_word' id='word_1_375' title='bbox 2772 2240 3026 2302; x_wconf 86' lang='lat' dir='ltr'>virtutis</span> <span class='ocrx_word' id='word_1_376' title='bbox 3075 2259 3149 2302; x_wconf 84' lang='lat' dir='ltr'>ex</span> <span class='ocrx_word' id='word_1_377' title='bbox 3201 2257 3475 2322; x_wconf 89' lang='lat' dir='ltr'>genere,</span> 
     </span>
     <span class='ocr_line' id='line_1_64' title="bbox 1925 2352 3472 2432; baseline 0.004 -20"><span class='ocrx_word' id='word_1_378' title='bbox 1925 2354 2094 2413; x_wconf 88' lang='lat' dir='ltr'>circa</span> <span class='ocrx_word' id='word_1_379' title='bbox 2147 2352 2326 2430; x_wconf 80' lang='lat' dir='ltr'>quod</span> <span class='ocrx_word' id='word_1_380' title='bbox 2384 2357 2616 2432; x_wconf 88' lang='lat' dir='ltr'>nequit</span> <span class='ocrx_word' id='word_1_381' title='bbox 2658 2356 2961 2416; x_wconf 84' lang='lat' dir='ltr'>voluntas</span> <span class='ocrx_word' id='word_1_382' title='bbox 3021 2371 3169 2418; x_wconf 90' lang='lat' dir='ltr'>esse</span> <span class='ocrx_word' id='word_1_383' title='bbox 3215 2356 3472 2418; x_wconf 85' lang='lat' dir='ltr'>indiffe-</span> 
     </span>
     <span class='ocr_line' id='line_1_65' title="bbox 1921 2467 3475 2546; baseline 0.001 -18"><span class='ocrx_word' id='word_1_384' title='bbox 1921 2484 2098 2542; x_wconf 82' lang='lat' dir='ltr'>renS,</span> <span class='ocrx_word' id='word_1_385' title='bbox 2149 2468 2307 2546; x_wconf 87' lang='lat' dir='ltr'>quin</span> <span class='ocrx_word' id='word_1_386' title='bbox 2358 2467 2442 2530; x_wconf 91' lang='lat' dir='ltr'>de</span> <span class='ocrx_word' id='word_1_387' title='bbox 2492 2467 2692 2541; x_wconf 89' lang='lat' dir='ltr'>facto,</span> <span class='ocrx_word' id='word_1_388' title='bbox 2752 2470 2860 2532; x_wconf 84' lang='lat' dir='ltr'>vel</span> <span class='ocrx_word' id='word_1_389' title='bbox 2912 2472 3086 2533; x_wconf 82' lang='lat' dir='ltr'>bona</span> <span class='ocrx_word' id='word_1_390' title='bbox 3147 2471 3251 2532; x_wconf 90' lang='lat' dir='ltr'>vel</span> <span class='ocrx_word' id='word_1_391' title='bbox 3305 2470 3475 2531; x_wconf 90' lang='lat' dir='ltr'>mala</span> 
     </span>
     <span class='ocr_line' id='line_1_66' title="bbox 1919 2583 3475 2665; baseline 0.003 -21"><span class='ocrx_word' id='word_1_392' title='bbox 1919 2583 2041 2655; x_wconf 87' lang='lat' dir='ltr'>sit;</span> <span class='ocrx_word' id='word_1_393' title='bbox 2103 2589 2218 2646; x_wconf 90' lang='lat' dir='ltr'>aut</span> <span class='ocrx_word' id='word_1_394' title='bbox 2261 2585 2434 2647; x_wconf 92' lang='lat' dir='ltr'>enim</span> <span class='ocrx_word' id='word_1_395' title='bbox 2500 2593 2896 2665; x_wconf 84' lang='lat' dir='ltr'>praeparatur</span> <span class='ocrx_word' id='word_1_396' title='bbox 2954 2604 2989 2648; x_wconf 92' lang='lat' dir='ltr'>a</span> <span class='ocrx_word' id='word_1_397' title='bbox 3044 2588 3348 2657; x_wconf 88' lang='lat' dir='ltr'>Domino,</span> <span class='ocrx_word' id='word_1_398' title='bbox 3408 2593 3475 2649; x_wconf 91' lang='lat' dir='ltr'>et</span> 
     </span>
     <span class='ocr_line' id='line_1_67' title="bbox 1921 2697 2272 2780; baseline 0.003 -19"><span class='ocrx_word' id='word_1_399' title='bbox 1921 2701 2014 2761; x_wconf 91' lang='lat' dir='ltr'>sic</span> <span class='ocrx_word' id='word_1_400' title='bbox 2060 2697 2272 2780; x_wconf 85' lang='lat' dir='ltr'>diligit</span> 
     </span>
    </p>
   </div>
   <div class='ocr_carea' id='block_1_10' title="bbox 3536 2555 3799 2670">
    <p class='ocr_par' dir='ltr' id='par_1_11' title="bbox 3536 2555 3799 2670">
     <span class='ocr_line' id='line_1_68' title="bbox 3536 2555 3799 2614; baseline 0.015 -11"><span class='ocrx_word' id='word_1_401' title='bbox 3536 2555 3799 2614; x_wconf 87' lang='lat' dir='ltr'>Quomodo</span> 
     </span>
     <span class='ocr_line' id='line_1_69' title="bbox 3551 2618 3783 2670; baseline 0.022 -5"><span class='ocrx_word' id='word_1_402' title='bbox 3551 2618 3783 2670; x_wconf 81' lang='lat' dir='ltr'>voluntas</span> 
     </span>
    </p>
   </div>
   <div class='ocr_carea' id='block_1_11' title="bbox 2309 2680 3826 2808">
    <p class='ocr_par' dir='ltr' id='par_1_12' title="bbox 2309 2680 3826 2808">
     <span class='ocr_line' id='line_1_70' title="bbox 2309 2680 3826 2808; baseline -0.009 -44"><span class='ocrx_word' id='word_1_403' title='bbox 2309 2702 2656 2780; x_wconf 64' lang='lat' dir='ltr'>¹iustitiam,</span> <span class='ocrx_word' id='word_1_404' title='bbox 2704 2709 2817 2765; x_wconf 91' lang='lat' dir='ltr'>aut</span> <span class='ocrx_word' id='word_1_405' title='bbox 2867 2703 3224 2781; x_wconf 85' lang='lat' dir='ltr'>cupiditate</span> <span class='ocrx_word' id='word_1_406' title='bbox 3268 2702 3467 2766; x_wconf 91' lang='lat' dir='ltr'>sedu-</span> <span class='ocrx_word' id='word_1_407' title='bbox 3503 2680 3826 2808; x_wconf 49' lang='lat' dir='ltr'>nfflssggffidO</span> 
     </span>
    </p>
   </div>
   <div class='ocr_carea' id='block_1_12' title="bbox 1925 2803 3882 2900">
    <p class='ocr_par' dir='ltr' id='par_1_13' title="bbox 1925 2803 3882 2900">
     <span class='ocr_line' id='line_1_71' title="bbox 1925 2803 3882 2900; baseline -0.002 -22"><span class='ocrx_word' id='word_1_408' title='bbox 1925 2820 2109 2890; x_wconf 89' lang='lat' dir='ltr'>citur,</span> <span class='ocrx_word' id='word_1_409' title='bbox 2176 2824 2244 2880; x_wconf 88' lang='lat' dir='ltr'>et</span> <span class='ocrx_word' id='word_1_410' title='bbox 2287 2819 2379 2881; x_wconf 92' lang='lat' dir='ltr'>sic</span> <span class='ocrx_word' id='word_1_411' title='bbox 2442 2821 2743 2898; x_wconf 85' lang='lat' dir='ltr'>sequitur</span> <span class='ocrx_word' id='word_1_412' title='bbox 2809 2820 3213 2900; x_wconf 89' lang='lat' dir='ltr'>injustitiam.</span> <span class='ocrx_word' id='word_1_413' title='bbox 3287 2818 3473 2883; x_wconf 90' lang='lat' dir='ltr'>Unde</span> <span class='ocrx_word' id='word_1_414' title='bbox 3522 2806 3779 2878; x_wconf 67' lang='lat' dir='ltr'>justitiam</span> <span class='ocrx_word' id='word_1_415' title='bbox 3877 2803 3882 2804; x_wconf 42' lang='lat'><em>⁷</em></span> 
     </span>
    </p>
   </div>
   <div class='ocr_carea' id='block_1_13' title="bbox 1921 2934 3492 5705">
    <p class='ocr_par' dir='ltr' id='par_1_14' title="bbox 1921 2934 3480 4409">
     <span class='ocr_line' id='line_1_72' title="bbox 1925 2934 3472 3015; baseline 0.003 -22"><span class='ocrx_word' id='word_1_416' title='bbox 1925 2934 2187 2996; x_wconf 92' lang='lat' dir='ltr'>omnino</span> <span class='ocrx_word' id='word_1_417' title='bbox 2242 2951 2378 2996; x_wconf 91' lang='lat' dir='ltr'>non</span> <span class='ocrx_word' id='word_1_418' title='bbox 2425 2934 2701 3015; x_wconf 89' lang='lat' dir='ltr'>diligere</span> <span class='ocrx_word' id='word_1_419' title='bbox 2737 2936 3086 3015; x_wconf 86' lang='lat' dir='ltr'>justitiam,</span> <span class='ocrx_word' id='word_1_420' title='bbox 3141 2936 3248 2998; x_wconf 83' lang='lat' dir='ltr'>vel</span> <span class='ocrx_word' id='word_1_421' title='bbox 3296 2937 3472 2998; x_wconf 90' lang='lat' dir='ltr'>nullo</span> 
     </span>
     <span class='ocr_line' id='line_1_73' title="bbox 1923 3050 3471 3133; baseline 0.001 -21"><span class='ocrx_word' id='word_1_422' title='bbox 1923 3050 2122 3113; x_wconf 90' lang='lat' dir='ltr'>modo</span> <span class='ocrx_word' id='word_1_423' title='bbox 2171 3050 2472 3131; x_wconf 89' lang='lat' dir='ltr'>diligere,</span> <span class='ocrx_word' id='word_1_424' title='bbox 2534 3058 2634 3115; x_wconf 91' lang='lat' dir='ltr'>est</span> <span class='ocrx_word' id='word_1_425' title='bbox 2686 3058 3111 3116; x_wconf 87' lang='lat' dir='ltr'>contemnere</span> <span class='ocrx_word' id='word_1_426' title='bbox 3160 3053 3471 3133; x_wconf 89' lang='lat' dir='ltr'>simplici-</span> 
     </span>
     <span class='ocr_line' id='line_1_74' title="bbox 1928 3168 3473 3242; baseline 0.001 -12"><span class='ocrx_word' id='word_1_427' title='bbox 1928 3173 2049 3242; x_wconf 87' lang='lat' dir='ltr'>ter,</span> <span class='ocrx_word' id='word_1_428' title='bbox 2081 3174 2147 3230; x_wconf 90' lang='lat' dir='ltr'>et</span> <span class='ocrx_word' id='word_1_429' title='bbox 2188 3168 2339 3230; x_wconf 90' lang='lat' dir='ltr'>ideo</span> <span class='ocrx_word' id='word_1_430' title='bbox 2385 3168 2555 3231; x_wconf 88' lang='lat' dir='ltr'>hanc</span> <span class='ocrx_word' id='word_1_431' title='bbox 2606 3169 3013 3232; x_wconf 88' lang='lat' dir='ltr'>voluntatem</span> <span class='ocrx_word' id='word_1_432' title='bbox 3055 3170 3234 3233; x_wconf 91' lang='lat' dir='ltr'>nullo</span> <span class='ocrx_word' id='word_1_433' title='bbox 3273 3170 3473 3233; x_wconf 91' lang='lat' dir='ltr'>modo</span> 
     </span>
     <span class='ocr_line' id='line_1_75' title="bbox 1927 3286 3476 3368; baseline 0.001 -19"><span class='ocrx_word' id='word_1_434' title='bbox 1927 3286 2322 3365; x_wconf 87' lang='lat' dir='ltr'>diligentem</span> <span class='ocrx_word' id='word_1_435' title='bbox 2380 3286 2725 3367; x_wconf 87' lang='lat' dir='ltr'>justitiam,</span> <span class='ocrx_word' id='word_1_436' title='bbox 2810 3292 2992 3350; x_wconf 88' lang='lat' dir='ltr'>recte</span> <span class='ocrx_word' id='word_1_437' title='bbox 3068 3290 3476 3368; x_wconf 84' lang='lat' dir='ltr'>Augustinus</span> 
     </span>
     <span class='ocr_line' id='line_1_76' title="bbox 1927 3404 3479 3485; baseline 0.003 -20"><span class='ocrx_word' id='word_1_438' title='bbox 1927 3404 2083 3466; x_wconf 91' lang='lat' dir='ltr'>dicit</span> <span class='ocrx_word' id='word_1_439' title='bbox 2107 3408 2493 3484; x_wconf 90' lang='lat' dir='ltr'>pessimam,</span> <span class='ocrx_word' id='word_1_440' title='bbox 2526 3409 2679 3485; x_wconf 88' lang='lat' dir='ltr'>quia</span> <span class='ocrx_word' id='word_1_441' title='bbox 2730 3407 2838 3468; x_wconf 88' lang='lat' dir='ltr'>hic</span> <span class='ocrx_word' id='word_1_442' title='bbox 2890 3411 2992 3468; x_wconf 90' lang='lat' dir='ltr'>est</span> <span class='ocrx_word' id='word_1_443' title='bbox 3032 3407 3293 3470; x_wconf 90' lang='lat' dir='ltr'>ultimus</span> <span class='ocrx_word' id='word_1_444' title='bbox 3322 3424 3479 3485; x_wconf 90' lang='lat' dir='ltr'>gra-</span> 
     </span>
     <span class='ocr_line' id='line_1_77' title="bbox 1926 3521 3477 3602; baseline 0.001 -19"><span class='ocrx_word' id='word_1_445' title='bbox 1926 3521 2049 3584; x_wconf 92' lang='lat' dir='ltr'>dus</span> <span class='ocrx_word' id='word_1_446' title='bbox 2091 3522 2470 3602; x_wconf 78' lang='lat' dir='ltr'>iniquitatiS,</span> <span class='ocrx_word' id='word_1_447' title='bbox 2504 3524 2657 3602; x_wconf 89' lang='lat' dir='ltr'>quia</span> <span class='ocrx_word' id='word_1_448' title='bbox 2678 3529 2984 3601; x_wconf 78' lang='lat' dir='ltr'>peccator</span> <span class='ocrx_word' id='word_1_449' title='bbox 3010 3542 3156 3585; x_wconf 84' lang='lat' dir='ltr'>cum</span> <span class='ocrx_word' id='word_1_450' title='bbox 3196 3526 3263 3585; x_wconf 83' lang='lat' dir='ltr'>in</span> <span class='ocrx_word' id='word_1_451' title='bbox 3322 3526 3477 3587; x_wconf 74' lang='lat' dir='ltr'>alti-</span> 
     </span>
     <span class='ocr_line' id='line_1_78' title="bbox 1921 3641 3477 3716; baseline 0.003 -19"><span class='ocrx_word' id='word_1_452' title='bbox 1921 3641 2208 3700; x_wconf 78' lang='lat' dir='ltr'>tudinem</span> <span class='ocrx_word' id='word_1_453' title='bbox 2251 3644 2669 3715; x_wconf 78' lang='lat' dir='ltr'>peccatorum</span> <span class='ocrx_word' id='word_1_454' title='bbox 2753 3641 3022 3711; x_wconf 77' lang='lat' dir='ltr'>devenit,</span> <span class='ocrx_word' id='word_1_455' title='bbox 3113 3643 3477 3716; x_wconf 75' lang='lat' dir='ltr'>contemnit,</span> 
     </span>
     <span class='ocr_line' id='line_1_79' title="bbox 1927 3757 3480 3836; baseline 0.003 -22"><span class='ocrx_word' id='word_1_456' title='bbox 1927 3759 2052 3814; x_wconf 91' lang='lat' dir='ltr'>etc.</span> <span class='ocrx_word' id='word_1_457' title='bbox 2129 3759 2363 3834; x_wconf 86' lang='lat' dir='ltr'>estque</span> <span class='ocrx_word' id='word_1_458' title='bbox 2435 3757 2626 3836; x_wconf 89' lang='lat' dir='ltr'>pejor</span> <span class='ocrx_word' id='word_1_459' title='bbox 2680 3757 2816 3818; x_wconf 72' lang='lat' dir='ltr'>haec</span> <span class='ocrx_word' id='word_1_460' title='bbox 2885 3757 3207 3833; x_wconf 79' lang='lat' dir='ltr'>voluntaS,</span> <span class='ocrx_word' id='word_1_461' title='bbox 3284 3775 3480 3835; x_wconf 85' lang='lat' dir='ltr'>quam</span> 
     </span>
     <span class='ocr_line' id='line_1_80' title="bbox 1924 3868 3474 3953; baseline 0.004 -24"><span class='ocrx_word' id='word_1_462' title='bbox 1924 3868 2056 3944; x_wconf 88' lang='lat' dir='ltr'>illa,</span> <span class='ocrx_word' id='word_1_463' title='bbox 2088 3886 2216 3948; x_wconf 91' lang='lat' dir='ltr'>qua</span> <span class='ocrx_word' id='word_1_464' title='bbox 2246 3876 2504 3934; x_wconf 90' lang='lat' dir='ltr'>amatur</span> <span class='ocrx_word' id='word_1_465' title='bbox 2533 3873 3186 3951; x_wconf 80' lang='lat' dir='ltr'>iniquitaS,vincente</span> <span class='ocrx_word' id='word_1_466' title='bbox 3221 3873 3474 3953; x_wconf 91' lang='lat' dir='ltr'>cupidi-</span> 
     </span>
     <span class='ocr_line' id='line_1_81' title="bbox 1928 3989 3475 4067; baseline 0.005 -20"><span class='ocrx_word' id='word_1_467' title='bbox 1928 3991 2084 4061; x_wconf 91' lang='lat' dir='ltr'>tate,</span> <span class='ocrx_word' id='word_1_468' title='bbox 2118 3989 2270 4067; x_wconf 85' lang='lat' dir='ltr'>quia</span> <span class='ocrx_word' id='word_1_469' title='bbox 2300 3990 2433 4052; x_wconf 82' lang='lat' dir='ltr'>haec</span> <span class='ocrx_word' id='word_1_470' title='bbox 2465 3994 2567 4052; x_wconf 90' lang='lat' dir='ltr'>est</span> <span class='ocrx_word' id='word_1_471' title='bbox 2596 4007 2677 4051; x_wconf 82' lang='lat' dir='ltr'>ex</span> <span class='ocrx_word' id='word_1_472' title='bbox 2720 3990 3113 4065; x_wconf 87' lang='lat' dir='ltr'>infirmitate,</span> <span class='ocrx_word' id='word_1_473' title='bbox 3167 3993 3277 4054; x_wconf 88' lang='lat' dir='ltr'>illa</span> <span class='ocrx_word' id='word_1_474' title='bbox 3319 4009 3475 4057; x_wconf 90' lang='lat' dir='ltr'>vero</span> 
     </span>
     <span class='ocr_line' id='line_1_82' title="bbox 1926 4110 3474 4192; baseline 0.004 -21"><span class='ocrx_word' id='word_1_475' title='bbox 1926 4127 2073 4190; x_wconf 83' lang='lat' dir='ltr'>quae</span> <span class='ocrx_word' id='word_1_476' title='bbox 2141 4111 2323 4172; x_wconf 92' lang='lat' dir='ltr'>nullo</span> <span class='ocrx_word' id='word_1_477' title='bbox 2383 4110 2583 4175; x_wconf 84' lang='lat' dir='ltr'>modo</span> <span class='ocrx_word' id='word_1_478' title='bbox 2643 4110 2920 4173; x_wconf 82' lang='lat' dir='ltr'>afficitur</span> <span class='ocrx_word' id='word_1_479' title='bbox 2986 4111 3071 4174; x_wconf 85' lang='lat' dir='ltr'>ad</span> <span class='ocrx_word' id='word_1_480' title='bbox 3129 4113 3474 4192; x_wconf 88' lang='lat' dir='ltr'>justitiam,</span> 
     </span>
     <span class='ocr_line' id='line_1_83' title="bbox 1927 4227 3478 4314; baseline 0.006 -25"><span class='ocrx_word' id='word_1_481' title='bbox 1927 4227 2290 4289; x_wconf 87' lang='lat' dir='ltr'>contemnit</span> <span class='ocrx_word' id='word_1_482' title='bbox 2337 4245 2418 4290; x_wconf 85' lang='lat' dir='ltr'>ex</span> <span class='ocrx_word' id='word_1_483' title='bbox 2474 4230 2742 4304; x_wconf 89' lang='lat' dir='ltr'>malitia,</span> <span class='ocrx_word' id='word_1_484' title='bbox 2791 4237 2857 4293; x_wconf 88' lang='lat' dir='ltr'>et</span> <span class='ocrx_word' id='word_1_485' title='bbox 2906 4249 3039 4295; x_wconf 91' lang='lat' dir='ltr'>non</span> <span class='ocrx_word' id='word_1_486' title='bbox 3094 4250 3177 4295; x_wconf 84' lang='lat' dir='ltr'>ex</span> <span class='ocrx_word' id='word_1_487' title='bbox 3220 4234 3478 4314; x_wconf 90' lang='lat' dir='ltr'>cupidi-</span> 
     </span>
     <span class='ocr_line' id='line_1_84' title="bbox 1927 4342 2632 4409; baseline 0 -2"><span class='ocrx_word' id='word_1_488' title='bbox 1927 4349 2059 4407; x_wconf 89' lang='lat' dir='ltr'>tate</span> <span class='ocrx_word' id='word_1_489' title='bbox 2090 4345 2197 4408; x_wconf 84' lang='lat' dir='ltr'>vel</span> <span class='ocrx_word' id='word_1_490' title='bbox 2241 4342 2632 4409; x_wconf 87' lang='lat' dir='ltr'>infirmitate.</span> 
     </span>
    </p>

    <p class='ocr_par' dir='ltr' id='par_1_15' title="bbox 1925 4460 3492 5705">
     <span class='ocr_line' id='line_1_85' title="bbox 2006 4460 3472 4537; baseline 0.005 -17"><span class='ocrx_word' id='word_1_491' title='bbox 2006 4461 2088 4521; x_wconf 87' lang='lat' dir='ltr'>Et</span> <span class='ocrx_word' id='word_1_492' title='bbox 2136 4460 2286 4522; x_wconf 87' lang='lat' dir='ltr'>hinc</span> <span class='ocrx_word' id='word_1_493' title='bbox 2332 4462 2633 4537; x_wconf 86' lang='lat' dir='ltr'>sequitur</span> <span class='ocrx_word' id='word_1_494' title='bbox 2667 4462 3000 4526; x_wconf 87' lang='lat' dir='ltr'>conclusio</span> <span class='ocrx_word' id='word_1_495' title='bbox 3051 4468 3302 4527; x_wconf 87' lang='lat' dir='ltr'>intenta</span> <span class='ocrx_word' id='word_1_496' title='bbox 3343 4468 3472 4527; x_wconf 88' lang='lat' dir='ltr'>Au-</span> 
     </span>
     <span class='ocr_line' id='line_1_86' title="bbox 1925 4577 3479 4659; baseline 0.003 -21"><span class='ocrx_word' id='word_1_497' title='bbox 1925 4578 2168 4656; x_wconf 89' lang='lat' dir='ltr'>gustini</span> <span class='ocrx_word' id='word_1_498' title='bbox 2214 4582 2437 4639; x_wconf 89' lang='lat' dir='ltr'>contra</span> <span class='ocrx_word' id='word_1_499' title='bbox 2489 4577 2848 4658; x_wconf 88' lang='lat' dir='ltr'>Pelagium,</span> <span class='ocrx_word' id='word_1_500' title='bbox 2883 4596 3124 4659; x_wconf 89' lang='lat' dir='ltr'>nempe</span> <span class='ocrx_word' id='word_1_501' title='bbox 3171 4582 3225 4643; x_wconf 91' lang='lat' dir='ltr'>si</span> <span class='ocrx_word' id='word_1_502' title='bbox 3254 4582 3479 4644; x_wconf 84' lang='lat' dir='ltr'>volun-</span> 
     </span>
     <span class='ocr_line' id='line_1_87' title="bbox 1929 4696 3480 4775; baseline 0.005 -20"><span class='ocrx_word' id='word_1_503' title='bbox 1929 4700 2026 4756; x_wconf 92' lang='lat' dir='ltr'>tas</span> <span class='ocrx_word' id='word_1_504' title='bbox 2083 4696 2257 4757; x_wconf 91' lang='lat' dir='ltr'>bona</span> <span class='ocrx_word' id='word_1_505' title='bbox 2319 4712 2399 4756; x_wconf 81' lang='lat' dir='ltr'>ex</span> <span class='ocrx_word' id='word_1_506' title='bbox 2445 4696 2635 4758; x_wconf 85' lang='lat' dir='ltr'>nobis</span> <span class='ocrx_word' id='word_1_507' title='bbox 2695 4701 2815 4773; x_wconf 90' lang='lat' dir='ltr'>est,</span> <span class='ocrx_word' id='word_1_508' title='bbox 2882 4703 2949 4760; x_wconf 93' lang='lat' dir='ltr'>et</span> <span class='ocrx_word' id='word_1_509' title='bbox 2989 4715 3124 4762; x_wconf 93' lang='lat' dir='ltr'>non</span> <span class='ocrx_word' id='word_1_510' title='bbox 3172 4715 3253 4761; x_wconf 85' lang='lat' dir='ltr'>ex</span> <span class='ocrx_word' id='word_1_511' title='bbox 3315 4702 3480 4775; x_wconf 92' lang='lat' dir='ltr'>De0,</span> 
     </span>
     <span class='ocr_line' id='line_1_88' title="bbox 1926 4812 3483 4896; baseline 0.005 -25"><span class='ocrx_word' id='word_1_512' title='bbox 1926 4812 2162 4873; x_wconf 88' lang='lat' dir='ltr'>melius</span> <span class='ocrx_word' id='word_1_513' title='bbox 2222 4829 2368 4874; x_wconf 90' lang='lat' dir='ltr'>esse</span> <span class='ocrx_word' id='word_1_514' title='bbox 2443 4813 2621 4891; x_wconf 90' lang='lat' dir='ltr'>quod</span> <span class='ocrx_word' id='word_1_515' title='bbox 2697 4830 2778 4874; x_wconf 84' lang='lat' dir='ltr'>ex</span> <span class='ocrx_word' id='word_1_516' title='bbox 2835 4817 3025 4880; x_wconf 87' lang='lat' dir='ltr'>nobis</span> <span class='ocrx_word' id='word_1_517' title='bbox 3098 4822 3221 4891; x_wconf 89' lang='lat' dir='ltr'>est,</span> <span class='ocrx_word' id='word_1_518' title='bbox 3289 4832 3483 4896; x_wconf 88' lang='lat' dir='ltr'>quam</span> 
     </span>
     <span class='ocr_line' id='line_1_89' title="bbox 1927 4926 3489 5007; baseline 0.004 -19"><span class='ocrx_word' id='word_1_519' title='bbox 1927 4926 2109 5006; x_wconf 90' lang='lat' dir='ltr'>quod</span> <span class='ocrx_word' id='word_1_520' title='bbox 2142 4944 2224 4988; x_wconf 83' lang='lat' dir='ltr'>ex</span> <span class='ocrx_word' id='word_1_521' title='bbox 2255 4930 2416 4990; x_wconf 89' lang='lat' dir='ltr'>Deo.</span> <span class='ocrx_word' id='word_1_522' title='bbox 2467 4929 2565 4991; x_wconf 88' lang='lat' dir='ltr'>Ad</span> <span class='ocrx_word' id='word_1_523' title='bbox 2596 4929 2722 4991; x_wconf 92' lang='lat' dir='ltr'>hoc</span> <span class='ocrx_word' id='word_1_524' title='bbox 2773 4931 3192 5007; x_wconf 88' lang='lat' dir='ltr'>probandum</span> <span class='ocrx_word' id='word_1_525' title='bbox 3240 4933 3489 4996; x_wconf 88' lang='lat' dir='ltr'>inducit</span> 
     </span>
     <span class='ocr_line' id='line_1_90' title="bbox 1929 5041 3486 5126; baseline 0.004 -24"><span class='ocrx_word' id='word_1_526' title='bbox 1929 5045 2064 5102; x_wconf 91' lang='lat' dir='ltr'>tres</span> <span class='ocrx_word' id='word_1_527' title='bbox 2093 5041 2341 5121; x_wconf 89' lang='lat' dir='ltr'>gradus</span> <span class='ocrx_word' id='word_1_528' title='bbox 2387 5041 2532 5105; x_wconf 90' lang='lat' dir='ltr'>illos</span> <span class='ocrx_word' id='word_1_529' title='bbox 2584 5044 2977 5121; x_wconf 84' lang='lat' dir='ltr'>voluntatis;</span> <span class='ocrx_word' id='word_1_530' title='bbox 3031 5048 3301 5125; x_wconf 85' lang='lat' dir='ltr'>primuS,</span> <span class='ocrx_word' id='word_1_531' title='bbox 3357 5065 3486 5126; x_wconf 86' lang='lat' dir='ltr'>quo</span> 
     </span>
     <span class='ocr_line' id='line_1_91' title="bbox 1930 5156 3492 5244; baseline 0.004 -24"><span class='ocrx_word' id='word_1_532' title='bbox 1930 5156 2228 5238; x_wconf 89' lang='lat' dir='ltr'>diligitur</span> <span class='ocrx_word' id='word_1_533' title='bbox 2267 5158 2567 5237; x_wconf 80' lang='lat' dir='ltr'>justitia3</span> <span class='ocrx_word' id='word_1_534' title='bbox 2603 5160 2967 5238; x_wconf 89' lang='lat' dir='ltr'>secundus,</span> <span class='ocrx_word' id='word_1_535' title='bbox 3017 5180 3145 5241; x_wconf 88' lang='lat' dir='ltr'>quo</span> <span class='ocrx_word' id='word_1_536' title='bbox 3203 5164 3492 5244; x_wconf 88' lang='lat' dir='ltr'>diligitur</span> 
     </span>
     <span class='ocr_line' id='line_1_92' title="bbox 1929 5277 3491 5357; baseline 0.004 -20"><span class='ocrx_word' id='word_1_537' title='bbox 1929 5277 2281 5357; x_wconf 85' lang='lat' dir='ltr'>injustitia,</span> <span class='ocrx_word' id='word_1_538' title='bbox 2335 5281 2401 5338; x_wconf 91' lang='lat' dir='ltr'>et</span> <span class='ocrx_word' id='word_1_539' title='bbox 2441 5278 2576 5339; x_wconf 82' lang='lat' dir='ltr'>haec</span> <span class='ocrx_word' id='word_1_540' title='bbox 2641 5284 2742 5340; x_wconf 89' lang='lat' dir='ltr'>est</span> <span class='ocrx_word' id='word_1_541' title='bbox 2799 5280 3208 5357; x_wconf 78' lang='lat' dir='ltr'>cupiditatis:</span> <span class='ocrx_word' id='word_1_542' title='bbox 3267 5283 3491 5345; x_wconf 88' lang='lat' dir='ltr'>tertius</span> 
     </span>
     <span class='ocr_line' id='line_1_93' title="bbox 1930 5390 3488 5479; baseline 0.008 -30"><span class='ocrx_word' id='word_1_543' title='bbox 1930 5390 2181 5468; x_wconf 90' lang='lat' dir='ltr'>gradus</span> <span class='ocrx_word' id='word_1_544' title='bbox 2228 5396 2329 5453; x_wconf 88' lang='lat' dir='ltr'>est</span> <span class='ocrx_word' id='word_1_545' title='bbox 2357 5392 2716 5455; x_wconf 82' lang='lat' dir='ltr'>voluntatis</span> <span class='ocrx_word' id='word_1_546' title='bbox 2764 5394 2942 5456; x_wconf 90' lang='lat' dir='ltr'>nullo</span> <span class='ocrx_word' id='word_1_547' title='bbox 2977 5397 3176 5457; x_wconf 91' lang='lat' dir='ltr'>modo</span> <span class='ocrx_word' id='word_1_548' title='bbox 3217 5397 3488 5479; x_wconf 91' lang='lat' dir='ltr'>diligen-</span> 
     </span>
     <span class='ocr_line' id='line_1_94' title="bbox 1934 5505 3481 5590; baseline 0.008 -25"><span class='ocrx_word' id='word_1_549' title='bbox 1934 5505 2012 5566; x_wconf 92' lang='lat' dir='ltr'>tis</span> <span class='ocrx_word' id='word_1_550' title='bbox 2066 5506 2411 5583; x_wconf 76' lang='lat' dir='ltr'>Justitiam,</span> <span class='ocrx_word' id='word_1_551' title='bbox 2486 5516 2551 5570; x_wconf 91' lang='lat' dir='ltr'>et</span> <span class='ocrx_word' id='word_1_552' title='bbox 2618 5510 2722 5573; x_wconf 88' lang='lat' dir='ltr'>hic</span> <span class='ocrx_word' id='word_1_553' title='bbox 2782 5510 3050 5574; x_wconf 85' lang='lat' dir='ltr'>excedit</span> <span class='ocrx_word' id='word_1_554' title='bbox 3101 5514 3165 5574; x_wconf 90' lang='lat' dir='ltr'>in</span> <span class='ocrx_word' id='word_1_555' title='bbox 3221 5515 3481 5590; x_wconf 85' lang='lat' dir='ltr'>malitia,</span> 
     </span>
     <span class='ocr_line' id='line_1_95' title="bbox 1930 5622 3479 5705; baseline 0.006 -23"><span class='ocrx_word' id='word_1_556' title='bbox 1930 5622 2082 5700; x_wconf 87' lang='lat' dir='ltr'>quia</span> <span class='ocrx_word' id='word_1_557' title='bbox 2130 5626 2232 5684; x_wconf 91' lang='lat' dir='ltr'>est</span> <span class='ocrx_word' id='word_1_558' title='bbox 2263 5627 2699 5686; x_wconf 86' lang='lat' dir='ltr'>contemnens</span> <span class='ocrx_word' id='word_1_559' title='bbox 2724 5624 3046 5704; x_wconf 79' lang='lat' dir='ltr'>Justitiam</span> <span class='ocrx_word' id='word_1_560' title='bbox 3088 5643 3170 5689; x_wconf 84' lang='lat' dir='ltr'>ex</span> <span class='ocrx_word' id='word_1_561' title='bbox 3213 5629 3479 5705; x_wconf 88' lang='lat' dir='ltr'>malitia,</span> 
     </span>
    </p>
   </div>
   <div class='ocr_carea' id='block_1_14' title="bbox 3532 2870 3795 2921">
    <p class='ocr_par' dir='ltr' id='par_1_16' title="bbox 3532 2870 3795 2921">
     <span class='ocr_line' id='line_1_96' title="bbox 3532 2870 3795 2921; baseline 0 0"><span class='ocrx_word' id='word_1_562' title='bbox 3532 2874 3600 2921; x_wconf 70' lang='lat' dir='ltr'>stt</span> <span class='ocrx_word' id='word_1_563' title='bbox 3644 2870 3795 2921; x_wconf 76' lang='lat' dir='ltr'>mala.</span> 
     </span>
    </p>
   </div>
   <div class='ocr_carea' id='block_1_15' title="bbox 3632 4467 3711 4517">
    <p class='ocr_par' dir='ltr' id='par_1_17' title="bbox 3632 4467 3711 4517">
     <span class='ocr_line' id='line_1_97' title="bbox 3632 4467 3711 4517; baseline 0 0"><span class='ocrx_word' id='word_1_564' title='bbox 3632 4467 3711 4517; x_wconf 77' lang='lat'>34.</span> 
     </span>
    </p>
   </div>
  </div>
 </body>
</html>
