4255 6375
729 285 849 347 640
1864 288 2008 350 us.
2062 285 2163 350 lv.
2196 286 2793 354 sssmnrmnuu
3343 251 3344 256 ‘
4073 216 4079 352 1

714 447 1009 526 inquam,
1069 453 1169 508 est
1229 447 1487 522 falsum,
1550 449 1700 528 quia
1760 457 1942 510 actus
1997 447 2258 508 indiffe-

718 579 893 636 rens,
954 564 1005 624 si
1068 562 1179 625 fiat
1237 581 1315 625 ex
1372 566 1511 625 solo
1569 562 1697 625 fine
1754 563 2265 641 supernaturali,

724 696 859 741 non
902 680 1109 741 solum
1172 697 1308 742 non
1372 681 1493 742 erit
1540 684 1833 755 vitiosuS‚
1893 681 2014 742 sed
2070 683 2267 743 etiam

716 779 1114 870 meritoriuS,
1151 797 1414 859 dicente
1445 798 1759 875 Apostolo
1797 817 1811 859 :
1848 801 1998 858 Sive
2038 800 2266 869 edacis,

722 913 853 973 sive
908 914 1165 990 bibatis,
1232 916 1363 974 sive
1428 914 1685 991 aliquid
1738 914 1926 976 aliud
1982 915 2267 990 faciatis,

721 1028 940 1088 omnia
997 1029 1066 1089 in
1121 1031 1377 1090 nomine
1419 1029 1682 1091 Domini
1734 1030 1956 1105 facite,
2017 1034 2143 1090 etc.
2205 1035 2272 1090 et

719 1145 1090 1208 secundum
1159 1146 1319 1209 illud
1399 1147 1673 1209 Matthaei
1743 1168 1758 1210 ε
1836 1150 1961 1219 Qui
2024 1150 2272 1210 dederit

721 1261 988 1322 calicem
1034 1279 1219 1338 aquae
1245 1263 1528 1338 friyz'dae,
1584 1265 1941 1325 mercedem
1980 1265 2266 1340 recipiet.

724 1377 818 1437 Ex
888 1392 1016 1453 quo
1093 1377 1457 1440 confirmari
1530 1384 1750 1458 potest
1806 1380 1968 1440 ratio
2034 1383 2271 1456 posita,

722 1489 872 1568 quia
931 1494 985 1554 si
1030 1496 1443 1570 praeceptum
1500 1492 1660 1554 illud
1735 1491 1816 1554 de
1873 1492 2271 1555 rectitudine

724 1607 1001 1668 naturali
1068 1607 1151 1668 sit
1202 1607 1653 1672 determinatae
1710 1610 2129 1686 obligationis
2196 1609 2271 1670 ad

724 1731 1150 1793 honestatem
1206 1733 1272 1794 in
1316 1750 1593 1813 genere,
1649 1735 1776 1796 hoc
1823 1742 1944 1809 est,
2004 1740 2270 1796 natura-

732 1849 861 1909 lem
904 1848 1183 1921 virtutiS,
1258 1866 1389 1910 non
1445 1854 1663 1928 potest
1731 1849 2059 1913 excedere
2104 1865 2269 1928 pro·

724 1964 932 2043 priam
984 1965 1351 2039 materiam,
1386 1972 1452 2027 et
1491 1971 1626 2029 sive
1670 1967 2084 2044 prohibitive,
2140 1967 2275 2028 sive

726 2081 1143 2158 praeceptive,
1176 2085 1243 2141 et
1274 2079 1655 2143 affirmative
1705 2083 2131 2159 concipiatur,
2163 2098 2278 2159 pe-

726 2195 914 2259 rinde
962 2198 1280 2277 obligabit
1310 2198 1392 2259 ad
1424 2200 1841 2261 honestatem
1884 2200 2273 2260 naturalem.

808 2313 1092 2375 Primum
1138 2321 1238 2375 est
1279 2312 1537 2386 falsum,
1591 2315 1742 2393 quia
1788 2328 1995 2394 agens
2042 2331 2278 2376 secun·

730 2426 887 2489 dum
947 2429 1245 2490 virtutem
1305 2430 1772 2509 Theologicam
1826 2446 1958 2491 non
2018 2436 2283 2492 tenetur

731 2561 982 2621 ponere
1015 2547 1303 2625 aliquam
1349 2547 1806 2609 rectitudinem
1838 2547 2089 2608 virtutis
2135 2564 2277 2608 mo-

729 2661 884 2722 ralis
916 2666 981 2723 et
1024 2663 1358 2735 naturaliS,
1396 2664 1662 2742 quando
1710 2679 1843 2724 non
1887 2664 2085 2725 habet
2132 2677 2281 2723 con—

732 2778 1088 2839 nexionem
1177 2796 1299 2857 per
1375 2796 1446 2840 se
1519 2779 1984 2853 necessariam,
2082 2795 2280 2858 quam

736 2911 1002 2974 semper
1070 2896 1317 2958 habere
1398 2902 1498 2958 est
1568 2898 1833 2960 omnino
1902 2896 2144 2959 falsum
2216 2903 2281 2960 et

416 3035 527 3087 Non
573 3049 682 3086 ease
739 3011 1186 3090 paradoxum3
1237 3031 1397 3094 ergo
1455 3016 1510 3075 si
1568 3017 1630 3075 in
1687 3015 1786 3076 his
1828 3032 1961 3077 non
2006 3015 2280 3096 obligat,

393 3106 700 3215 Ρζῖζξζῗῗ
742 3128 833 3189 sic
879 3132 1074 3193 etiam
1119 3132 1369 3194 nullum
1421 3137 1524 3195 est
1573 3139 1971 3212 praeceptum
2026 3135 2118 3196 sic
2172 3133 2285 3195 ob-

443 3225 671 3292 ⁰b¹³8¹¹¹¹⁸
743 3244 955 3326 ligans
1024 3248 1377 3322 hominem,
1448 3254 1521 3310 ut
1610 3253 1764 3329 agat
1851 3249 2284 3314 determinate

384 3288 719 3342 determinate

385 3352 708 3466 honeffatem
746 3364 939 3427 modo
991 3366 1162 3428 dicto
1201 3365 1571 3428 secundum
1628 3369 2046 3430 honestatem
2102 3375 2284 3430 natu-

387 3480 467 3590 iti?
497 3492 711 3605 ἕὶοηῑὲὧῖδ
739 3482 969 3556 ralem,
999 3482 1068 3543 in
1096 3481 1370 3561 singulis
1413 3484 1729 3560 operibus
1777 3484 1937 3557 suis,
1987 3490 2063 3545 ut
2104 3490 2300 3563 patet.

426 3603 643 3654 actibus.
736 3601 803 3659 in
848 3599 1158 3678 operibus
1206 3599 1654 3681 Theologicis;
1715 3616 1934 3680 neque
1981 3604 2175 3664 etiam
2218 3619 2284 3664 1n

737 3715 878 3777 aliis
923 3717 1235 3793 operibus
1281 3715 1807 3779 indifferentibus
1836 3718 2133 3780 similiter
2163 3719 2284 3780 ob-

734 3834 896 3911 ligat
927 3831 1011 3893 ad
1043 3833 1460 3896 honestatem
1489 3835 1858 3896 naturalem
1890 3831 2282 3896 determina-

734 3957 824 4024 te,
850 3950 1024 4029 quia,
1056 3956 1130 4011 ut
1162 3949 1407 4012 dictum
1440 3957 1561 4023 est,
1598 3968 1744 4012 cum
1766 3950 2287 4029 sitpraeceptum

730 4067 1054 4131 naturale.
1102 4083 1370 4145 semper
1425 4067 1774 4147 obligaret,
1832 4072 1900 4129 et
1947 4085 2065 4146 pro
2116 4083 2287 4130 sem-

732 4200 875 4261 per,
938 4185 991 4246 si
1051 4189 1152 4248 est
1207 4185 1613 4265 negativum,
1674 4186 1777 4248 vel
1820 4202 1945 4265 per
2004 4184 2283 4247 modum

731 4297 1021 4375 negativi
1050 4314 1124 4359 se
1171 4298 1467 4371 habens;
1517 4299 1637 4362 sed
1687 4317 1853 4377 opus
1903 4299 2289 4362 indifferens

734 4411 977 4474 factum
1011 4431 1092 4475 ex
1121 4417 1361 4477 motivo
1406 4415 1550 4478 finis
1594 4419 2142 4495 supernaturaliS,
2177 4423 2289 4480 aut

737 4529 990 4592 virtutis
1058 4530 1471 4612 Theologicae
1537 4536 1830 4612 praecise,
1892 4552 2026 4600 non
2088 4536 2292 4598 habet

739 4646 938 4707 ullam
991 4646 1409 4709 honestatem
1454 4652 1520 4711 in
1565 4666 1819 4730 genere
1882 4659 1995 4714 aut
2036 4653 2287 4730 specie,

739 4778 882 4840 quae
939 4763 1020 4825 sit
1074 4763 1327 4826 virtutis
1385 4765 1646 4827 moralis
1701 4767 2055 4842 naturalis3
2126 4785 2285 4849 ergo

740 4876 937 4939 etiam
985 4879 1240 4940 nullum
1272 4886 1373 4943 est
1404 4880 1530 4941 tale
1575 4886 1970 4960 praeceptum
2020 4882 2114 4945 sic
2173 4887 2285 4948 ob-

736 4991 949 5070 ligans
991 4992 1427 5057 determinate
1458 4993 1542 5056 ad
1589 4996 1791 5058 talem
1839 4998 2281 5061 honestatem.

738 5107 799 5168 Si
844 5114 1065 5172 autern
1122 5110 1206 5171 sit
1262 5118 1662 5190 praeceptum
1711 5130 1894 5176 mere
1954 5113 2287 5176 affirmati-

734 5242 913 5297 vum,
957 5232 1031 5288 ut
1089 5244 1235 5290 esse
1271 5228 1494 5302 debet,
1542 5234 1725 5308 patet
1757 5247 1839 5292 ex
1885 5238 2115 5293 natura
2166 5232 2283 5293 hu·

727 5342 840 5423 jus
890 5347 1197 5422 praecepti
1248 5361 1382 5406 non
1429 5345 1655 5409 inferri
1698 5347 2171 5429 obligationem
2215 5352 2281 5413 in

735 5458 1012 5539 singulis
1084 5462 1397 5538 operibus
1487 5461 1889 5540 deliberatiS,
1967 5462 2090 5526 sed
2161 5482 2278 5543 pro

2366 447 2805 512 determinato
2878 455 3173 529 tempore
3245 458 3313 515 et
3383 452 3844 527 circumstantiis¹

2364 582 2507 643 quae
2551 583 2682 628 non
2739 575 3085 629 occurrunt
3150 585 3264 647 pro
3311 584 3600 645 semper.

2444 683 2659 742 Tertio
2719 680 3105 744 reducendo
3150 683 3325 745 hanc
3375 683 3752 744 sententiam
3792 683 3852 744 ad
3921 683 4015 794 1¹32-
4075 771 4076 780 ἵ

2366 796 2620 874 praxim
2706 801 3159 871 conscientiae,
3248 799 3517 862 videtur
3580 799 3854 875 implicare
3928 807 4014 873 ratis.

2363 911 2575 990 plura,
2623 929 2768 991 quae
2831 928 2967 974 non
3011 915 3403 986 subsistunt,
3466 913 3616 994 quia
3666 929 3855 992 seque·
3888 870 4044 984 ἓξ

2365 1033 2550 1090 retur
2593 1029 2892 1091 homines
2941 1030 3036 1091 sic
3083 1030 3482 1109 plerumque
3527 1031 3862 1106 peccare‚si
3897 1003 4034 1054 ΜΨ

2371 1148 2472 1206 est
2516 1145 2659 1206 talis
2704 1145 3040 1226 obligatiO,
3090 1146 3240 1223 quia
3296 1161 3521 1224 neque
3573 1143 3685 1222 ipsi
3747 1160 3860 1222 per·

2367 1260 2521 1324 fecti
2578 1265 2797 1324 omnia
2853 1279 2971 1323 sua
3015 1261 3311 1326 referunt
3363 1264 3432 1324 in
3489 1261 3684 1323 finem
3722 1270 3866 1322 natu-

2368 1378 2601 1439 ralem.
2652 1377 2836 1440 Unde
2905 1380 3126 1456 praxis
3182 1377 3583 1455 poenitentiae
3630 1394 3749 1439 non
3793 1377 3863 1435 vi·

2374 1494 2566 1556 detur
2609 1493 2958 1555 admittere
2992 1494 3189 1557 talem
3233 1492 3724 1571 obligationem,
3752 1491 3867 1569 quia

2370 1624 2591 1688 neque
2652 1609 2884 1671 fideles
2940 1612 3007 1671 in
3062 1608 3164 1668 his
3219 1604 3475 1668 faciunt
3532 1607 3870 1683 scrupulum

2371 1725 2438 1787 in
2487 1725 2862 1799 omissione,
2924 1723 3175 1787 scilicet
3229 1721 3522 1786 faciendi
3567 1722 3764 1786 omnia
3797 1723 3872 1782 in·

2375 1843 2745 1905 differentia
2793 1861 2875 1906 ex
2903 1842 3033 1906 fine
3064 1843 3345 1904 honesto
3388 1842 3670 1912 virtutis,
3699 1856 3875 1917 neque
4073 1822 4079 2071 Ι

2372 1960 2810 2034 confessoreS,
2858 1967 2970 2023 aut
3017 1961 3386 2023 Summistae
3438 1959 3542 2019 bis
3577 1958 3875 2035 plurimum

2376 2075 2811 2153 implicantur,
2881 2094 2964 2137 an
3040 2076 3287 2138 scilicet
3360 2078 3516 2152 quis
3573 2072 3879 2151 projecerit

2372 2192 2660 2270 lapidem
2699 2195 2763 2254 in
2811 2210 2993 2273 agr0,
3041 2201 3155 2256 aut
3211 2195 3645 2256 summoverit
3696 2208 3768 2252 ex
3802 2192 3882 2252 iti-
4076 2130 4079 2291 Ι

2377 2326 2535 2372 nere
2608 2307 3184 2389 impedimentum,
3256 2311 3361 2372 vel
3422 2318 3607 2372 sutor
3661 2309 3777 2371 suit
3819 2323 3884 2367 ex
4075 2349 4076 2380 ,

2376 2428 2723 2490 honestate
2765 2429 3040 2501 virtutiS,
3074 2446 3218 2507 quae
3262 2430 3345 2492 ab
3376 2430 3523 2507 ipso
3558 2433 3625 2490 et
3666 2427 3882 2506 objecto

2379 2544 2528 2623 ejus
2596 2545 2983 2624 separabilis
3035 2549 3159 2614 est,
3235 2550 3560 2623 tanquam
3604 2543 3741 2605 finis
3800 2558 3882 2601 ex·
4073 2441 4079 2627 ⁴

2381 2660 2704 2720 trinsecus
2747 2661 2956 2737 operi,
3018 2676 3239 2738 neque
3284 2659 3484 2721 etiam
3550 2656 3877 2720 absolvere·

2382 2782 2486 2838 tur
2545 2780 2610 2837 in
2687 2774 2830 2840 foro
2909 2779 3333 2856 poenitentiae,
3415 2777 3535 2856 qui
3604 2776 3749 2838 solis
3805 2775 3880 2836 his

2382 2889 2635 2951 actibus
2707 2888 3063 2951 accederet
3132 2908 3213 2952 ex
3302 2889 3577 2953 defectu
3639 2889 3882 2951 materiae

2380 3010 2787 3074 sufficientis.
2841 3012 3210 3075 Adversarii
3257 3030 3388 3074 non
3433 3013 3716 3092 probant
3751 3011 3882 3073 hanc

2380 3130 2657 3210 praxim,
2703 3128 2825 3192 sed
2875 3131 3242 3193 communis
3290 3133 3436 3194 sine
3481 3133 3737 3213 urgenti
3760 3128 3877 3190 fun-

2384 3246 2692 3310 damento
2747 3264 2880 3308 non
2941 3253 3041 3310 est
3094 3248 3575 3327 improbanda;
3637 3252 3701 3310 et
3745 3247 3870 3307 alio-

2381 3366 2538 3445 quin
2585 3380 2731 3425 cum
2791 3380 3104 3425 numerus
3161 3371 3594 3442 peccatorum
3647 3381 3724 3425 ex
3772 3364 3881 3425 Tri·

2381 3479 2652 3542 dentino
2709 3497 2858 3542 sess.
2923 3481 3016 3542 14.
3098 3497 3243 3557 cap.
3303 3482 3363 3542 5.
3425 3498 3515 3544 ex
3588 3482 3878 3559 praecepto
3925 3508 4034 3560 sm

2381 3595 2785 3658 Sacramenti
2874 3593 3118 3657 debeat
3205 3594 3534 3670 confiteri,
3605 3596 3722 3658 boc
3781 3608 3878 3672 prae

2380 3711 2648 3790 reliquis
2700 3711 3188 3774 incommodum
3258 3715 3688 3787 suboriretur,
3737 3708 3879 3790 quod

2377 3830 2486 3890 vix
2559 3828 2887 3906 poenitens
2945 3828 3320 3892 examinare
3398 3831 3611 3906 possit
3664 3830 3876 3905 integre

2380 3943 2876 4016 conscientiam,
2924 3948 3039 4005 aut
3094 3942 3391 4007 confiteri
3447 3944 3699 4025 singula
3743 3942 3880 4020 ejus·

2379 4058 2582 4133 modi,
2629 4067 2692 4123 et
2721 4060 2828 4121 vix
2878 4059 3174 4138 expediri
3220 4060 3490 4138 possita
3522 4058 3879 4123 confessore.

2377 4175 2509 4237 imo
2543 4180 2610 4236 et
2648 4177 2758 4238 vix
2803 4174 3087 4240 discerni
3127 4177 3298 4238 inter
3342 4177 3524 4254 ipsos
3571 4182 3756 4249 actus,
3799 4169 3880 4250 qui

2383 4309 2466 4354 ex
2496 4295 2758 4374 objecto
2790 4300 2944 4357 sunt
2971 4294 3452 4368 indifferenteS,
3503 4310 3713 4373 neque
3759 4304 3880 4352 con-

2379 4417 2507 4472 stat
2539 4428 2621 4472 ex
2653 4409 2782 4473 fine
2832 4414 3092 4475 vitiatos
3136 4428 3307 4484 esse,
3354 4413 3480 4473 nisi
3527 4413 3590 4473 in
3635 4428 3707 4472 eo
3745 4408 3875 4471 solo,
4067 4360 4076 4485 l

2384 4525 2565 4606 quod
2620 4527 2983 4591 deliberate
3022 4515 3209 4591 ‘factae
3265 4528 3447 4604 sint;
3497 4545 3621 4590 nec
3677 4523 3874 4586 constat

2381 4646 2434 4707 si
2465 4661 2547 4705 ex
2577 4644 2820 4707 motivo
2873 4645 3131 4707 honesti
3208 4652 3321 4708 aut
3370 4644 3762 4709 necessitatis
3793 4639 3875 4700 ali·
4065 4652 4076 4807 ν

2386 4761 2573 4841 cujus
2607 4761 2919 4823 naturalis
2969 4761 3321 4835 commodi,
3354 4761 3486 4824 imo
3523 4766 3680 4823 circa
3709 4760 3873 4836 ipsam

2383 4878 2927 4942 deliberationem
2977 4880 3360 4960 requisitam
3409 4880 3679 4944 haerebit
3714 4873 3870 4955 poeni·

2385 5005 2551 5060 tens.

2462 5113 2805 5187 Praeterea,
2856 5130 3153 5193 quaenam
3204 5115 3439 5193 regula
3486 5116 3551 5177 in
3600 5114 3689 5175 his
3725 5104 3867 5191 judi·
3951 5134 3988 5184 a:
4067 5088 4072 5105 Ι

2385 5228 2610 5292 candis
2655 5230 2899 5293 servari
2963 5237 3185 5309 potest
3225 5246 3278 5290 »a
3343 5229 3764 5294 confessario?
3804 5238 3862 5283 an

2380 5350 2454 5406 ut
2489 5347 2785 5408 mortalia
2822 5345 3167 5426 judicabit,
3215 5350 3283 5407 et
3322 5349 3554 5424 puniet
3594 5340 3859 5427 graviter?

2376 5479 2460 5526 an
2515 5464 2732 5525 solum
2792 5467 2864 5524 ut
2924 5463 3226 5538 venialia,
3300 5462 3572 5527 leviter?
3624 5462 3847 5523 Primum
