<?xml version="1.0" encoding="UTF-8"?>
<!DOCTYPE html PUBLIC "-//W3C//DTD XHTML 1.0 Transitional//EN"
    "http://www.w3.org/TR/xhtml1/DTD/xhtml1-transitional.dtd">
<html xmlns="http://www.w3.org/1999/xhtml" xml:lang="en" lang="en">
 <head>
  <title>
</title>
<meta http-equiv="Content-Type" content="text/html;charset=utf-8" />
  <meta name='ocr-system' content='tesseract 3.04.00' />
  <meta name='ocr-capabilities' content='ocr_page ocr_carea ocr_par ocr_line ocrx_word'/>
</head>
<body>
  <div class='ocr_page' id='page_1' title='image "./joannisdunsscot02waddgoog_0279.png"; bbox 0 0 4255 6375; ppageno 0'>
   <div class='ocr_carea' id='block_1_1' title="bbox 1313 388 2135 468">
    <p class='ocr_par' dir='ltr' id='par_1_1' title="bbox 1313 388 2135 468">
     <span class='ocr_line' id='line_1_1' title="bbox 1313 388 2135 468; baseline -0.01 -12"><span class='ocrx_word' id='word_1_1' title='bbox 1313 396 1515 458; x_wconf 82' lang='lat' dir='ltr'>DlS&#39;r.</span> <span class='ocrx_word' id='word_1_2' title='bbox 1564 393 1666 454; x_wconf 83' lang='lat'>111.</span> <span class='ocrx_word' id='word_1_3' title='bbox 1697 388 2054 468; x_wconf 80' lang='lat' dir='ltr'>QUAES&#39;rlo</span> <span class='ocrx_word' id='word_1_4' title='bbox 2088 391 2135 452; x_wconf 91' lang='lat'>1.</span> 
     </span>
    </p>
   </div>
   <div class='ocr_carea' id='block_1_2' title="bbox 300 840 1751 937">
    <p class='ocr_par' dir='ltr' id='par_1_2' title="bbox 300 840 1751 937">
     <span class='ocr_line' id='line_1_2' title="bbox 300 840 1751 937; baseline 0 -22"><span class='ocrx_word' id='word_1_5' title='bbox 300 840 516 916; x_wconf 88' lang='lat' dir='ltr'>Solet</span> <span class='ocrx_word' id='word_1_6' title='bbox 559 843 805 917; x_wconf 88' lang='lat' dir='ltr'>etiam</span> <span class='ocrx_word' id='word_1_7' title='bbox 857 844 1135 937; x_wconf 80' lang='lat' dir='ltr'>quaeri,</span> <span class='ocrx_word' id='word_1_8' title='bbox 1189 843 1259 916; x_wconf 90' lang='lat' dir='ltr'>si</span> <span class='ocrx_word' id='word_1_9' title='bbox 1305 844 1751 918; x_wconf 86' lang='lat' dir='ltr'>Circumci-</span> 
     </span>
    </p>
   </div>
   <div class='ocr_carea' id='block_1_3' title="bbox 139 961 1754 1063">
    <p class='ocr_par' dir='ltr' id='par_1_3' title="bbox 139 961 1754 1063">
     <span class='ocr_line' id='line_1_3' title="bbox 139 961 1754 1063; baseline 0.002 -32"><span class='ocrx_word' id='word_1_10' title='bbox 139 961 330 1063; x_wconf 34' lang='lat' dir='ltr'>sssio</span> <span class='ocrx_word' id='word_1_11' title='bbox 393 961 677 1033; x_wconf 89' lang='lat' dir='ltr'>amisit</span> <span class='ocrx_word' id='word_1_12' title='bbox 756 962 1038 1036; x_wconf 89' lang='lat' dir='ltr'>statim</span> <span class='ocrx_word' id='word_1_13' title='bbox 1114 962 1276 1034; x_wconf 87' lang='lat' dir='ltr'>vim</span> <span class='ocrx_word' id='word_1_14' title='bbox 1347 982 1576 1034; x_wconf 90' lang='lat' dir='ltr'>suam</span> <span class='ocrx_word' id='word_1_15' title='bbox 1654 963 1754 1035; x_wconf 88' lang='lat' dir='ltr'>ab</span> 
     </span>
    </p>
   </div>
   <div class='ocr_carea' id='block_1_4' title="bbox 223 1076 1753 1171">
    <p class='ocr_par' dir='ltr' id='par_1_4' title="bbox 223 1076 1753 1171">
     <span class='ocr_line' id='line_1_4' title="bbox 223 1076 1753 1171; baseline 0.001 -23"><span class='ocrx_word' id='word_1_16' title='bbox 223 1076 725 1151; x_wconf 89' lang='lat' dir='ltr'>institutione</span> <span class='ocrx_word' id='word_1_17' title='bbox 774 1077 1198 1171; x_wconf 89' lang='lat' dir='ltr'>Baptismi.</span> <span class='ocrx_word' id='word_1_18' title='bbox 1256 1077 1366 1150; x_wconf 89' lang='lat' dir='ltr'>Ad</span> <span class='ocrx_word' id='word_1_19' title='bbox 1413 1078 1616 1171; x_wconf 89' lang='lat' dir='ltr'>quod</span> <span class='ocrx_word' id='word_1_20' title='bbox 1647 1078 1753 1150; x_wconf 91' lang='lat' dir='ltr'>di-</span> 
     </span>
    </p>
   </div>
   <div class='ocr_carea' id='block_1_5' title="bbox 139 1193 1757 1290">
    <p class='ocr_par' dir='ltr' id='par_1_5' title="bbox 139 1193 1757 1290">
     <span class='ocr_line' id='line_1_5' title="bbox 139 1193 1757 1290; baseline -0.001 -23"><span class='ocrx_word' id='word_1_21' title='bbox 139 1199 201 1290; x_wconf 65' lang='grc' dir='ltr'>ΞΒ·</span> <span class='ocrx_word' id='word_1_22' title='bbox 224 1193 493 1275; x_wconf 88' lang='lat' dir='ltr'>cimus,</span> <span class='ocrx_word' id='word_1_23' title='bbox 531 1194 614 1266; x_wconf 89' lang='lat' dir='ltr'>in</span> <span class='ocrx_word' id='word_1_24' title='bbox 654 1194 958 1269; x_wconf 88' lang='lat' dir='ltr'>Christi</span> <span class='ocrx_word' id='word_1_25' title='bbox 995 1200 1259 1268; x_wconf 86' lang='lat' dir='ltr'>morte</span> <span class='ocrx_word' id='word_1_26' title='bbox 1312 1194 1757 1267; x_wconf 85' lang='lat' dir='ltr'>terminata</span> 
     </span>
    </p>
   </div>
   <div class='ocr_carea' id='block_1_6' title="bbox 138 1388 184 1436">
    <p class='ocr_par' dir='ltr' id='par_1_6' title="bbox 138 1388 184 1436">
     <span class='ocr_line' id='line_1_6' title="bbox 138 1388 184 1436; baseline -0.087 0"><span class='ocrx_word' id='word_1_27' title='bbox 138 1388 184 1436; x_wconf 72' lang='lat'>¹³.</span> 
     </span>
    </p>
   </div>
   <div class='ocr_carea' id='block_1_7' title="bbox 138 4731 181 4781">
    <p class='ocr_par' dir='ltr' id='par_1_7' title="bbox 138 4731 181 4781">
     <span class='ocr_line' id='line_1_7' title="bbox 138 4731 181 4781; baseline 0 -2"><span class='ocrx_word' id='word_1_28' title='bbox 138 4731 181 4781; x_wconf 72' lang='grc' dir='ltr'>Ι.</span> 
     </span>
    </p>
   </div>
   <div class='ocr_carea' id='block_1_8' title="bbox 139 4799 267 4851">
    <p class='ocr_par' dir='ltr' id='par_1_8' title="bbox 139 4799 267 4851">
     <span class='ocr_line' id='line_1_8' title="bbox 139 4799 267 4851; baseline 0.055 -10"><span class='ocrx_word' id='word_1_29' title='bbox 139 4809 204 4845; x_wconf 71' lang='lat' dir='ltr'>mm</span> <span class='ocrx_word' id='word_1_30' title='bbox 223 4799 267 4851; x_wconf 82' lang='lat'>3.</span> 
     </span>
    </p>
   </div>
   <div class='ocr_carea' id='block_1_9' title="bbox 139 1298 1757 1403">
    <p class='ocr_par' dir='ltr' id='par_1_9' title="bbox 139 1298 1757 1403">
     <span class='ocr_line' id='line_1_9' title="bbox 139 1298 1757 1403; baseline 0.003 -28"><span class='ocrx_word' id='word_1_31' title='bbox 139 1298 190 1374; x_wconf 61' lang='lat' dir='ltr'>it</span> <span class='ocrx_word' id='word_1_32' title='bbox 223 1331 381 1381; x_wconf 83' lang='lat' dir='ltr'>esse</span> <span class='ocrx_word' id='word_1_33' title='bbox 414 1310 715 1401; x_wconf 84' lang='lat' dir='ltr'>legalia</span> <span class='ocrx_word' id='word_1_34' title='bbox 748 1312 1042 1383; x_wconf 89' lang='lat' dir='ltr'>omnia.</span> <span class='ocrx_word' id='word_1_35' title='bbox 1091 1314 1208 1381; x_wconf 79' lang='lat' dir='ltr'>Ex</span> <span class='ocrx_word' id='word_1_36' title='bbox 1255 1316 1443 1385; x_wconf 90' lang='lat' dir='ltr'>tunc</span> <span class='ocrx_word' id='word_1_37' title='bbox 1500 1311 1757 1403; x_wconf 84' lang='lat' dir='ltr'>igitur</span> 
     </span>
    </p>
   </div>
   <div class='ocr_carea' id='block_1_10' title="bbox 231 1425 1764 2214">
    <p class='ocr_par' dir='ltr' id='par_1_10' title="bbox 231 1425 1764 2214">
     <span class='ocr_line' id='line_1_10' title="bbox 231 1425 1750 1521; baseline 0.001 -24"><span class='ocrx_word' id='word_1_38' title='bbox 231 1425 745 1499; x_wconf 88' lang='lat' dir='ltr'>Circumcisio</span> <span class='ocrx_word' id='word_1_39' title='bbox 832 1428 1172 1521; x_wconf 77' lang='lat' dir='ltr'>perdidit</span> <span class='ocrx_word' id='word_1_40' title='bbox 1249 1428 1415 1500; x_wconf 79' lang='lat' dir='ltr'>vim</span> <span class='ocrx_word' id='word_1_41' title='bbox 1496 1448 1750 1511; x_wconf 82' lang='lat' dir='ltr'>suam,</span> 
     </span>
     <span class='ocr_line' id='line_1_11' title="bbox 232 1526 1751 1639; baseline 0.004 -27"><span class='ocrx_word' id='word_1_42' title='bbox 232 1543 329 1616; x_wconf 85' lang='lat' dir='ltr'>ita</span> <span class='ocrx_word' id='word_1_43' title='bbox 396 1544 607 1635; x_wconf 89' lang='lat' dir='ltr'>quod</span> <span class='ocrx_word' id='word_1_44' title='bbox 675 1549 958 1637; x_wconf 89' lang='lat' dir='ltr'>postea</span> <span class='ocrx_word' id='word_1_45' title='bbox 1033 1565 1193 1618; x_wconf 90' lang='lat' dir='ltr'>non</span> <span class='ocrx_word' id='word_1_46' title='bbox 1264 1526 1751 1639; x_wconf 52' lang='lat' dir='ltr'>profecerim</span> 
     </span>
     <span class='ocr_line' id='line_1_12' title="bbox 231 1660 1753 1751; baseline 0.001 -20"><span class='ocrx_word' id='word_1_47' title='bbox 231 1660 482 1751; x_wconf 89' lang='lat' dir='ltr'>potius</span> <span class='ocrx_word' id='word_1_48' title='bbox 538 1661 792 1735; x_wconf 82' lang='lat' dir='ltr'>obfuit</span> <span class='ocrx_word' id='word_1_49' title='bbox 845 1662 1507 1734; x_wconf 76' lang='lat' dir='ltr'><strong>observatoribus</strong></span> <span class='ocrx_word' id='word_1_50' title='bbox 1560 1661 1753 1743; x_wconf 87' lang='lat' dir='ltr'>suis,</span> 
     </span>
     <span class='ocr_line' id='line_1_13' title="bbox 232 1775 1761 1870; baseline 0.002 -26"><span class='ocrx_word' id='word_1_51' title='bbox 232 1775 347 1846; x_wconf 89' lang='lat' dir='ltr'>sed</span> <span class='ocrx_word' id='word_1_52' title='bbox 433 1797 696 1870; x_wconf 88' lang='lat' dir='ltr'>usque</span> <span class='ocrx_word' id='word_1_53' title='bbox 790 1778 884 1849; x_wconf 87' lang='lat' dir='ltr'>ad</span> <span class='ocrx_word' id='word_1_54' title='bbox 973 1776 1461 1849; x_wconf 87' lang='lat' dir='ltr'>oblationem</span> <span class='ocrx_word' id='word_1_55' title='bbox 1548 1797 1761 1848; x_wconf 82' lang='lat' dir='ltr'>verae</span> 
     </span>
     <span class='ocr_line' id='line_1_14' title="bbox 234 1891 1761 1987; baseline 0.005 -29"><span class='ocrx_word' id='word_1_56' title='bbox 234 1891 503 1966; x_wconf 75' lang='lat' dir='ltr'>hostiae</span> <span class='ocrx_word' id='word_1_57' title='bbox 573 1896 832 1987; x_wconf 88' lang='lat' dir='ltr'>potuit</span> <span class='ocrx_word' id='word_1_58' title='bbox 907 1896 1309 1987; x_wconf 73' lang='lat' dir='ltr'>prodesse.</span> <span class='ocrx_word' id='word_1_59' title='bbox 1397 1896 1477 1967; x_wconf 80' lang='lat' dir='ltr'>Si</span> <span class='ocrx_word' id='word_1_60' title='bbox 1547 1894 1761 1966; x_wconf 89' lang='lat' dir='ltr'>enim</span> 
     </span>
     <span class='ocr_line' id='line_1_15' title="bbox 236 2012 1762 2104; baseline 0.003 -24"><span class='ocrx_word' id='word_1_61' title='bbox 236 2013 405 2082; x_wconf 87' lang='lat' dir='ltr'>ante</span> <span class='ocrx_word' id='word_1_62' title='bbox 466 2012 930 2104; x_wconf 79' lang='lat' dir='ltr'>passionem</span> <span class='ocrx_word' id='word_1_63' title='bbox 976 2014 1270 2104; x_wconf 82' lang='lat' dir='ltr'>legalia</span> <span class='ocrx_word' id='word_1_64' title='bbox 1329 2014 1569 2085; x_wconf 87' lang='lat' dir='ltr'>finem</span> <span class='ocrx_word' id='word_1_65' title='bbox 1631 2014 1762 2085; x_wconf 92' lang='lat' dir='ltr'>ha-</span> 
     </span>
     <span class='ocr_line' id='line_1_16' title="bbox 236 2128 1764 2214; baseline 0.007 -19"><span class='ocrx_word' id='word_1_66' title='bbox 236 2128 608 2211; x_wconf 87' lang='lat' dir='ltr'>buissent,</span> <span class='ocrx_word' id='word_1_67' title='bbox 645 2151 828 2212; x_wconf 90' lang='lat' dir='ltr'>non,</span> <span class='ocrx_word' id='word_1_68' title='bbox 864 2152 960 2202; x_wconf 90' lang='lat' dir='ltr'>ea</span> <span class='ocrx_word' id='word_1_69' title='bbox 1003 2131 1497 2214; x_wconf 75' lang='lat' dir='ltr'>imminente,</span> <span class='ocrx_word' id='word_1_70' title='bbox 1533 2135 1764 2205; x_wconf 88' lang='lat' dir='ltr'>vetus</span> 
     </span>
    </p>
   </div>
   <div class='ocr_carea' id='block_1_11' title="bbox 240 2244 1766 2432">
    <p class='ocr_par' dir='ltr' id='par_1_11' title="bbox 240 2244 1766 2432">
     <span class='ocr_line' id='line_1_17' title="bbox 240 2244 1766 2339; baseline 0.003 -25"><span class='ocrx_word' id='word_1_71' title='bbox 240 2244 526 2334; x_wconf 87' lang='lat' dir='ltr'>pascha</span> <span class='ocrx_word' id='word_1_72' title='bbox 584 2267 767 2320; x_wconf 91' lang='lat' dir='ltr'>cum</span> <span class='ocrx_word' id='word_1_73' title='bbox 815 2247 1234 2339; x_wconf 77' lang='lat' dir='ltr'>discipulis</span> <span class='ocrx_word' id='word_1_74' title='bbox 1301 2250 1766 2321; x_wconf 81' lang='lat' dir='ltr'>manducas-</span> 
     </span>
     <span class='ocr_line' id='line_1_18' title="bbox 240 2365 372 2432; baseline -0.008 -2"><span class='ocrx_word' id='word_1_75' title='bbox 240 2365 372 2432; x_wconf 89' lang='lat' dir='ltr'>set.</span> 
     </span>
    </p>
   </div>
   <div class='ocr_carea' id='block_1_12' title="bbox 3267 377 3384 438">
    <p class='ocr_par' dir='ltr' id='par_1_12' title="bbox 3267 377 3384 438">
     <span class='ocr_line' id='line_1_19' title="bbox 3267 377 3384 438; baseline -0.026 0"><span class='ocrx_word' id='word_1_76' title='bbox 3267 377 3384 438; x_wconf 79' lang='lat'>273</span> 
     </span>
    </p>
   </div>
   <div class='ocr_carea' id='block_1_13' title="bbox 223 542 3390 762">
    <p class='ocr_par' dir='ltr' id='par_1_13' title="bbox 223 542 3390 762">
     <span class='ocr_line' id='line_1_20' title="bbox 223 542 3390 709; baseline -0.021 1"><span class='ocrx_word' id='word_1_77' title='bbox 223 634 488 709; x_wconf 74' lang='lat' dir='ltr'>Quando</span> <span class='ocrx_word' id='word_1_78' title='bbox 531 640 965 706; x_wconf 80' lang='lat' dir='ltr'>Circumcisio</span> <span class='ocrx_word' id='word_1_79' title='bbox 1022 642 1250 707; x_wconf 75' lang='lat' dir='ltr'>amisit</span> <span class='ocrx_word' id='word_1_80' title='bbox 1307 643 1443 706; x_wconf 83' lang='lat' dir='ltr'>vim</span> <span class='ocrx_word' id='word_1_81' title='bbox 1497 638 1746 706; x_wconf 80' lang='lat' dir='ltr'>suam?</span> <span class='ocrx_word' id='word_1_82' title='bbox 1842 557 2044 685; x_wconf 29' lang='lat' dir='ltr'>§em—&#39;s</span> <span class='ocrx_word' id='word_1_83' title='bbox 2085 554 2259 682; x_wconf 61' lang='lat' dir='ltr'><strong>Res.</strong></span> <span class='ocrx_word' id='word_1_84' title='bbox 2289 555 2543 642; x_wconf 77' lang='lat' dir='ltr'>Igitur</span> <span class='ocrx_word' id='word_1_85' title='bbox 2584 547 2824 640; x_wconf 70' lang='lat' dir='ltr'>huJuS</span> <span class='ocrx_word' id='word_1_86' title='bbox 2878 542 3390 618; x_wconf 48' lang='lat' dir='ltr'>sacramentl</span> 
     </span>
     <span class='ocr_line' id='line_1_21' title="bbox 1837 670 2502 762; baseline -0.012 -19"><span class='ocrx_word' id='word_1_87' title='bbox 1837 670 2321 762; x_wconf 65' lang='lat' dir='ltr'>justificatio</span> <span class='ocrx_word' id='word_1_88' title='bbox 2355 672 2502 741; x_wconf 90' lang='lat' dir='ltr'>est.</span> 
     </span>
    </p>
   </div>
   <div class='ocr_carea' id='block_1_14' title="bbox 2170 808 3059 903">
    <p class='ocr_par' dir='ltr' id='par_1_14' title="bbox 2170 808 3059 903">
     <span class='ocr_line' id='line_1_22' title="bbox 2170 808 3059 903; baseline -0.007 -22"><span class='ocrx_word' id='word_1_89' title='bbox 2170 817 2388 903; x_wconf 79' lang='lat' dir='ltr'>(Finis</span> <span class='ocrx_word' id='word_1_90' title='bbox 2421 825 2636 880; x_wconf 69' lang='lat' dir='ltr'>temtus</span> <span class='ocrx_word' id='word_1_91' title='bbox 2678 811 2988 897; x_wconf 71' lang='lat' dir='ltr'>Mayiscri</span> <span class='ocrx_word' id='word_1_92' title='bbox 3005 808 3059 895; x_wconf 90' lang='lat'>)</span> 
     </span>
    </p>
   </div>
   <div class='ocr_carea' id='block_1_15' title="bbox 1940 1116 3391 1221">
    <p class='ocr_par' dir='ltr' id='par_1_15' title="bbox 1940 1116 3391 1221">
     <span class='ocr_line' id='line_1_23' title="bbox 1940 1116 3391 1221; baseline -0.01 -21"><span class='ocrx_word' id='word_1_93' title='bbox 1940 1134 2203 1221; x_wconf 79' lang='lat' dir='ltr'>Supra</span> <span class='ocrx_word' id='word_1_94' title='bbox 2251 1124 2645 1214; x_wconf 83' lang='lat' dir='ltr'>Magister</span> <span class='ocrx_word' id='word_1_95' title='bbox 2691 1123 2811 1211; x_wconf 86' lang='lat' dir='ltr'>(a)</span> <span class='ocrx_word' id='word_1_96' title='bbox 2843 1119 3011 1210; x_wconf 81' lang='lat' dir='ltr'>egit</span> <span class='ocrx_word' id='word_1_97' title='bbox 3061 1116 3152 1188; x_wconf 91' lang='lat' dir='ltr'>de</span> <span class='ocrx_word' id='word_1_98' title='bbox 3204 1134 3391 1207; x_wconf 88' lang='lat' dir='ltr'>quo·</span> 
     </span>
    </p>
   </div>
   <div class='ocr_carea' id='block_1_16' title="bbox 1850 1236 3404 2026">
    <p class='ocr_par' dir='ltr' id='par_1_16' title="bbox 1850 1236 3404 2026">
     <span class='ocr_line' id='line_1_24' title="bbox 1850 1236 3395 1336; baseline -0.009 -19"><span class='ocrx_word' id='word_1_99' title='bbox 1850 1247 2032 1319; x_wconf 86' lang='lat' dir='ltr'>dam</span> <span class='ocrx_word' id='word_1_100' title='bbox 2130 1239 2625 1336; x_wconf 75' lang='lat' dir='ltr'>praeambulo</span> <span class='ocrx_word' id='word_1_101' title='bbox 2715 1238 2810 1310; x_wconf 88' lang='lat' dir='ltr'>ad</span> <span class='ocrx_word' id='word_1_102' title='bbox 2885 1236 3395 1328; x_wconf 82' lang='lat' dir='ltr'>Baptismum</span> 
     </span>
     <span class='ocr_line' id='line_1_25' title="bbox 1854 1351 3397 1447; baseline -0.014 -8"><span class='ocrx_word' id='word_1_103' title='bbox 1854 1363 2186 1443; x_wconf 88' lang='lat' dir='ltr'>Christi;</span> <span class='ocrx_word' id='word_1_104' title='bbox 2273 1360 2404 1431; x_wconf 86' lang='lat' dir='ltr'>hic</span> <span class='ocrx_word' id='word_1_105' title='bbox 2490 1356 2659 1447; x_wconf 82' lang='lat' dir='ltr'>agit</span> <span class='ocrx_word' id='word_1_106' title='bbox 2745 1355 2837 1426; x_wconf 86' lang='lat' dir='ltr'>de</span> <span class='ocrx_word' id='word_1_107' title='bbox 2921 1351 3397 1425; x_wconf 80' lang='lat' dir='ltr'>Scramento</span> 
     </span>
     <span class='ocr_line' id='line_1_26' title="bbox 1852 1467 3395 1575; baseline -0.013 -20"><span class='ocrx_word' id='word_1_108' title='bbox 1852 1480 2285 1575; x_wconf 86' lang='lat' dir='ltr'>Baptismi.</span> <span class='ocrx_word' id='word_1_109' title='bbox 2352 1479 2451 1549; x_wconf 83' lang='lat' dir='ltr'>Et</span> <span class='ocrx_word' id='word_1_110' title='bbox 2509 1472 2894 1546; x_wconf 89' lang='lat' dir='ltr'>dividitur</span> <span class='ocrx_word' id='word_1_111' title='bbox 2929 1471 3008 1541; x_wconf 91' lang='lat' dir='ltr'>in</span> <span class='ocrx_word' id='word_1_112' title='bbox 3055 1470 3277 1548; x_wconf 89' lang='lat' dir='ltr'>duas,</span> <span class='ocrx_word' id='word_1_113' title='bbox 3318 1467 3395 1537; x_wconf 91' lang='lat' dir='ltr'>in</span> 
     </span>
     <span class='ocr_line' id='line_1_27' title="bbox 1857 1581 3393 1691; baseline -0.012 -21"><span class='ocrx_word' id='word_1_114' title='bbox 1857 1593 2336 1691; x_wconf 80' lang='lat' dir='ltr'>prooemium</span> <span class='ocrx_word' id='word_1_115' title='bbox 2394 1596 2474 1662; x_wconf 89' lang='lat' dir='ltr'>et</span> <span class='ocrx_word' id='word_1_116' title='bbox 2541 1590 3021 1668; x_wconf 87' lang='lat' dir='ltr'>tractatum,</span> <span class='ocrx_word' id='word_1_117' title='bbox 3079 1584 3212 1675; x_wconf 90' lang='lat' dir='ltr'>qui</span> <span class='ocrx_word' id='word_1_118' title='bbox 3284 1581 3393 1653; x_wconf 89' lang='lat' dir='ltr'>in-</span> 
     </span>
     <span class='ocr_line' id='line_1_28' title="bbox 1855 1693 3400 1801; baseline -0.012 -17"><span class='ocrx_word' id='word_1_119' title='bbox 1855 1709 2053 1801; x_wconf 79' lang='lat' dir='ltr'>cipit</span> <span class='ocrx_word' id='word_1_120' title='bbox 2133 1706 2239 1779; x_wconf 86' lang='lat' dir='ltr'>ibi</span> <span class='ocrx_word' id='word_1_121' title='bbox 2287 1732 2300 1774; x_wconf 89' lang='lat'><strong>:</strong></span> <span class='ocrx_word' id='word_1_122' title='bbox 2342 1707 2722 1792; x_wconf 75' lang='lat' dir='ltr'>Baptismus</span> <span class='ocrx_word' id='word_1_123' title='bbox 2778 1702 3051 1767; x_wconf 77' lang='lat' dir='ltr'>dicitur.</span> <span class='ocrx_word' id='word_1_124' title='bbox 3125 1693 3400 1766; x_wconf 76' lang='lat' dir='ltr'>Prima</span> 
     </span>
     <span class='ocr_line' id='line_1_29' title="bbox 1852 1811 3398 1911; baseline -0.012 -12"><span class='ocrx_word' id='word_1_125' title='bbox 1852 1825 2241 1899; x_wconf 84' lang='lat' dir='ltr'>dividitur</span> <span class='ocrx_word' id='word_1_126' title='bbox 2332 1821 2410 1893; x_wconf 93' lang='lat' dir='ltr'>in</span> <span class='ocrx_word' id='word_1_127' title='bbox 2489 1819 2810 1911; x_wconf 82' lang='lat' dir='ltr'>partem</span> <span class='ocrx_word' id='word_1_128' title='bbox 2864 1811 3398 1906; x_wconf 78' lang='lat' dir='ltr'>principalem</span> 
     </span>
     <span class='ocr_line' id='line_1_30' title="bbox 1856 1927 3404 2026; baseline -0.011 -12"><span class='ocrx_word' id='word_1_129' title='bbox 1856 1949 1936 2018; x_wconf 90' lang='lat' dir='ltr'>et</span> <span class='ocrx_word' id='word_1_130' title='bbox 1997 1937 2587 2016; x_wconf 87' lang='lat' dir='ltr'>incidentalem‚</span> <span class='ocrx_word' id='word_1_131' title='bbox 2660 1955 2833 2026; x_wconf 75' lang='lat' dir='ltr'>quae</span> <span class='ocrx_word' id='word_1_132' title='bbox 2900 1927 3404 2003; x_wconf 87' lang='lat' dir='ltr'>incidentalis</span> 
     </span>
    </p>
   </div>
   <div class='ocr_carea' id='block_1_17' title="bbox 1865 2043 3409 2150">
    <p class='ocr_par' dir='ltr' id='par_1_17' title="bbox 1865 2043 3409 2150">
     <span class='ocr_line' id='line_1_31' title="bbox 1865 2043 3409 2150; baseline -0.011 -19"><span class='ocrx_word' id='word_1_133' title='bbox 1865 2059 2147 2150; x_wconf 82' lang='lat' dir='ltr'>incipit</span> <span class='ocrx_word' id='word_1_134' title='bbox 2204 2059 2419 2145; x_wconf 78' lang='lat' dir='ltr'>capite</span> <span class='ocrx_word' id='word_1_135' title='bbox 2459 2057 2522 2126; x_wconf 65' lang='grc'>4.</span> <span class='ocrx_word' id='word_1_136' title='bbox 2587 2048 3073 2141; x_wconf 77' lang='lat' dir='ltr'>Principalis</span> <span class='ocrx_word' id='word_1_137' title='bbox 3134 2043 3409 2118; x_wconf 85' lang='lat' dir='ltr'>dividi-</span> 
     </span>
    </p>
   </div>
   <div class='ocr_carea' id='block_1_18' title="bbox 1861 2164 3401 2265">
    <p class='ocr_par' dir='ltr' id='par_1_18' title="bbox 1861 2164 3401 2265">
     <span class='ocr_line' id='line_1_32' title="bbox 1861 2164 3401 2265; baseline -0.011 -15"><span class='ocrx_word' id='word_1_138' title='bbox 1861 2182 1999 2250; x_wconf 85' lang='lat' dir='ltr'>tur</span> <span class='ocrx_word' id='word_1_139' title='bbox 2045 2176 2124 2248; x_wconf 90' lang='lat' dir='ltr'>in</span> <span class='ocrx_word' id='word_1_140' title='bbox 2182 2180 2350 2248; x_wconf 89' lang='lat' dir='ltr'>tres</span> <span class='ocrx_word' id='word_1_141' title='bbox 2390 2174 2706 2265; x_wconf 87' lang='lat' dir='ltr'>partes:</span> <span class='ocrx_word' id='word_1_142' title='bbox 2757 2168 3033 2240; x_wconf 88' lang='lat' dir='ltr'>Primo</span> <span class='ocrx_word' id='word_1_143' title='bbox 3087 2164 3257 2254; x_wconf 82' lang='lat' dir='ltr'>agit</span> <span class='ocrx_word' id='word_1_144' title='bbox 3311 2164 3401 2234; x_wconf 90' lang='lat' dir='ltr'>de</span> 
     </span>
    </p>
   </div>
   <div class='ocr_carea' id='block_1_19' title="bbox 1866 2279 3399 2389">
    <p class='ocr_par' dir='ltr' id='par_1_19' title="bbox 1866 2279 3399 2389">
     <span class='ocr_line' id='line_1_33' title="bbox 1866 2279 3399 2389; baseline -0.014 -20"><span class='ocrx_word' id='word_1_145' title='bbox 1866 2295 2233 2389; x_wconf 82' lang='lat' dir='ltr'>partibus</span> <span class='ocrx_word' id='word_1_146' title='bbox 2304 2287 2745 2363; x_wconf 79' lang='lat' dir='ltr'>intrinsece</span> <span class='ocrx_word' id='word_1_147' title='bbox 2807 2279 3399 2377; x_wconf 86' lang='lat' dir='ltr'>pertinentibus</span> 
     </span>
    </p>
   </div>
   <div class='ocr_carea' id='block_1_20' title="bbox 1865 2394 3407 2503">
    <p class='ocr_par' dir='ltr' id='par_1_20' title="bbox 1865 2394 3407 2503">
     <span class='ocr_line' id='line_1_34' title="bbox 1865 2394 3407 2503; baseline -0.012 -17"><span class='ocrx_word' id='word_1_148' title='bbox 1865 2414 1960 2486; x_wconf 89' lang='lat' dir='ltr'>ad</span> <span class='ocrx_word' id='word_1_149' title='bbox 2000 2408 2541 2503; x_wconf 88' lang='lat' dir='ltr'>Baptismum.</span> <span class='ocrx_word' id='word_1_150' title='bbox 2610 2401 2966 2478; x_wconf 85' lang='lat' dir='ltr'>Secundo</span> <span class='ocrx_word' id='word_1_151' title='bbox 3016 2400 3108 2472; x_wconf 92' lang='lat' dir='ltr'>de</span> <span class='ocrx_word' id='word_1_152' title='bbox 3160 2394 3407 2470; x_wconf 91' lang='lat' dir='ltr'>susci-</span> 
     </span>
    </p>
   </div>
   <div class='ocr_carea' id='block_1_21' title="bbox 1775 2513 3408 2622">
    <p class='ocr_par' dir='ltr' id='par_1_21' title="bbox 1775 2513 3408 2622">
     <span class='ocr_line' id='line_1_35' title="bbox 1775 2513 3408 2622; baseline -0.012 -20"><span class='ocrx_word' id='word_1_153' title='bbox 1775 2568 1780 2571; x_wconf 84' lang='lat'>-</span> <span class='ocrx_word' id='word_1_154' title='bbox 1867 2530 2133 2622; x_wconf 89' lang='lat' dir='ltr'>piente</span> <span class='ocrx_word' id='word_1_155' title='bbox 2200 2525 2713 2617; x_wconf 88' lang='lat' dir='ltr'>Baptismum</span> <span class='ocrx_word' id='word_1_156' title='bbox 2781 2521 2847 2590; x_wconf 73' lang='lat'>4.</span> <span class='ocrx_word' id='word_1_157' title='bbox 2920 2520 3076 2586; x_wconf 81' lang='lat' dir='ltr'>dist.</span> <span class='ocrx_word' id='word_1_158' title='bbox 3131 2513 3408 2587; x_wconf 87' lang='lat' dir='ltr'>Tertio</span> 
     </span>
    </p>
   </div>
   <div class='ocr_carea' id='block_1_22' title="bbox 389 2621 1604 2709">
    <p class='ocr_par' dir='ltr' id='par_1_22' title="bbox 389 2621 1604 2709">
     <span class='ocr_line' id='line_1_36' title="bbox 389 2621 1604 2709; baseline 0.002 -25"><span class='ocrx_word' id='word_1_159' title='bbox 389 2621 484 2684; x_wconf 82' lang='lat' dir='ltr'>De</span> <span class='ocrx_word' id='word_1_160' title='bbox 533 2643 730 2686; x_wconf 78' lang='lat' dir='ltr'>causa</span> <span class='ocrx_word' id='word_1_161' title='bbox 769 2623 1212 2687; x_wconf 74' lang='lat' dir='ltr'>institutionis</span> <span class='ocrx_word' id='word_1_162' title='bbox 1252 2624 1604 2709; x_wconf 79' lang='lat' dir='ltr'>Baptismi.</span> 
     </span>
    </p>
   </div>
   <div class='ocr_carea' id='block_1_23' title="bbox 253 2870 1787 4232">
    <p class='ocr_par' dir='ltr' id='par_1_23' title="bbox 253 2870 1787 4232">
     <span class='ocr_line' id='line_1_37' title="bbox 329 2870 1772 2962; baseline -0.002 -18"><span class='ocrx_word' id='word_1_163' title='bbox 329 2872 589 2944; x_wconf 81' lang='lat' dir='ltr'>Causa</span> <span class='ocrx_word' id='word_1_164' title='bbox 639 2891 838 2943; x_wconf 87' lang='lat' dir='ltr'>vero</span> <span class='ocrx_word' id='word_1_165' title='bbox 901 2871 1443 2943; x_wconf 86' lang='lat' dir='ltr'>institutionis</span> <span class='ocrx_word' id='word_1_166' title='bbox 1501 2870 1772 2962; x_wconf 85' lang='lat' dir='ltr'>Bapti-</span> 
     </span>
     <span class='ocr_line' id='line_1_38' title="bbox 253 2985 1769 3070; baseline 0.003 -15"><span class='ocrx_word' id='word_1_167' title='bbox 253 2985 389 3056; x_wconf 87' lang='lat' dir='ltr'>smi</span> <span class='ocrx_word' id='word_1_168' title='bbox 421 2991 546 3059; x_wconf 89' lang='lat' dir='ltr'>est</span> <span class='ocrx_word' id='word_1_169' title='bbox 577 2986 991 3060; x_wconf 79' lang='lat' dir='ltr'>innovatio</span> <span class='ocrx_word' id='word_1_170' title='bbox 1030 2988 1344 3068; x_wconf 89' lang='lat' dir='ltr'>mentis,</span> <span class='ocrx_word' id='word_1_171' title='bbox 1382 2991 1469 3062; x_wconf 88' lang='lat' dir='ltr'>ut</span> <span class='ocrx_word' id='word_1_172' title='bbox 1500 2986 1769 3070; x_wconf 91' lang='lat' dir='ltr'>hom0,</span> 
     </span>
     <span class='ocr_line' id='line_1_39' title="bbox 254 3101 1778 3199; baseline 0.005 -28"><span class='ocrx_word' id='word_1_173' title='bbox 254 3101 372 3191; x_wconf 90' lang='lat' dir='ltr'>qui</span> <span class='ocrx_word' id='word_1_174' title='bbox 402 3122 548 3195; x_wconf 89' lang='lat' dir='ltr'>per</span> <span class='ocrx_word' id='word_1_175' title='bbox 589 3108 1007 3196; x_wconf 87' lang='lat' dir='ltr'>peccatum</span> <span class='ocrx_word' id='word_1_176' title='bbox 1048 3118 1225 3173; x_wconf 75' lang='lat' dir='ltr'>vetus</span> <span class='ocrx_word' id='word_1_177' title='bbox 1278 3104 1571 3187; x_wconf 84' lang='lat' dir='ltr'>fuerat,</span> <span class='ocrx_word' id='word_1_178' title='bbox 1635 3126 1778 3199; x_wconf 88' lang='lat' dir='ltr'>per·</span> 
     </span>
     <span class='ocr_line' id='line_1_40' title="bbox 257 3218 1775 3314; baseline 0.003 -26"><span class='ocrx_word' id='word_1_179' title='bbox 257 3218 591 3307; x_wconf 71' lang='lat' dir='ltr'>gratiam</span> <span class='ocrx_word' id='word_1_180' title='bbox 660 3220 1060 3314; x_wconf 75' lang='lat' dir='ltr'>Baptismi</span> <span class='ocrx_word' id='word_1_181' title='bbox 1125 3237 1502 3302; x_wconf 77' lang='lat' dir='ltr'>renovetur,</span> <span class='ocrx_word' id='word_1_182' title='bbox 1571 3222 1775 3313; x_wconf 83' lang='lat' dir='ltr'>quod</span> 
     </span>
     <span class='ocr_line' id='line_1_41' title="bbox 257 3335 1780 3430; baseline 0.003 -26"><span class='ocrx_word' id='word_1_183' title='bbox 257 3335 336 3408; x_wconf 85' lang='lat' dir='ltr'>fit</span> <span class='ocrx_word' id='word_1_184' title='bbox 379 3337 877 3430; x_wconf 89' lang='lat' dir='ltr'>depositione</span> <span class='ocrx_word' id='word_1_185' title='bbox 934 3338 1328 3413; x_wconf 87' lang='lat' dir='ltr'>vitiorum</span> <span class='ocrx_word' id='word_1_186' title='bbox 1390 3344 1469 3413; x_wconf 94' lang='lat' dir='ltr'>et</span> <span class='ocrx_word' id='word_1_187' title='bbox 1538 3339 1780 3412; x_wconf 87' lang='lat' dir='ltr'>colla-</span> 
     </span>
     <span class='ocr_line' id='line_1_42' title="bbox 261 3453 1780 3548; baseline 0.005 -26"><span class='ocrx_word' id='word_1_188' title='bbox 261 3453 461 3528; x_wconf 84' lang='lat' dir='ltr'>tione</span> <span class='ocrx_word' id='word_1_189' title='bbox 522 3457 947 3531; x_wconf 75' lang='lat' dir='ltr'>vit-tutum.</span> <span class='ocrx_word' id='word_1_190' title='bbox 1001 3456 1127 3530; x_wconf 84' lang='lat' dir='ltr'>Sic</span> <span class='ocrx_word' id='word_1_191' title='bbox 1181 3457 1394 3535; x_wconf 87' lang='lat' dir='ltr'>enim</span> <span class='ocrx_word' id='word_1_192' title='bbox 1438 3457 1526 3530; x_wconf 87' lang='lat' dir='ltr'>fit</span> <span class='ocrx_word' id='word_1_193' title='bbox 1571 3459 1780 3548; x_wconf 88' lang='lat' dir='ltr'>quis-</span> 
     </span>
     <span class='ocr_line' id='line_1_43' title="bbox 266 3574 1781 3666; baseline 0.002 -25"><span class='ocrx_word' id='word_1_194' title='bbox 266 3590 396 3661; x_wconf 88' lang='lat' dir='ltr'>que</span> <span class='ocrx_word' id='word_1_195' title='bbox 427 3597 629 3642; x_wconf 80' lang='lat' dir='ltr'>novus</span> <span class='ocrx_word' id='word_1_196' title='bbox 658 3579 870 3653; x_wconf 79' lang='lat' dir='ltr'>homo,</span> <span class='ocrx_word' id='word_1_197' title='bbox 926 3594 1108 3647; x_wconf 92' lang='lat' dir='ltr'>cum</span> <span class='ocrx_word' id='word_1_198' title='bbox 1141 3574 1468 3648; x_wconf 88' lang='lat' dir='ltr'>abolitis</span> <span class='ocrx_word' id='word_1_199' title='bbox 1513 3594 1781 3666; x_wconf 87' lang='lat' dir='ltr'>pecca-</span> 
     </span>
     <span class='ocr_line' id='line_1_44' title="bbox 268 3684 1781 3769; baseline 0.003 -12"><span class='ocrx_word' id='word_1_200' title='bbox 268 3684 382 3769; x_wconf 84' lang='lat' dir='ltr'>tis,</span> <span class='ocrx_word' id='word_1_201' title='bbox 456 3694 799 3763; x_wconf 84' lang='lat' dir='ltr'>ornatur</span> <span class='ocrx_word' id='word_1_202' title='bbox 868 3690 1333 3765; x_wconf 88' lang='lat' dir='ltr'>virtutibus.</span> <span class='ocrx_word' id='word_1_203' title='bbox 1425 3690 1781 3765; x_wconf 86' lang='lat' dir='ltr'>Abolitio</span> 
     </span>
     <span class='ocr_line' id='line_1_45' title="bbox 272 3806 1787 3899; baseline 0.001 -23"><span class='ocrx_word' id='word_1_204' title='bbox 272 3809 770 3893; x_wconf 85' lang='lat' dir='ltr'>peccatorum</span> <span class='ocrx_word' id='word_1_205' title='bbox 828 3807 1058 3899; x_wconf 89' lang='lat' dir='ltr'>pellit</span> <span class='ocrx_word' id='word_1_206' title='bbox 1125 3806 1588 3889; x_wconf 85' lang='lat' dir='ltr'>foeditatem,</span> <span class='ocrx_word' id='word_1_207' title='bbox 1656 3828 1787 3899; x_wconf 82' lang='lat' dir='ltr'>ap-</span> 
     </span>
     <span class='ocr_line' id='line_1_46' title="bbox 272 3921 1782 4011; baseline 0.002 -18"><span class='ocrx_word' id='word_1_208' title='bbox 272 3921 551 4011; x_wconf 88' lang='lat' dir='ltr'>positio</span> <span class='ocrx_word' id='word_1_209' title='bbox 624 3924 1023 4000; x_wconf 85' lang='lat' dir='ltr'>virtutum</span> <span class='ocrx_word' id='word_1_210' title='bbox 1092 3927 1328 4000; x_wconf 86' lang='lat' dir='ltr'>affert</span> <span class='ocrx_word' id='word_1_211' title='bbox 1385 3927 1782 4006; x_wconf 83' lang='lat' dir='ltr'>decorem,</span> 
     </span>
     <span class='ocr_line' id='line_1_47' title="bbox 275 4038 1783 4134; baseline 0.003 -28"><span class='ocrx_word' id='word_1_212' title='bbox 275 4040 336 4107; x_wconf 86' lang='lat' dir='ltr'>et</span> <span class='ocrx_word' id='word_1_213' title='bbox 389 4038 552 4113; x_wconf 76' lang='lat' dir='ltr'>haec</span> <span class='ocrx_word' id='word_1_214' title='bbox 610 4045 733 4116; x_wconf 86' lang='lat' dir='ltr'>est</span> <span class='ocrx_word' id='word_1_215' title='bbox 789 4067 893 4110; x_wconf 80' lang='lat' dir='ltr'>res</span> <span class='ocrx_word' id='word_1_216' title='bbox 946 4042 1184 4134; x_wconf 75' lang='lat' dir='ltr'>huJus</span> <span class='ocrx_word' id='word_1_217' title='bbox 1250 4040 1783 4124; x_wconf 83' lang='lat' dir='ltr'>Sacramenti,</span> 
     </span>
     <span class='ocr_line' id='line_1_48' title="bbox 287 4154 1407 4232; baseline 0.007 -11"><span class='ocrx_word' id='word_1_218' title='bbox 287 4154 565 4231; x_wconf 78' lang='lat' dir='ltr'>scilicet</span> <span class='ocrx_word' id='word_1_219' title='bbox 605 4158 955 4232; x_wconf 85' lang='lat' dir='ltr'>interior</span> <span class='ocrx_word' id='word_1_220' title='bbox 996 4159 1407 4232; x_wconf 89' lang='lat' dir='ltr'>munditia.</span> 
     </span>
    </p>
   </div>
   <div class='ocr_carea' id='block_1_24' title="bbox 293 4401 1790 4618">
    <p class='ocr_par' dir='ltr' id='par_1_24' title="bbox 293 4401 1790 4618">
     <span class='ocr_line' id='line_1_49' title="bbox 293 4401 1790 4491; baseline 0 -23"><span class='ocrx_word' id='word_1_221' title='bbox 293 4401 600 4475; x_wconf 73' lang='lat' dir='ltr'>Quoeritar</span> <span class='ocrx_word' id='word_1_222' title='bbox 645 4427 736 4471; x_wconf 83' lang='grc' dir='ltr'>αη</span> <span class='ocrx_word' id='word_1_223' title='bbox 783 4407 1163 4491; x_wconf 73' lang='lat' dir='ltr'>Baptismus</span> <span class='ocrx_word' id='word_1_224' title='bbox 1211 4406 1474 4490; x_wconf 73' lang='lat' dir='ltr'>aperuit</span> <span class='ocrx_word' id='word_1_225' title='bbox 1533 4405 1790 4484; x_wconf 80' lang='lat' dir='ltr'>coelum,</span> 
     </span>
     <span class='ocr_line' id='line_1_50' title="bbox 441 4518 1601 4618; baseline -0.001 -33"><span class='ocrx_word' id='word_1_226' title='bbox 441 4521 608 4608; x_wconf 79' lang='lat' dir='ltr'>quod</span> <span class='ocrx_word' id='word_1_227' title='bbox 643 4523 1077 4618; x_wconf 33' lang='lat' dir='ltr'>non-aperuit</span> <span class='ocrx_word' id='word_1_228' title='bbox 1112 4518 1601 4586; x_wconf 69' lang='lat' dir='ltr'>Circumcisio?</span> 
     </span>
    </p>
   </div>
   <div class='ocr_carea' id='block_1_25' title="bbox 296 4748 1808 5531">
    <p class='ocr_par' dir='ltr' id='par_1_25' title="bbox 296 4748 1808 5531">
     <span class='ocr_line' id='line_1_51' title="bbox 369 4748 1798 4843; baseline -0.001 -23"><span class='ocrx_word' id='word_1_229' title='bbox 369 4750 440 4821; x_wconf 78' lang='lat' dir='ltr'>si</span> <span class='ocrx_word' id='word_1_230' title='bbox 500 4751 912 4843; x_wconf 78' lang='lat' dir='ltr'>quaeritur,</span> <span class='ocrx_word' id='word_1_231' title='bbox 985 4756 1259 4825; x_wconf 89' lang='lat' dir='ltr'>utrum</span> <span class='ocrx_word' id='word_1_232' title='bbox 1328 4748 1798 4842; x_wconf 87' lang='lat' dir='ltr'>Baptismus</span> 
     </span>
     <span class='ocr_line' id='line_1_52' title="bbox 297 4865 1802 4959; baseline 0.004 -27"><span class='ocrx_word' id='word_1_233' title='bbox 297 4868 587 4955; x_wconf 85' lang='lat' dir='ltr'>aperuit</span> <span class='ocrx_word' id='word_1_234' title='bbox 647 4868 956 4950; x_wconf 88' lang='lat' dir='ltr'>coelum,</span> <span class='ocrx_word' id='word_1_235' title='bbox 1003 4869 1207 4959; x_wconf 89' lang='lat' dir='ltr'>quod</span> <span class='ocrx_word' id='word_1_236' title='bbox 1267 4887 1427 4938; x_wconf 89' lang='lat' dir='ltr'>non</span> <span class='ocrx_word' id='word_1_237' title='bbox 1480 4865 1802 4957; x_wconf 84' lang='lat' dir='ltr'>aperuit</span> 
     </span>
     <span class='ocr_line' id='line_1_53' title="bbox 297 4979 1797 5074; baseline 0.004 -26"><span class='ocrx_word' id='word_1_238' title='bbox 297 4979 855 5058; x_wconf 73' lang='lat' dir='ltr'>Circumcisioz</span> <span class='ocrx_word' id='word_1_239' title='bbox 934 4982 1298 5065; x_wconf 80' lang='lat' dir='ltr'>dicimuS,</span> <span class='ocrx_word' id='word_1_240' title='bbox 1385 4982 1575 5074; x_wconf 89' lang='lat' dir='ltr'>quia</span> <span class='ocrx_word' id='word_1_241' title='bbox 1653 5003 1797 5054; x_wconf 91' lang='lat' dir='ltr'>nec</span> 
     </span>
     <span class='ocr_line' id='line_1_54' title="bbox 296 5094 1805 5188; baseline 0.006 -26"><span class='ocrx_word' id='word_1_242' title='bbox 296 5094 727 5188; x_wconf 87' lang='lat' dir='ltr'>Baptismus</span> <span class='ocrx_word' id='word_1_243' title='bbox 786 5120 928 5172; x_wconf 87' lang='lat' dir='ltr'>nec</span> <span class='ocrx_word' id='word_1_244' title='bbox 1002 5098 1540 5173; x_wconf 84' lang='lat' dir='ltr'>Circumcisio</span> <span class='ocrx_word' id='word_1_245' title='bbox 1645 5100 1805 5171; x_wconf 90' lang='lat' dir='ltr'>adi-</span> 
     </span>
     <span class='ocr_line' id='line_1_55' title="bbox 297 5215 1808 5308; baseline 0.003 -26"><span class='ocrx_word' id='word_1_246' title='bbox 297 5215 447 5285; x_wconf 88' lang='lat' dir='ltr'>tum</span> <span class='ocrx_word' id='word_1_247' title='bbox 481 5219 695 5306; x_wconf 82' lang='lat' dir='ltr'>regni</span> <span class='ocrx_word' id='word_1_248' title='bbox 727 5216 954 5289; x_wconf 88' lang='lat' dir='ltr'>nobis</span> <span class='ocrx_word' id='word_1_249' title='bbox 988 5216 1332 5308; x_wconf 87' lang='lat' dir='ltr'>aperuit,</span> <span class='ocrx_word' id='word_1_250' title='bbox 1372 5218 1504 5289; x_wconf 89' lang='lat' dir='ltr'>sed</span> <span class='ocrx_word' id='word_1_251' title='bbox 1536 5216 1808 5288; x_wconf 87' lang='lat' dir='ltr'>hostia</span> 
     </span>
     <span class='ocr_line' id='line_1_56' title="bbox 301 5329 1806 5426; baseline 0.001 -26"><span class='ocrx_word' id='word_1_252' title='bbox 301 5329 741 5414; x_wconf 76' lang='lat' dir='ltr'>Salvatoris,</span> <span class='ocrx_word' id='word_1_253' title='bbox 816 5354 989 5425; x_wconf 81' lang='lat' dir='ltr'>quae</span> <span class='ocrx_word' id='word_1_254' title='bbox 1066 5333 1133 5404; x_wconf 90' lang='lat' dir='ltr'>si</span> <span class='ocrx_word' id='word_1_255' title='bbox 1205 5338 1575 5426; x_wconf 91' lang='lat' dir='ltr'>tempore</span> <span class='ocrx_word' id='word_1_256' title='bbox 1637 5332 1806 5406; x_wconf 82' lang='lat' dir='ltr'>Cir-</span> 
     </span>
     <span class='ocr_line' id='line_1_57' title="bbox 302 5449 1807 5531; baseline 0.005 -17"><span class='ocrx_word' id='word_1_257' title='bbox 302 5450 784 5522; x_wconf 84' lang='lat' dir='ltr'>cumcisionis</span> <span class='ocrx_word' id='word_1_258' title='bbox 862 5449 1128 5523; x_wconf 87' lang='lat' dir='ltr'>oblata</span> <span class='ocrx_word' id='word_1_259' title='bbox 1198 5450 1508 5531; x_wconf 81' lang='lat' dir='ltr'>fuisset,</span> <span class='ocrx_word' id='word_1_260' title='bbox 1586 5449 1807 5522; x_wconf 85' lang='lat' dir='ltr'>illius</span> 
     </span>
    </p>
   </div>
   <div class='ocr_carea' id='block_1_26' title="bbox 306 5565 1809 5738">
    <p class='ocr_par' dir='ltr' id='par_1_26' title="bbox 306 5565 1809 5738">
     <span class='ocr_line' id='line_1_58' title="bbox 306 5565 1809 5658; baseline 0.001 -26"><span class='ocrx_word' id='word_1_261' title='bbox 306 5565 663 5656; x_wconf 74' lang='lat' dir='ltr'>temporis</span> <span class='ocrx_word' id='word_1_262' title='bbox 703 5566 1066 5640; x_wconf 90' lang='lat' dir='ltr'>homines</span> <span class='ocrx_word' id='word_1_263' title='bbox 1122 5586 1459 5658; x_wconf 79' lang='lat' dir='ltr'>regnum</span> <span class='ocrx_word' id='word_1_264' title='bbox 1516 5567 1809 5658; x_wconf 81' lang='lat' dir='ltr'>intras-</span> 
     </span>
     <span class='ocr_line' id='line_1_59' title="bbox 425 5679 725 5738; baseline 0 -3"><span class='ocrx_word' id='word_1_265' title='bbox 425 5679 558 5735; x_wconf 73' lang='lat' dir='ltr'>Tem.</span> <span class='ocrx_word' id='word_1_266' title='bbox 590 5685 725 5738; x_wconf 84' lang='lat' dir='ltr'>XVI.</span> 
     </span>
    </p>
   </div>
   <div class='ocr_carea' id='block_1_27' title="bbox 1866 2634 3413 2720">
    <p class='ocr_par' dir='ltr' id='par_1_27' title="bbox 1866 2634 3413 2720">
     <span class='ocr_line' id='line_1_60' title="bbox 1866 2634 3413 2720; baseline -0.014 0"><span class='ocrx_word' id='word_1_267' title='bbox 1866 2649 1956 2720; x_wconf 81' lang='lat' dir='ltr'>de</span> <span class='ocrx_word' id='word_1_268' title='bbox 2001 2643 2382 2718; x_wconf 72' lang='lat' dir='ltr'>ministro</span> <span class='ocrx_word' id='word_1_269' title='bbox 2414 2643 2571 2709; x_wconf 79' lang='lat' dir='ltr'>disc.</span> <span class='ocrx_word' id='word_1_270' title='bbox 2614 2642 2679 2712; x_wconf 86' lang='lat'>5.</span> <span class='ocrx_word' id='word_1_271' title='bbox 2716 2641 2870 2704; x_wconf 75' lang='lat' dir='ltr'>Post</span> <span class='ocrx_word' id='word_1_272' title='bbox 2901 2639 3019 2703; x_wconf 69' lang='lat' dir='ltr'>li-oc</span> <span class='ocrx_word' id='word_1_273' title='bbox 3046 2634 3413 2701; x_wconf 78' lang='lat' dir='ltr'>sciendum.</span> 
     </span>
    </p>
   </div>
   <div class='ocr_carea' id='block_1_28' title="bbox 1869 2753 3451 5530">
    <p class='ocr_par' dir='ltr' id='par_1_28' title="bbox 1869 2753 3429 3790">
     <span class='ocr_line' id='line_1_61' title="bbox 1871 2753 3420 2851; baseline -0.012 -14"><span class='ocrx_word' id='word_1_274' title='bbox 1871 2764 2173 2843; x_wconf 87' lang='lat' dir='ltr'>Prima,</span> <span class='ocrx_word' id='word_1_275' title='bbox 2242 2781 2415 2851; x_wconf 81' lang='lat' dir='ltr'>quae</span> <span class='ocrx_word' id='word_1_276' title='bbox 2486 2755 2839 2849; x_wconf 89' lang='lat' dir='ltr'>pertinet</span> <span class='ocrx_word' id='word_1_277' title='bbox 2912 2753 3005 2823; x_wconf 90' lang='lat' dir='ltr'>ad</span> <span class='ocrx_word' id='word_1_278' title='bbox 3074 2768 3420 2843; x_wconf 85' lang='lat' dir='ltr'>praesen-</span> 
     </span>
     <span class='ocr_line' id='line_1_62' title="bbox 1869 2868 3417 2955; baseline -0.014 0"><span class='ocrx_word' id='word_1_279' title='bbox 1869 2887 2033 2955; x_wconf 91' lang='lat' dir='ltr'>tem</span> <span class='ocrx_word' id='word_1_280' title='bbox 2102 2878 2537 2951; x_wconf 88' lang='lat' dir='ltr'>lectionem</span> <span class='ocrx_word' id='word_1_281' title='bbox 2604 2871 2988 2946; x_wconf 86' lang='lat' dir='ltr'>dividitur</span> <span class='ocrx_word' id='word_1_282' title='bbox 3042 2868 3120 2939; x_wconf 92' lang='lat' dir='ltr'>in</span> <span class='ocrx_word' id='word_1_283' title='bbox 3178 2868 3353 2939; x_wconf 88' lang='lat' dir='ltr'>tres</span> <span class='ocrx_word' id='word_1_284' title='bbox 3403 2891 3417 2933; x_wconf 89' lang='lat'>:</span> 
     </span>
     <span class='ocr_line' id='line_1_63' title="bbox 1875 2980 3424 3086; baseline -0.01 -16"><span class='ocrx_word' id='word_1_285' title='bbox 1875 2998 2177 3078; x_wconf 83' lang='lat' dir='ltr'>Primo,</span> <span class='ocrx_word' id='word_1_286' title='bbox 2215 2980 2385 3086; x_wconf 69' lang='lat' dir='ltr'>agit</span> <span class='ocrx_word' id='word_1_287' title='bbox 2409 2993 2499 3065; x_wconf 89' lang='lat' dir='ltr'>de</span> <span class='ocrx_word' id='word_1_288' title='bbox 2525 2987 2963 3082; x_wconf 86' lang='lat' dir='ltr'>quidditate</span> <span class='ocrx_word' id='word_1_289' title='bbox 2998 2982 3424 3077; x_wconf 86' lang='lat' dir='ltr'>Baptismi,</span> 
     </span>
     <span class='ocr_line' id='line_1_64' title="bbox 1877 3100 3414 3206; baseline -0.011 -19"><span class='ocrx_word' id='word_1_290' title='bbox 1877 3116 2044 3189; x_wconf 89' lang='lat' dir='ltr'>sive</span> <span class='ocrx_word' id='word_1_291' title='bbox 2088 3111 2269 3206; x_wconf 91' lang='lat' dir='ltr'>quid</span> <span class='ocrx_word' id='word_1_292' title='bbox 2310 3109 2417 3182; x_wconf 88' lang='lat' dir='ltr'>sit</span> <span class='ocrx_word' id='word_1_293' title='bbox 2468 3106 2964 3200; x_wconf 86' lang='lat' dir='ltr'>Baptismus.</span> <span class='ocrx_word' id='word_1_294' title='bbox 3029 3100 3414 3179; x_wconf 84' lang='lat' dir='ltr'>Secundo,</span> 
     </span>
     <span class='ocr_line' id='line_1_65' title="bbox 1875 3219 3429 3319; baseline -0.015 -14"><span class='ocrx_word' id='word_1_295' title='bbox 1875 3234 1965 3306; x_wconf 91' lang='lat' dir='ltr'>de</span> <span class='ocrx_word' id='word_1_296' title='bbox 2008 3232 2276 3302; x_wconf 80' lang='lat' dir='ltr'>forma</span> <span class='ocrx_word' id='word_1_297' title='bbox 2329 3227 2530 3319; x_wconf 88' lang='lat' dir='ltr'>ejus,</span> <span class='ocrx_word' id='word_1_298' title='bbox 2589 3223 2697 3296; x_wconf 89' lang='lat' dir='ltr'>ibi</span> <span class='ocrx_word' id='word_1_299' title='bbox 2740 3249 2755 3293; x_wconf 74' lang='grc' dir='ltr'>ε</span> <span class='ocrx_word' id='word_1_300' title='bbox 2797 3223 2929 3289; x_wconf 84' lang='lat' dir='ltr'>Sed</span> <span class='ocrx_word' id='word_1_301' title='bbox 2972 3222 3136 3309; x_wconf 80' lang='lat' dir='ltr'>quid</span> <span class='ocrx_word' id='word_1_302' title='bbox 3197 3230 3288 3285; x_wconf 79' lang='lat' dir='ltr'>est</span> <span class='ocrx_word' id='word_1_303' title='bbox 3346 3219 3429 3283; x_wconf 80' lang='lat' dir='ltr'>il-</span> 
     </span>
     <span class='ocr_line' id='line_1_66' title="bbox 1880 3334 3422 3422; baseline -0.009 -6"><span class='ocrx_word' id='word_1_304' title='bbox 1880 3352 1995 3416; x_wconf 78' lang='lat' dir='ltr'>lml</span> <span class='ocrx_word' id='word_1_305' title='bbox 2056 3349 2344 3415; x_wconf 72' lang='lat' dir='ltr'>verbum.</span> <span class='ocrx_word' id='word_1_306' title='bbox 2398 3341 2689 3422; x_wconf 88' lang='lat' dir='ltr'>Tertio,</span> <span class='ocrx_word' id='word_1_307' title='bbox 2754 3339 2845 3411; x_wconf 92' lang='lat' dir='ltr'>de</span> <span class='ocrx_word' id='word_1_308' title='bbox 2907 3334 3422 3409; x_wconf 87' lang='lat' dir='ltr'>institutione</span> 
     </span>
     <span class='ocr_line' id='line_1_67' title="bbox 1877 3448 3423 3557; baseline -0.013 -19"><span class='ocrx_word' id='word_1_309' title='bbox 1877 3465 2076 3557; x_wconf 79' lang='lat' dir='ltr'>ejus,</span> <span class='ocrx_word' id='word_1_310' title='bbox 2137 3461 2239 3535; x_wconf 87' lang='lat' dir='ltr'>ibi</span> <span class='ocrx_word' id='word_1_311' title='bbox 2281 3465 2424 3529; x_wconf 84' lang='lat' dir='ltr'>:De</span> <span class='ocrx_word' id='word_1_312' title='bbox 2492 3460 2934 3527; x_wconf 68' lang='lat' dir='ltr'>institucione.</span> <span class='ocrx_word' id='word_1_313' title='bbox 2991 3455 3090 3524; x_wconf 80' lang='lat' dir='ltr'>Et</span> <span class='ocrx_word' id='word_1_314' title='bbox 3145 3451 3223 3522; x_wconf 90' lang='lat' dir='ltr'>in</span> <span class='ocrx_word' id='word_1_315' title='bbox 3280 3448 3423 3521; x_wconf 82' lang='lat' dir='ltr'>illa</span> 
     </span>
     <span class='ocr_line' id='line_1_68' title="bbox 1883 3567 3428 3672; baseline -0.012 -17"><span class='ocrx_word' id='word_1_316' title='bbox 1883 3582 2129 3656; x_wconf 84' lang='lat' dir='ltr'>tertia</span> <span class='ocrx_word' id='word_1_317' title='bbox 2173 3581 2404 3672; x_wconf 85' lang='lat' dir='ltr'>parte</span> <span class='ocrx_word' id='word_1_318' title='bbox 2473 3572 2901 3648; x_wconf 80' lang='lat' dir='ltr'>interserit</span> <span class='ocrx_word' id='word_1_319' title='bbox 2941 3570 3033 3642; x_wconf 92' lang='lat' dir='ltr'>de</span> <span class='ocrx_word' id='word_1_320' title='bbox 3079 3567 3428 3641; x_wconf 88' lang='lat' dir='ltr'>materia</span> 
     </span>
     <span class='ocr_line' id='line_1_69' title="bbox 1881 3692 3425 3790; baseline -0.012 -19"><span class='ocrx_word' id='word_1_321' title='bbox 1881 3694 2311 3790; x_wconf 74' lang='lat' dir='ltr'>Baptismi,</span> <span class='ocrx_word' id='word_1_322' title='bbox 2378 3693 2533 3764; x_wconf 87' lang='lat' dir='ltr'>ibi:</span> <span class='ocrx_word' id='word_1_323' title='bbox 2586 3692 2974 3758; x_wconf 77' lang='lat' dir='ltr'>Celebralm·</span> <span class='ocrx_word' id='word_1_324' title='bbox 3030 3699 3249 3753; x_wconf 81' lang='lat' dir='ltr'>autem</span> <span class='ocrx_word' id='word_1_325' title='bbox 3307 3697 3425 3752; x_wconf 76' lang='lat' dir='ltr'>ele.</span> 
     </span>
    </p>

    <p class='ocr_par' dir='ltr' id='par_1_29' title="bbox 1887 3803 3451 5530">
     <span class='ocr_line' id='line_1_70' title="bbox 1971 3803 3431 3890; baseline -0.014 0"><span class='ocrx_word' id='word_1_326' title='bbox 1971 3815 2211 3890; x_wconf 84' lang='lat' dir='ltr'>Circa</span> <span class='ocrx_word' id='word_1_327' title='bbox 2282 3810 2524 3883; x_wconf 89' lang='lat' dir='ltr'>istam</span> <span class='ocrx_word' id='word_1_328' title='bbox 2596 3803 3205 3879; x_wconf 84' lang='lat' dir='ltr'>distinctionem</span> <span class='ocrx_word' id='word_1_329' title='bbox 3275 3804 3431 3873; x_wconf 87' lang='lat' dir='ltr'>ter-</span> 
     </span>
     <span class='ocr_line' id='line_1_71' title="bbox 1887 3920 3422 4020; baseline -0.014 -15"><span class='ocrx_word' id='word_1_330' title='bbox 1887 3933 2113 4010; x_wconf 86' lang='lat' dir='ltr'>tiam,</span> <span class='ocrx_word' id='word_1_331' title='bbox 2169 3926 2688 4020; x_wconf 81' lang='lat' dir='ltr'>quaerendum</span> <span class='ocrx_word' id='word_1_332' title='bbox 2742 3925 2863 3993; x_wconf 89' lang='lat' dir='ltr'>est</span> <span class='ocrx_word' id='word_1_333' title='bbox 2904 3921 2996 3992; x_wconf 92' lang='lat' dir='ltr'>de</span> <span class='ocrx_word' id='word_1_334' title='bbox 3030 3920 3422 4009; x_wconf 87' lang='lat' dir='ltr'>quatuor:</span> 
     </span>
     <span class='ocr_line' id='line_1_72' title="bbox 1888 4031 3428 4131; baseline -0.011 -12"><span class='ocrx_word' id='word_1_335' title='bbox 1888 4047 2189 4126; x_wconf 85' lang='lat' dir='ltr'>Primo,</span> <span class='ocrx_word' id='word_1_336' title='bbox 2282 4044 2372 4114; x_wconf 92' lang='lat' dir='ltr'>de</span> <span class='ocrx_word' id='word_1_337' title='bbox 2462 4035 2864 4131; x_wconf 88' lang='lat' dir='ltr'>Baptismi</span> <span class='ocrx_word' id='word_1_338' title='bbox 2941 4031 3428 4114; x_wconf 84' lang='lat' dir='ltr'>definitione,</span> 
     </span>
     <span class='ocr_line' id='line_1_73' title="bbox 1890 4152 3429 4251; baseline -0.012 -14"><span class='ocrx_word' id='word_1_339' title='bbox 1890 4185 1992 4237; x_wconf 86' lang='lat' dir='ltr'>an</span> <span class='ocrx_word' id='word_1_340' title='bbox 2070 4162 2212 4234; x_wconf 88' lang='lat' dir='ltr'>illa</span> <span class='ocrx_word' id='word_1_341' title='bbox 2289 4156 2625 4251; x_wconf 84' lang='lat' dir='ltr'>propria</span> <span class='ocrx_word' id='word_1_342' title='bbox 2709 4153 2815 4227; x_wconf 89' lang='lat' dir='ltr'>sit</span> <span class='ocrx_word' id='word_1_343' title='bbox 2892 4152 3091 4245; x_wconf 84' lang='lat' dir='ltr'>ejus,</span> <span class='ocrx_word' id='word_1_344' title='bbox 3196 4157 3429 4242; x_wconf 88' lang='lat' dir='ltr'>quam</span> 
     </span>
     <span class='ocr_line' id='line_1_74' title="bbox 1895 4266 3435 4373; baseline -0.015 -22"><span class='ocrx_word' id='word_1_345' title='bbox 1895 4278 2116 4373; x_wconf 76' lang='lat' dir='ltr'>ponit</span> <span class='ocrx_word' id='word_1_346' title='bbox 2180 4273 2579 4365; x_wconf 76' lang='lat' dir='ltr'>Magister</span> <span class='ocrx_word' id='word_1_347' title='bbox 2621 4297 2635 4340; x_wconf 79' lang='lat'>2</span> <span class='ocrx_word' id='word_1_348' title='bbox 2682 4266 3063 4356; x_wconf 56' lang='lat' dir='ltr'>Baptismus</span> <span class='ocrx_word' id='word_1_349' title='bbox 3119 4278 3211 4333; x_wconf 76' lang='lat' dir='ltr'>cst</span> <span class='ocrx_word' id='word_1_350' title='bbox 3269 4266 3435 4330; x_wconf 79' lang='lat' dir='ltr'>tinc-</span> 
     </span>
     <span class='ocr_line' id='line_1_75' title="bbox 1894 4365 3423 4477; baseline -0.012 -14"><span class='ocrx_word' id='word_1_351' title='bbox 1894 4399 2007 4477; x_wconf 79' lang='lat' dir='ltr'>tio,</span> <span class='ocrx_word' id='word_1_352' title='bbox 2081 4395 2153 4461; x_wconf 82' lang='lat' dir='ltr'>id</span> <span class='ocrx_word' id='word_1_353' title='bbox 2220 4404 2335 4470; x_wconf 76' lang='lat' dir='ltr'>est,</span> <span class='ocrx_word' id='word_1_354' title='bbox 2415 4390 2665 4455; x_wconf 81' lang='lat' dir='ltr'>ablutio</span> <span class='ocrx_word' id='word_1_355' title='bbox 2731 4386 3032 4472; x_wconf 80' lang='lat' dir='ltr'>corporis</span> <span class='ocrx_word' id='word_1_356' title='bbox 3107 4365 3423 4459; x_wconf 72' lang='lat' dir='ltr'>exterior,</span> 
     </span>
     <span class='ocr_line' id='line_1_76' title="bbox 1892 4496 3432 4600; baseline -0.012 -21"><span class='ocrx_word' id='word_1_357' title='bbox 1892 4517 2074 4600; x_wconf 78' lang='lat' dir='ltr'>sacta</span> <span class='ocrx_word' id='word_1_358' title='bbox 2131 4511 2244 4576; x_wconf 80' lang='lat' dir='ltr'>sub</span> <span class='ocrx_word' id='word_1_359' title='bbox 2304 4509 2527 4592; x_wconf 82' lang='lat' dir='ltr'>forma</span> <span class='ocrx_word' id='word_1_360' title='bbox 2586 4503 2930 4569; x_wconf 79' lang='lat' dir='ltr'>verborum</span> <span class='ocrx_word' id='word_1_361' title='bbox 2978 4496 3432 4586; x_wconf 61' lang='lat' dir='ltr'>praescripta?</span> 
     </span>
     <span class='ocr_line' id='line_1_77' title="bbox 1898 4611 3434 4708; baseline -0.014 -5"><span class='ocrx_word' id='word_1_362' title='bbox 1898 4625 2280 4703; x_wconf 78' lang='lat' dir='ltr'>Secundo,</span> <span class='ocrx_word' id='word_1_363' title='bbox 2351 4624 2441 4695; x_wconf 92' lang='lat' dir='ltr'>de</span> <span class='ocrx_word' id='word_1_364' title='bbox 2512 4619 2780 4692; x_wconf 84' lang='lat' dir='ltr'>forma</span> <span class='ocrx_word' id='word_1_365' title='bbox 2848 4611 3277 4708; x_wconf 87' lang='lat' dir='ltr'>Baptismi,</span> <span class='ocrx_word' id='word_1_366' title='bbox 3333 4631 3434 4682; x_wconf 91' lang='lat' dir='ltr'>an</span> 
     </span>
     <span class='ocr_line' id='line_1_78' title="bbox 1898 4734 3441 4836; baseline -0.015 -17"><span class='ocrx_word' id='word_1_367' title='bbox 1898 4749 2066 4819; x_wconf 79' lang='lat' dir='ltr'>haec</span> <span class='ocrx_word' id='word_1_368' title='bbox 2111 4746 2214 4817; x_wconf 82' lang='lat' dir='ltr'>sit</span> <span class='ocrx_word' id='word_1_369' title='bbox 2261 4739 2602 4836; x_wconf 77' lang='lat' dir='ltr'>praecisa</span> <span class='ocrx_word' id='word_1_370' title='bbox 2644 4735 2909 4811; x_wconf 88' lang='lat' dir='ltr'>forma</span> <span class='ocrx_word' id='word_1_371' title='bbox 2949 4734 3170 4826; x_wconf 87' lang='lat' dir='ltr'>ejus:</span> <span class='ocrx_word' id='word_1_372' title='bbox 3210 4734 3441 4820; x_wconf 51' lang='lat' dir='ltr'>Baptiss</span> 
     </span>
     <span class='ocr_line' id='line_1_79' title="bbox 1903 4850 3451 4936; baseline -0.013 -4"><span class='ocrx_word' id='word_1_373' title='bbox 1903 4888 1978 4933; x_wconf 75' lang='lat' dir='ltr'>zo</span> <span class='ocrx_word' id='word_1_374' title='bbox 2024 4879 2082 4931; x_wconf 76' lang='lat' dir='ltr'>te</span> <span class='ocrx_word' id='word_1_375' title='bbox 2115 4867 2181 4929; x_wconf 78' lang='lat' dir='ltr'>in</span> <span class='ocrx_word' id='word_1_376' title='bbox 2222 4863 2490 4928; x_wconf 67' lang='lat' dir='ltr'>nomine</span> <span class='ocrx_word' id='word_1_377' title='bbox 2530 4858 2756 4923; x_wconf 78' lang='lat' dir='ltr'>Pal-ris</span> <span class='ocrx_word' id='word_1_378' title='bbox 2811 4860 2871 4920; x_wconf 78' lang='lat' dir='ltr'>et</span> <span class='ocrx_word' id='word_1_379' title='bbox 2921 4854 3087 4918; x_wconf 74' lang='lat' dir='ltr'>Filii</span> <span class='ocrx_word' id='word_1_380' title='bbox 3116 4863 3174 4917; x_wconf 78' lang='lat' dir='ltr'>et</span> <span class='ocrx_word' id='word_1_381' title='bbox 3233 4850 3451 4936; x_wconf 76' lang='lat' dir='ltr'>Spiri-</span> 
     </span>
     <span class='ocr_line' id='line_1_80' title="bbox 1901 4964 3438 5051; baseline -0.01 -1"><span class='ocrx_word' id='word_1_382' title='bbox 1901 4996 2001 5050; x_wconf 76' lang='lat' dir='ltr'>tus</span> <span class='ocrx_word' id='word_1_383' title='bbox 2023 4983 2241 5049; x_wconf 77' lang='lat' dir='ltr'>sancti</span> <span class='ocrx_word' id='word_1_384' title='bbox 2300 4982 2535 5044; x_wconf 79' lang='lat' dir='ltr'>Amen.</span> <span class='ocrx_word' id='word_1_385' title='bbox 2579 4971 2880 5051; x_wconf 70' lang='lat' dir='ltr'>Tertio,</span> <span class='ocrx_word' id='word_1_386' title='bbox 2928 4969 3019 5041; x_wconf 82' lang='lat' dir='ltr'>de</span> <span class='ocrx_word' id='word_1_387' title='bbox 3068 4964 3438 5042; x_wconf 75' lang='lat' dir='ltr'>materia,</span> 
     </span>
     <span class='ocr_line' id='line_1_81' title="bbox 1903 5079 3439 5184; baseline -0.01 -16"><span class='ocrx_word' id='word_1_388' title='bbox 1903 5118 2005 5168; x_wconf 85' lang='lat' dir='ltr'>an</span> <span class='ocrx_word' id='word_1_389' title='bbox 2057 5094 2233 5166; x_wconf 87' lang='lat' dir='ltr'>sola</span> <span class='ocrx_word' id='word_1_390' title='bbox 2314 5112 2519 5184; x_wconf 87' lang='lat' dir='ltr'>aqua</span> <span class='ocrx_word' id='word_1_391' title='bbox 2592 5085 2995 5161; x_wconf 88' lang='lat' dir='ltr'>naturalis</span> <span class='ocrx_word' id='word_1_392' title='bbox 3065 5101 3271 5175; x_wconf 82' lang='lat' dir='ltr'>pura</span> <span class='ocrx_word' id='word_1_393' title='bbox 3332 5079 3439 5153; x_wconf 88' lang='lat' dir='ltr'>sit</span> 
     </span>
     <span class='ocr_line' id='line_1_82' title="bbox 1909 5198 3435 5290; baseline -0.012 -6"><span class='ocrx_word' id='word_1_394' title='bbox 1909 5210 2255 5284; x_wconf 84' lang='lat' dir='ltr'>materia</span> <span class='ocrx_word' id='word_1_395' title='bbox 2370 5203 2854 5278; x_wconf 86' lang='lat' dir='ltr'>conveniens</span> <span class='ocrx_word' id='word_1_396' title='bbox 2981 5198 3435 5290; x_wconf 87' lang='lat' dir='ltr'>Baptismo.</span> 
     </span>
     <span class='ocr_line' id='line_1_83' title="bbox 1907 5316 3441 5410; baseline -0.01 -11"><span class='ocrx_word' id='word_1_397' title='bbox 1907 5329 2240 5410; x_wconf 83' lang='lat' dir='ltr'>Quarto,</span> <span class='ocrx_word' id='word_1_398' title='bbox 2329 5323 2421 5394; x_wconf 90' lang='lat' dir='ltr'>de</span> <span class='ocrx_word' id='word_1_399' title='bbox 2519 5316 3056 5396; x_wconf 88' lang='lat' dir='ltr'>institutione,</span> <span class='ocrx_word' id='word_1_400' title='bbox 3164 5316 3441 5387; x_wconf 90' lang='lat' dir='ltr'>utrum</span> 
     </span>
     <span class='ocr_line' id='line_1_84' title="bbox 1908 5431 3447 5530; baseline -0.01 -13"><span class='ocrx_word' id='word_1_401' title='bbox 1908 5441 2318 5517; x_wconf 88' lang='lat' dir='ltr'>institutio</span> <span class='ocrx_word' id='word_1_402' title='bbox 2399 5433 2800 5530; x_wconf 84' lang='lat' dir='ltr'>Baptismi</span> <span class='ocrx_word' id='word_1_403' title='bbox 2870 5434 3204 5507; x_wconf 88' lang='lat' dir='ltr'>evacuet</span> <span class='ocrx_word' id='word_1_404' title='bbox 3277 5431 3447 5505; x_wconf 86' lang='lat' dir='ltr'>Cir-</span> 
     </span>
    </p>
   </div>
   <div class='ocr_carea' id='block_1_29' title="bbox 1908 5559 3302 5716">
    <p class='ocr_par' dir='ltr' id='par_1_30' title="bbox 1908 5559 3302 5716">
     <span class='ocr_line' id='line_1_85' title="bbox 1908 5559 2515 5636; baseline -0.02 0"><span class='ocrx_word' id='word_1_405' title='bbox 1908 5559 2515 5636; x_wconf 85' lang='lat' dir='ltr'>cumcisionem.</span> 
     </span>
     <span class='ocr_line' id='line_1_86' title="bbox 3242 5664 3302 5716; baseline 0.033 -2"><span class='ocrx_word' id='word_1_406' title='bbox 3242 5664 3302 5716; x_wconf 86' lang='lat'>18</span> 
     </span>
    </p>
   </div>
  </div>
 </body>
</html>
