4255 6375
785 418 912 490 404„

791 591 970 660 anat,
1017 591 1208 649 sanat
1238 583 1572 664 perfecle;
1622 593 1689 649 et
1732 586 1908 648 ratio
1980 585 2347 647 innocentii

794 722 937 782 cap.
985 707 1289 782 Major-es,
1336 708 1414 767 de
1461 706 1809 782 Baptismo,
1844 709 1912 765 et
1967 705 2348 785 Hieronymi

800 825 1027 910 contra
1056 821 1462 899 Pelayianos.
1491 820 1676 884 Patet
1715 820 1850 883 haec
1883 819 2216 883 conclusio
2265 834 2348 879 ex

800 934 1006 1010 dictis,
1048 950 1204 997 nam
1255 935 1718 999 Tridentinum
1773 952 1920 997 sess.
1965 936 2030 998 6.
2091 951 2239 1011 cap.
2279 936 2343 995 7.

802 1050 868 1112 id
900 1068 1211 1129 expresse
1271 1052 1495 1130 docet,
1555 1059 1620 1115 et
1665 1052 2067 1115 Clementina
2115 1053 2344 1129 prima,

801 1174 869 1231 et
924 1169 1343 1231 Innocentius
1417 1174 1726 1249 tanquam
1797 1170 2169 1241 veriorem;
2248 1173 2351 1231 est

798 1285 1161 1346 communis
1213 1284 1718 1365 Theologorum.
1776 1286 1851 1347 Et
1907 1285 2032 1346 hac
2087 1286 2343 1347 ratione

794 1400 1164 1476 Baptismus
1195 1404 1467 1463 vocatur
1493 1398 1578 1461 ad
1639 1401 1942 1462 Hebraeos
1999 1400 2062 1462 6.
2097 1398 2347 1463 illumi-

793 1516 996 1589 nati0,
1023 1533 1222 1595 quam
1267 1518 1737 1595 proprietatem
1771 1514 1991 1578 eidem
2044 1517 2341 1577 tribuunt

794 1632 1045 1705 Patres,
1090 1648 1257 1711 quos
1286 1649 1487 1710 supra
1518 1633 1877 1695 citavimus.
1925 1631 2113 1694 Patet
2147 1632 2348 1693 etiam

797 1749 882 1812 ad
940 1750 1253 1812 Hebraeos
1297 1752 1354 1812 Ξ.
1418 1753 1576 1813 Sine
1627 1751 1756 1829 fide
1809 1750 2202 1827 impossibile
2261 1753 2350 1810 est

795 1865 1058 1942 placere
1078 1869 1234 1942 Deo,
1272 1866 1380 1929 ubi
1411 1866 1658 1942 PatreS,
1706 1873 1770 1929 et
1800 1858 2212 1943 expositores
2262 1864 2347 1926 de

797 1983 1191 2045 necessitate
1260 1980 1414 2044 fidei
1474 1982 1556 2044 ad
1628 1984 1914 2045 salutem
1978 1984 2344 2046 disserunt.

801 2099 965 2159 item
995 2100 1047 2159 1.
1081 2100 1171 2162 ad
1215 2100 1495 2161 Corinth.
1538 2101 1629 2162 13.
1665 2099 1779 2161 ubi
1808 2099 2027 2180 agitur
2062 2098 2148 2160 de
2187 2098 2344 2173 fide,

801 2232 921 2303 spe
955 2218 1021 2276 et
1068 2216 1406 2290 charitate,
1458 2221 1773 2296 tanquam
1822 2216 1904 2278 de
1947 2220 2207 2295 integra
2230 2215 2353 2297 ‚ju-

802 2333 1014 2405 stitia3
1073 2330 1276 2395 fides‘
1323 2336 1498 2395 enim
1586 2338 1652 2396 et
1704 2350 1854 2411 spes
1910 2338 2215 2411 spectant
2266 2332 2350 2395 ad

506 2481 734 2532 infantes
804 2452 1242 2531 integritatem
1283 2451 1568 2528 Justitiae,
1616 2449 1795 2512 unde
1840 2449 2121 2514 infantes
2168 2468 2347 2515 com-

460 2544 773 2657 efflgffissg·
799 2571 1111 2643 putantur
1171 2568 1345 2629 inter
1400 2583 1592 2629 veros
1646 2565 1903 2639 fideles,
1975 2572 2049 2629 ut
2124 2566 2353 2630 definit

793 2680 1251 2744 Tridentinum
1284 2699 1433 2744 sess.
1477 2685 1539 2745 7.
1592 2685 1669 2745 de
1701 2684 2033 2757 Baptismo.
2068 2700 2212 2747 can.
2250 2685 2347 2746 13.

798 2799 1204 2877 Augustinus
1256 2797 1369 2861 lib.
1433 2801 1480 2861 l.
1539 2799 1618 2861 de
1661 2804 1989 2876 peccator.
2024 2800 2235 2861 merie.
2290 2804 2348 2860 et

791 2917 1042 2979 remiss.
1076 2932 1222 2991 cap.
1262 2914 1357 2977 19.
1392 2920 1450 2976 et
1476 2915 1590 2977 lib.
1625 2916 1687 2977 3.
1720 2932 1863 2993 cap.
1897 2917 1959 2977 2.
1999 2916 2133 2976 Hoc
2165 2913 2346 2977 idem

796 3033 1183 3108 supponunt
1224 3029 1471 3101 Patres,
1530 3027 1934 3092 disserentes
1996 3028 2081 3091 de
2134 3029 2351 3108 Bapti-

799 3162 941 3209 smo
974 3144 1318 3221 infantum,
1368 3162 1516 3209 cum
1561 3146 1934 3224 Baptismus
1981 3146 2067 3208 sit
2126 3146 2355 3207 Sacra-

795 3269 1095 3326 mentum
1138 3261 1290 3325 fidei
1365 3268 1432 3324 et
1479 3263 1750 3340 initiatio
1830 3261 2109 3324 hominis
2169 3261 2357 3323 Chri-

792 3382 1021 3452 stiani,
1097 3379 1397 3443 inserens
1481 3379 1848 3455 baptizatos
1936 3379 2001 3440 in
2071 3377 2353 3451 Christ0,

799 3497 1242 3557 communicat
1269 3493 1469 3557 fidem
1498 3493 1807 3568 infusam,
1860 3499 1926 3557 et
1962 3492 2349 3570 principium

804 3608 1142 3674 credendi.
1228 3611 1368 3674 Alia
1424 3610 1512 3673 ibi
1580 3610 1665 3672 de
1735 3611 2132 3672 necessitate
2205 3609 2353 3673 fidei

798 3723 1060 3787 disserit
1093 3727 1355 3798 Doctor,
1414 3741 1566 3804 quae
1613 3722 1822 3788 fusius
1884 3727 2116 3786 tractat
2172 3727 2240 3786 in
2284 3727 2346 3786 3.

794 3841 1852 3904 dist.23.ubidocetnecessario
1910 3839 2114 3903 fidem
2171 3840 2342 3904 infu-

801 3973 942 4019 sam
974 3958 1227 4020 admitti
1274 3964 1545 4037 propter
1589 3960 2047 4021 auctoritatem
2095 3959 2352 4019 Patrum

804 4077 870 4132 et
914 4072 1295 4151 Scripturae,
1330 4075 1625 4152 quamvis
1667 4075 1929 4152 probari
1980 4088 2111 4135 non
2146 4077 2354 4151 possit

800 4192 1082 4273 ratione,
1148 4195 1264 4254 aut
1308 4190 1766 4265 demonstrari,
1830 4189 2008 4270 quod
2072 4188 2353 4268 perinde

805 4302 1000 4365 docet
1028 4304 1113 4367 de
1144 4305 1285 4367 aliis
1314 4305 1661 4368 virtutibus
1691 4303 1945 4369 infusis,

583 4440 665 4490 31.
884 4418 971 4502 (c)
1001 4424 1098 4484 Ad
1121 4425 1475 4486 secundum
1499 4423 1864 4500 principale
1902 4424 2163 4490 dicitur,
2219 4427 2347 4486 etc.

473 4504 942 4616 seciffiiumstlaec
971 4551 1315 4625 responsio
1354 4554 1455 4610 est
1510 4549 1768 4610 Alensis
1823 4550 1883 4610 4.
1939 4554 2118 4625 part.
2181 4565 2349 4612 sum.

456 4629 1019 4741 N⁰ffigffi¹¹r¹quaesh
1051 4665 1112 4728 8.
1150 4681 1235 4727 m.
1281 4666 1341 4726 7.
1377 4672 1502 4727 art.
1554 4669 1607 4727 7.
1645 4672 1700 4726 et
1732 4667 1911 4745 m.-8.
1961 4672 2087 4728 art.
2123 4669 2181 4729 3.
2224 4665 2263 4746 S
2300 4670 2351 4729 l.

481 4753 726 4806 Ministri.
804 4779 915 4840 ubi
991 4781 1273 4844 admittit
1312 4783 1556 4861 requiri
1620 4781 1820 4844 fidem
1888 4783 1953 4844 in
2004 4783 2353 4856 offerente,

795 4902 909 4958 aut
957 4899 1359 4975 suscipiente
1393 4900 1765 4977 parvulum,
1827 4905 1900 4961 ut
1950 4903 2009 4964 ei
2074 4901 2351 4980 conjun-

790 5019 993 5094 gatur
1017 5017 1251 5096 gratia.
1281 5016 1455 5077 Hanc
1479 5019 1662 5076 recte
1690 5019 2040 5095 impugnat
2069 5017 2350 5091 Doctor;

793 5131 1004 5209 primo
1051 5133 1105 5206 si
1151 5131 1438 5194 offerens
1483 5138 1660 5194 esset
1697 5130 2002 5207 infidelis,
2070 5145 2137 5193 et
2173 5131 2353 5194 idem

791 5245 874 5330 de
936 5247 1352 5323 parentibus,
1423 5245 1645 5308 adhuc
1700 5244 1915 5308 valide
1977 5247 2345 5325 baptizatur

793 5360 1027 5424 infans.
1065 5363 1529 5443 Respondetur
1548 5362 1750 5426 fidem
1771 5364 2076 5426 Ecclesiae
2096 5365 2345 5426 valere.

792 5477 1052 5564 Contra,
1111 5481 1322 5559 inquit
1384 5482 1654 5555 Doctor,
1720 5480 1872 5559 quia
1935 5480 2133 5543 etiam
2191 5480 2346 5542 dato

793 5595 980 5678 >quod
1018 5598 1277 5693 „nullu-s
1369 5603 1554 5686 esset
1649 5598 1714 5657 in
1805 5599 2095 5680 Ecclesia
2166 5597 2345 5662 fideli

505 1008 720 1061 Trident
731 1047 743 1060 .

473 1928 759 1983 Necessitas

545 1992 684 2043 fidei.

1964 418 2111 483 LlB.
2157 417 2260 483 tv.
2306 418 2905 485 SENTENTIARUM

2459 584 2674 648 adhuc
2712 586 2963 648 valeret
3000 585 3368 665 baptismus
3408 585 3587 649 salva
3637 582 3950 648 intentione

2456 700 2742 766 faciendi
2790 703 2964 782 quod
3017 700 3177 764 fecit
3246 703 3562 765 Christus.
3624 701 3952 779 Respondet

2460 818 2729 897 quidam
2771 824 3009 881 nostrae
3036 819 3271 882 scholae
3313 817 3677 881 modernus
3702 821 3951 895 scriptor,

2463 935 2643 1015 quod
2689 941 3158 1016 argumentum
3214 938 3531 1027 supponit
3576 934 3950 1013 impossibile,

2462 1052 2614 1131 quia
2643 1054 2931 1116 Ecclesia
2975 1069 3243 1129 semper
3269 1055 3567 1116 manebit
3608 1050 3825 1115 fidelis.
3855 1050 3953 1115 sed

2460 1169 2593 1231 liaec
2641 1172 2985 1247 responsio
3029 1187 3161 1231 non
3204 1170 3399 1243 valet,
3464 1173 3620 1248 quia
3681 1170 3857 1229 etiam
3889 1168 3951 1228 ad

2460 1284 2996 1362 cognoscendam
3029 1299 3298 1347 causam
3346 1287 3689 1361 praecisam
3726 1283 3951 1358 alicujus

2460 1401 2760 1475 effectus,
2794 1401 3158 1464 admittitur
3186 1401 3551 1478 suppositio
3584 1398 3954 1477 impossibilis

2460 1533 2592 1578 non
2648 1516 2992 1593 implicans
3051 1532 3132 1577 ex
3202 1516 3539 1588 terminis;
3606 1516 3711 1577 hic
3782 1520 3956 1575 autem

2460 1636 2768 1712 quaeritur
2838 1632 2921 1694 de
2992 1649 3214 1707 causa,
3288 1649 3407 1710 per
3469 1648 3675 1710 quam
3742 1632 3959 1708 praecise

2462 1748 2889 1829 conjungitur
2943 1752 3154 1829 gratia
3200 1749 3504 1828 parvum,
3566 1765 3701 1809 non
3770 1746 3844 1808 de
3888 1746 3959 1806 in-

2459 1868 2895 1941 strumentali,
2952 1882 3103 1945 quae
3147 1871 3250 1929 est
3307 1868 3704 1945 Baptismus,
3749 1863 3856 1926 sed
3897 1865 3961 1926 de

2464 1989 2824 2050 meritoria.

2543 2102 2924 2180 Respondet
2967 2110 3183 2166 autem
3229 2106 3472 2166 Doctor
3522 2103 3709 2183 quod
3768 2103 3963 2165 nullam

2465 2219 2657 2281 aliam
2732 2235 2997 2281 causam
3056 2225 3320 2297 oportet
3373 2222 3719 2301 assignare
3766 2223 3964 2298 praeter
4032 2188 4086 2301 ΒΞ

2462 2332 2810 2409 Christum,
2846 2352 2991 2414 quae
3020 2336 3386 2398 extrinseca
3417 2343 3540 2410 est,
3576 2341 3645 2399 et
3677 2353 3961 2415 perquam
4008 2314 4086 2429 (ξ

2464 2454 2670 2529 primo
2737 2454 3172 2534 conjungatur
3214 2456 3376 2526 De0,
3427 2471 3680 2534 nempe
3720 2474 3835 2532 per
3884 2446 4086 2569 “‘jffi

2463 2566 2914 2641 demptionem,
2949 2584 3090 2644 quar
3119 2575 3209 2631 est
3237 2571 3303 2629 in
3333 2570 3586 2632 christo
3613 2575 3785 2633 Iesu.
3822 2569 3961 2632 Idem
4047 2568 4086 2615 Εἰ

2464 2679 2659 2745 docet
2711 2683 3073 2746 Tridentin.
3147 2702 3292 2763 cap.
3351 2688 3411 2747 7.
3486 2704 3742 2765 supr-cu
3811 2688 3965 2750 aliam

2460 2800 2680 2858 autem
2742 2814 2875 2860 non
2954 2804 3215 2877 oportet
3287 2817 3436 2862 esse
3542 2803 3963 2872 extrinsecam,

2458 2913 2664 2989 qualis
2731 2918 2910 2976 esset
2991 2912 3159 2976 fides
3243 2915 3717 2989 offerentium,
3786 2930 3965 2995 neque

2461 3031 2657 3090 etiam
2705 3029 3129 3092 intrinsecam
3171 3032 3237 3092 in
3281 3033 3652 3111 recipiente
3711 3038 3969 3113 gratiam,

2461 3149 2535 3205 ut
2594 3150 2776 3223 patet
2834 3162 2932 3208 ex·
2969 3144 3348 3210 Tridentino
3406 3165 3560 3212 sess.
3622 3152 3688 3214 6.
3745 3168 3878 3229 cap.
3919 3149 3966 3212 8.

2465 3261 2577 3323 ubi
2612 3263 2894 3343 negassur
2917 3266 3116 3324 etiam
3147 3267 3215 3325 et
3248 3262 3444 3326 fidem
3489 3272 3559 3329 et
3601 3283 3822 3346 opera,
3863 3281 3975 3345 qm

2466 3375 2896 3451 antecedunt,
2954 3380 3019 3441 in
3062 3381 3290 3446 adulto
3362 3399 3485 3461 per
3543 3374 3811 3446 modum
3855 3400 3975 3462 prae-

2463 3493 2817 3570 parationis
2864 3501 2930 3558 et
2963 3495 3436 3576 dispositioniS,
3472 3504 3688 3578 ipsam
3738 3505 3972 3581 gratiam

2457 3595 2937 3688 justificationis
2968 3617 3229 3679 mereri.
3290 3618 3608 3695 Loquitur
3646 3626 3863 3680 autem
3910 3616 3974 3676 de

2464 3725 2696 3788 merito
2741 3730 3035 3808 rigoroso
3080 3746 3200 3792 seu
3234 3732 3613 3812 condign03
3667 3739 3735 3795 et
3773 3732 3976 3795 veritas

2464 3840 2609 3902 haec
2657 3846 2813 3906 satis
2877 3844 3088 3923 liquet
3172 3852 3397 3909 contra
3454 3848 3861 3926 Pelagianos.
3924 3848 3975 3907 ln

2465 3959 2736 4034 parvulo
2793 3966 3016 4023 autem
3086 3965 3226 4040 ipse
3290 3967 3661 4042 Baptismus
3731 3964 3978 4044 applicat

2466 4072 2767 4136 meritum
2826 4077 3171 4154 passionis,
3228 4084 3300 4141 ut
3359 4080 3557 4142 docet
3604 4080 3972 4144 clementina

2463 4192 2605 4252 loco
2632 4208 2836 4269 supra
2866 4193 3082 4267 ciente,
3133 4199 3198 4254 et
3248 4194 3703 4260 Tridentinum
3762 4214 3899 4259 sess.
3920 4196 3968 4256 5.

2469 4312 2548 4371 de
2567 4315 2831 4386 peccato
2859 4313 3027 4388 oriq.
3063 4330 3203 4375 can.
3251 4315 3309 4376 3.
3353 4329 3489 4375 non
3543 4332 3664 4395 per
3720 4316 3841 4378 hoc
3879 4328 3969 4376 ne·

2472 4435 2665 4509 gatur
2689 4429 2757 4490 in
2794 4429 2926 4494 fide
2964 4432 3271 4497 Ecclesiae
3310 4434 3532 4499 offerri
3574 4434 3872 4507 infantes,
3917 4436 3974 4493 ut

2471 4549 2737 4629 quidam
2782 4554 3010 4616 Patres
3053 4554 3301 4628 dicunt,
3360 4573 3528 4636 quos
3571 4559 3730 4620 alias
3784 4553 3970 4619 citavi·

2471 4685 2640 4743 mus,
2688 4675 2755 4732 et
2825 4671 3163 4749 baptizari,
3212 4675 3382 4736 sicut
3442 4680 3509 4738 et
3558 4676 3972 4738 Tridentinum

2467 4802 2617 4846 sess.
2663 4786 2724 4848 7.
2771 4791 2850 4850 de
2886 4791 3215 4865 Baptismo
3244 4808 3389 4854 can.
3442 4793 3533 4854 13.
3570 4796 3818 4864 asserit,
3854 4788 3973 4867 quia

2468 4918 2591 4978 per
2618 4902 2742 4965 hoc
2767 4919 2892 4967 non
2914 4904 3280 4969 intenditur
3304 4907 3484 4986 quod
3512 4906 3679 4970 fides
3706 4907 3968 4970 Ecclesiae

2466 5017 2710 5080 habeat
2740 5019 3064 5080 rationem
3109 5035 3317 5082 causae
3346 5020 3711 5092 meritoriae,
3770 5015 3878 5079 sed
3904 5011 3967 5072 de

2466 5131 2597 5195 fide
2637 5136 2875 5215 agitur,
2936 5140 3012 5196 ut
3058 5135 3395 5199 reducitur
3438 5138 3523 5200 ad
3580 5136 3966 5200 intentionem

2467 5249 2832 5328 legitimam
2904 5257 2973 5314 et
3058 5252 3544 5316 ministerialem
3616 5246 3962 5330 baptizandi,

2467 5366 2573 5429 vel
2597 5365 2681 5427 de
2723 5366 2855 5429 fide
2885 5373 2960 5430 ut
2989 5372 3090 5431 est
3117 5369 3379 5450 alligata
3409 5371 3533 5447 ipsi
3563 5367 3959 5433 sacramento,

2470 5488 2787 5564 tanquam
2844 5486 3117 5548 articulo
3167 5487 3442 5562 credito,
3505 5492 3574 5549 et
3617 5487 3713 5549 cui
3749 5494 3959 5546 annexa

2470 5607 2570 5663 est
2636 5602 2959 5680 professio
3029 5601 3186 5666 fidei
3252 5607 3570 5682 tanquam
3620 5592 3954 5666 institutioni
