4255 6375
594 3681 617 3733 1

762 405 882 469 238

779 589 785 596 ·
873 570 966 642 In
1002 568 1268 663 prima
1296 567 1815 645 distinctione
1864 568 2029 662 egit
2072 566 2326 659 Magi-

787 689 962 758 ster
990 687 1080 760 de
1114 691 1643 761 Sacramento
1685 686 1888 779 legis
1939 685 2330 759 Mosaicae

784 808 862 877 et
922 804 1125 896 legis
1204 810 1562 886 naturae;
1620 803 1699 875 in
1760 803 1908 878 hac
1986 805 2331 877 secunda

784 920 1305 994 distinctione
1369 920 1654 1011 incipit
1714 939 1960 1012 agere
2033 920 2124 992 de
2200 923 2333 992 Sa-

793 1037 1236 1110 cramentis
1276 1056 1504 1109 novae
1564 1036 1792 1129 legis.
1875 1037 2064 1110 Haec
2138 1056 2329 1128 pars

779 1153 1167 1226 dividitur
1232 1153 1308 1225 in
1382 1155 1576 1227 duas
1640 1157 1940 1246 partes.
2052 1153 2331 1225 Primo

783 1289 1127 1363 namque
1158 1271 1646 1344 determinat
1697 1271 1788 1342 de
1828 1270 1946 1342 eis
2006 1270 2334 1362 conjun-

786 1386 1008 1468 ctim,
1058 1387 1399 1461 secundo
1463 1388 1555 1459 de
1616 1384 1958 1478 singulis
2010 1405 2335 1478 separa·

785 1503 932 1577 tim
997 1502 1104 1575 ibi
1143 1529 1157 1570 ε
1211 1506 1400 1572 Nunc
1443 1527 1596 1572 vero
1644 1505 1725 1571 de
1765 1507 2118 1592 Baptismi.
2166 1501 2335 1574 Pri-

791 1639 923 1693 ma
978 1619 1214 1693 habet
1265 1621 1460 1693 duas
1522 1624 1825 1713 partes,
1901 1618 2335 1693 secundum

796 1736 997 1831 quod
1066 1736 1334 1831 primo
1410 1735 1927 1817 determinat,
2001 1754 2178 1827 quae
2256 1740 2336 1809 et

791 1856 983 1946 quot
1026 1851 1190 1927 sint
1235 1854 1762 1925 Sacramenta
1802 1871 2032 1924 novae
2066 1850 2275 1942 legis
2315 1875 2330 1930 ;

791 1968 1137 2041 secundo
1193 1967 1284 2041 de
1334 1971 1705 2060 ternpore
1755 1965 2328 2048 institutionis,

786 2090 865 2160 et
943 2083 1309 2161 efficacia
1380 2087 1877 2173 eorumdem,
1965 2085 2071 2159 ibi
2159 2110 2173 2154 :
2260 2088 2340 2152 Si

787 2225 943 2270 vero
998 2206 1343 2292 quaeritur.

1238 2474 1701 2558 QUAESTIO
1810 2477 1871 2548 I.

798 2759 1032 2825 Uerum
1081 2759 1519 2825 Sacramenta
1578 2779 1768 2832 novae
1838 2760 2000 2845 leyis
2054 2759 2342 2828 habeant

927 2876 1302 2960 efficaciam
1345 2896 1388 2939 a
1456 2875 1715 2941 Christi
1776 2876 2087 2961 passione
2133 2875 2165 2941 :²

788 3128 964 3186 Alens.
997 3127 1051 3184 4.
1078 3142 1137 3197 p.
1169 3142 1219 3195 q.
1252 3125 1308 3181 9.
1348 3142 1423 3182 m.
1487 3129 1540 3182 7.
1595 3129 1657 3182 D.
1686 3129 1892 3185 Bonav.
1941 3123 2060 3197 hic,
2111 3130 2252 3189 dub,
2283 3130 2337 3185 2.

862 3206 910 3254 et
939 3205 1053 3256 art.
1097 3198 1147 3256 1.
1179 3217 1233 3268 q.
1269 3198 1317 3254 1.
1347 3202 1414 3259 D.
1472 3201 1660 3257 Thom.
1695 3199 1747 3253 3.
1806 3217 1862 3269 p.
1912 3218 1963 3270 q.
2004 3204 2095 3259 62.
2137 3207 2251 3256 art.
2282 3200 2339 3259 5.

864 3276 910 3326 ct
940 3287 994 3340 q.
1023 3270 1115 3327 64.
1158 3276 1274 3329 art.
1322 3277 1378 3329 2.
1423 3272 1476 3329 3.
1534 3275 1620 3329 Va

1622 3288 1698 3345 sq.
1752 3275 1833 3328 ibi
1887 3275 1942 3331 α.
2008 3273 2134 3330 135.
2193 3272 2343 3344 vega

868 3346 964 3399 lib.
1002 3345 1059 3399 7.
1090 3345 1157 3401 in
1193 3346 1418 3401 Tridcnt
1448 3362 1496 3401 c.
1523 3345 1613 3402 18.

884 3601 1124 3677 Circa
1227 3600 1430 3673 hanc
1527 3602 1629 3691 (a)
1738 3601 2341 3677 distinctionem

449 3719 677 3811 Mami.
700 3744 766 3795 13.
799 3737 1075 3809 quaero
1120 3742 1136 3787 ε
1191 3715 1488 3790 Utrum
1550 3718 2080 3791 Sacramenta
2110 3738 2341 3792 novae

571 3806 610 3858 C

449 3845 670 3935 mmm,
709 3867 763 3922 1,
799 3832 998 3925 legis
1044 3831 1385 3906 habeant
1445 3831 1896 3906 efficaciam
1947 3853 1992 3905 a
2036 3832 2343 3908 Christi

798 3949 1177 4042 passione
1238 3954 1273 4019 ‘2
1339 3952 1438 4023 Et
1514 3949 1835 4025 videtur
1894 3952 2098 4045 quod
2155 3971 2342 4034 non,

492 4092 641 4142 Text.
676 4090 725 4141 2.
801 4066 990 4159 quia
1026 4071 1092 4141 5.
1166 4069 1452 4155 Mecaplz.
1498 4078 1557 4134 et
1601 4069 1669 4138 2.
1725 4070 2176 4157 physicorum
2234 4068 2347 4141 di-

475 4156 625 4207 Text.
663 4154 744 4206 37.

449 4799 673 4861 Argum.
711 4792 743 4842 2
754 4828 771 4846 .

539 4856 699 4909 Alias.

800 4181 1040 4263 citur,
1092 4183 1297 4275 quod
1343 4184 1562 4252 Causa
1610 4187 1685 4250 in
1748 4197 1897 4251 actu
1960 4197 2021 4252 et
2078 4187 2351 4271 effectus

800 4302 873 4366 in
911 4312 1063 4367 acta
1101 4302 1302 4367 simul
1365 4311 1540 4381 sunt,
1617 4312 1678 4367 et
1742 4322 1878 4367 non
1939 4312 2145 4381 sunt,·
2214 4299 2345 4372 sed

797 4414 1070 4506 passio
1107 4413 1415 4489 Christi
1466 4434 1626 4488 non
1666 4420 1791 4489 est
1833 4414 1912 4486 in
1948 4421 2131 4489 actu
2171 4441 2186 4495 ;
2230 4436 2354 4501 er-

801 4547 903 4620 go
981 4550 1123 4604 nec
1201 4530 1542 4603 effectus
1625 4531 1919 4625 aliquis
1984 4531 2063 4604 in
2116 4533 2348 4611 actu;

800 4664 1028 4736 erg0,
1083 4649 1234 4719 etc.

899 4765 1127 4845 Item,
1166 4769 1308 4838 aut
1340 4763 1438 4836 ab
1473 4764 1636 4846 illa,
1673 4768 2060 4858 tanquam
2093 4768 2116 4791 ¹*
2153 4785 2355 4857 prae-

448 4919 775 4985 pmmdi„‚
806 4878 984 4951 visa
1024 4878 1324 4961 futura,
1408 4883 1549 4953 aut
1607 4883 1695 4952 ut
1747 4879 2149 4962 exhibita;
2194 4901 2355 4953 non

810 4996 1077 5088 primo
1139 4997 1400 5079 modo,
1441 4995 1628 5088 quia
1663 5000 1850 5069 tunc
1903 4997 2356 5089 potuissent

811 5119 1340 5189 Sacramenta
1369 5114 1675 5188 veteris
1721 5113 1926 5206 legis
1978 5113 2357 5186 habuisse
2481 5138 2488 5145 ·

806 5232 1253 5307 efficaciam
1306 5253 1685 5326 peream,
1745 5237 2111 5324 tempore
2142 5230 2358 5303 enim
2475 5236 2486 5241 ’

807 5351 1025 5424 illius
1090 5350 1288 5442 legis
1316 5351 1465 5423 *illa
1502 5349 1777 5443 passio
1811 5346 1963 5424 fuit
1997 5349 2354 5443 praevisa

800 5470 878 5541 et
937 5466 1441 5560 praecredita.
1482 5468 1626 5541 Sed
1677 5486 2182 5560 consequens
2229 5470 2360 5540 est

800 5583 1397 5668 inconvenienS,
1456 5584 1643 5676 quia
1685 5584 2119 5658 secundum
2156 5589 2360 5660 San-

1944 397 2092 468 LlB.
2142 401 2242 467 lv,
2290 396 2887 469 SENTENTIARUM

2443 571 2642 650 ctos,
2750 567 2896 640 illa
2998 570 3318 642 tantum
3397 566 3918 660 promittebant

2442 684 2823 777 gratiam.
2895 687 3077 757 Non
3165 690 3253 759 ut
3331 685 3709 769 exhibita,
3785 689 3931 780 quia

2441 803 2634 874 tunc
2737 801 3209 894 Baptismus
3291 804 3371 875 et
3473 801 3933 877 Eucharistia

2442 936 2602 988 non
2662 915 3052 992 haberent
3093 917 3538 993 efficaciam
3583 939 3722 1012 per
3748 939 3931 1002 eam;

2443 1036 2679 1105 erant
2738 1032 2953 1107 enim
3032 1034 3416 1111 instituta
3493 1041 3679 1111 ante
3729 1036 3935 1132 passi·

2447 1170 2680 1223 onem
2740 1150 3072 1234 Christi,
3121 1156 3208 1226 ut
3268 1152 3572 1245 patebit
3623 1152 3933 1230 inferius.

2537 1269 2766 1350 Item,
2802 1270 2946 1341 aut
2985 1268 3083 1340 ab
3124 1268 3265 1341 illa
3305 1274 3689 1362 tanquam
3731 1291 3772 1342 a
3798 1294 3936 1346 cau-

2449 1400 2539 1453 sa
2606 1380 3067 1476 principali,
3113 1388 3254 1457 aut
3310 1387 3697 1479 tanquam
3744 1389 3939 1461 meri·

2448 1498 2692 1570 toria.
2782 1501 2963 1571 Non
3067 1499 3334 1592 primo
3447 1502 3702 1583 modo,
3796 1504 3940 1595 quia

2447 1614 2651 1687 nihil
2695 1617 2968 1708 potest
3008 1638 3186 1690 esse
3237 1639 3487 1692 causa
3517 1620 3944 1713 principalis

2451 1731 2984 1819 Sacramenti,
3024 1732 3180 1805 nisi
3233 1733 3437 1827 quod
3484 1736 3747 1826 potest
3805 1757 3945 1810 esse

2449 1867 2695 1920 causa
2747 1848 3224 1942 principalis
3285 1850 3628 1925 effectus
3688 1852 3948 1944 signifi-

2448 1965 2611 2038 cati
2674 1984 2820 2057 per
2880 1969 3538 2050 Sacramentum;
3630 1970 3759 2041 sed
3833 1970 3950 2042 hoc

2446 2099 2605 2152 non
2658 2085 2930 2174 potest
2986 2103 3189 2165 esse,
3251 2084 3413 2155 nisi
3484 2086 3707 2158 solus
3776 2088 3946 2159 Deus

2449 2195 2937 2273 immediate.
3029 2199 3208 2272 Non
3295 2201 3641 2274 secundo
3732 2205 3941 2282 modo.

2451 2313 2640 2405 quia
2671 2316 3046 2405 respectu
3083 2316 3377 2407 gratiae
3408 2317 3634 2389 nulla
3663 2323 3782 2393 est
3808 2339 3945 2391 cau·

2450 2441 2540 2493 sa
2598 2422 3071 2503 meritoria;
3118 2423 3185 2495 si
3236 2424 3451 2497 enim
3483 2429 3611 2500 est
3669 2450 3750 2494 ex
3791 2431 3946 2494 meri·

2454 2540 2558 2618 tis,
2612 2539 2761 2627 jam
2791 2562 2925 2606 non
2982 2562 3066 2606 ex
3101 2544 3350 2627 qratia,
3391 2542 3625 2614 Rom.
3657 2545 3724 2615 9.

2543 2652 2773 2733 Item,
2828 2654 2895 2727 si
2930 2654 3029 2727 ab
3068 2653 3345 2748 aliqua
3388 2657 3782 2750 passione,
3831 2658 3950 2731 hoc

2455 2769 2806 2843 maxime
2836 2769 3125 2846 fuisset
3168 2793 3215 2844 a
3255 2772 3586 2847 laterali
3637 2775 3950 2854 vulnere.

2455 2903 2603 2976 per
2660 2883 2852 2959 illud
2949 2888 3384 2979 Augustini
3454 2892 3562 2964 15.
3642 2894 3721 2960 de
3784 2896 3952 2960 Civit.

2451 3014 2508 3059 c.
2565 2993 2676 3065 26.
2752 2992 2882 3065 ubi
2934 2993 3301 3086 loquitur
3366 2997 3458 3070 de
3539 3017 3732 3070 arca
3790 3001 3952 3080 Noe,

2451 3105 2721 3182 dicens
2784 3110 2989 3202 quod
3058 3116 3314 3181 Ostium
3381 3118 3456 3183 in
3523 3118 3727 3183 latere
3790 3139 3956 3196 arcoe,

2449 3233 2748 3317 profecto
2788 3231 2966 3298 illud
3012 3244 3105 3300 est
3177 3235 3442 3315 vulnus,
3512 3237 3771 3323 quando
3821 3238 3965 3303 zaim

2461 3349 2798 3432 Crucifiaei
2866 3353 3290 3438 perforatum
3364 3365 3457 3420 est
3552 3355 3793 3425 lancea.
3863 3354 3968 3419 Hoc

2456 3466 2700 3555 quippe
2729 3465 2821 3532 ad
2857 3466 3053 3533 illum
3110 3469 3447 3535 venientes
3499 3471 3959 3559 inyrediuneum

2458 3581 2615 3667 qnia
2674 3581 2833 3647 inde
2901 3584 3338 3651 Sacramenta
3401 3599 3779 3671 manarunt,
3840 3588 3961 3673 qni-

2458 3696 2573 3763 bus
2600 3697 2937 3765 credentes
2965 3702 3350 3768 initiantur.
3383 3702 3529 3774 Sed
3552 3701 3651 3774 ab
3684 3703 3815 3776 illo
3836 3703 3971 3775 vul·

2459 3830 2652 3883 nere
2731 3831 2889 3883 non
2985 3818 3247 3904 potest
3325 3816 3650 3910 aliquod
3719 3822 3960 3893 Sacra·

2463 3931 2819 4000 mentum
2891 3926 3190 4004 habere
3246 3930 3965 4027 efficaciam;e1·go.

2459 4045 2611 4115 etc.
2689 4044 3071 4118 Probatio
3125 4048 3492 4132 minoris,
3568 4052 3753 4144 quia
3807 4050 3965 4123 illud

2460 4158 2754 4233 vulnus
2814 4159 2964 4235 fuit
3037 4164 3433 4239 inflictum
3477 4168 3967 4261 corporijam

2465 4282 2819 4361 mortuo,
2850 4284 2939 4353 ut
2984 4285 3206 4373 patet
3236 4284 3468 4356 Joan.
3513 4287 3622 4357 19.
3660 4289 3761 4354 Ad
3788 4289 3964 4353 lesum

2462 4406 2678 4460 antem
2721 4417 2869 4463 cum
2945 4401 3297 4480 venissent,
3368 4412 3427 4467 et
3486 4403 3802 4470 vidissent
3848 4408 3966 4490 jam

2463 4523 2819 4592 mortuum,
2900 4515 3051 4585 etc.
3137 4515 3270 4587 sed
3337 4536 3633 4609 corpus
3703 4513 3966 4593 Christi

2468 4629 2652 4718 post
2686 4633 3036 4703 mortem
3087 4652 3248 4704 non
3305 4620 3516 4708 erat'
3546 4655 3792 4709 causa
3835 4654 3962 4708 me-

2470 4741 2768 4816 ritoria
2800 4746 3148 4841 alicujus
3191 4752 3507 4842 gratiae.

2558 4864 2887 4943 Contra,
2945 4865 3514 4960 multipliciter
3567 4870 3647 4943 in
3696 4872 3960 4949 littera.

2468 4979 2549 5048 et
2581 4977 3081 5069 Augustinus
3112 4985 3195 5052 de
3236 4989 3544 5068 Civitate,
3582 4988 3718 5062 ubi
3752 4987 3961 5082 prius.
4047 5086 4048 5091 Ν

2916 5184 3551 5256 COMMENTARIUS

2562 5358 2649 5447 (a)
2695 5361 2894 5429 Circa
2927 5364 3100 5432 lianc
3137 5368 3664 5459 distinctionem,
3700 5389 3814 5443 etc.
3847 5373 3964 5438 Haec

2473 5472 2803 5544 distinctio
2857 5479 2922 5547 iu
2971 5481 3133 5550 duas
3191 5500 3406 5572 partes
3460 5491 3840 5580 principales
3888 5486 3962 5552 di·
3999 5486 4094 5609 dg?

2471 5591 2739 5677 viditur‚
2794 5617 3065 5686 quarum
3107 5598 3318 5689 prima
3370 5607 3505 5696 agit
3553 5608 3634 5676 de
3698 5604 3962 5676 instituti·
