4255 6375
627 414 772 495 2303

652 600 800 667 quae
841 576 1163 666 primario*
1191 575 1456 664 respicit
1490 573 1769 666 gratiam
1806 600 1820 655 ;
1871 571 2198 661 significa·

1845 411 1991 474 LIB.
2023 410 2124 473 IV.
2156 409 2580 473 SENTENTIA
2590 408 2752 475 RUM

2313 571 2582 661 lagiani‚
2620 585 2692 641 ut
2730 585 2985 642 constat
3014 595 3095 641 ex
3137 572 3503 661 Augustino
3537 571 3649 640 lib.
3687 578 3750 643 1.
3785 570 3873 641 de
3913 586 4128 643 commit

319 698 630 750 sacramen·
658 697 751 763 tio
806 708 1021 763 autem
1082 694 1614 762 circumcisionis
1671 705 1735 759 et
1802 690 2201 758 Sacramenti
2313 703 2564 778 peceat.
2601 695 2828 760 merit.
2865 705 2926 759 et
2963 694 3219 760 remiss.
3250 714 3394 778 cap.
3429 698 3542 760 17.
3583 696 3687 758 ΞΟ.
3756 696 3868 760 30.
3948 657 4106 720 nepoti.

421 766 530 811 tum

365 822 581 895 respiqit
660 813 1011 903 cujuslibet
1079 813 1141 877 in
1211 812 1448 897 specie,
1505 831 1584 876 ex
1654 810 1784 875 fine
1851 808 2207 875 intrinseco
2318 821 2382 875 et
2409 808 2571 875 alias
2613 830 2817 897 saepe.
2874 815 3056 880 Patet
3097 831 3177 877 ex
3219 810 3518 898 symbolo
3558 813 3872 877 Constan-

346 887 499 936 flnem
527 900 602 934 m-

320 948 626 1000 trinsecum.
661 928 932 1018 respicit
1024 949 1216 996 suum
1295 928 1597 994 effectum
1671 925 2202 1004 determinatum,

379 1443 594 1509 Duplex

665 1066 752 1112 ex
790 1044 922 1111 fine
986 1065 1144 1111 vero
1195 1044 1671 1111 concomitante
1709 1054 1773 1108 et
1808 1041 2202 1118 extrinsec0‚

676 1299 790 1364 per
827 1299 1020 1365 quam
1061 1277 1275 1345 datur.

757 1393 851 1459 Ad
917 1395 1233 1460 rationem
1273 1404 1489 1459 autem
1553 1390 1890 1457 dubitandi
1942 1409 2213 1476 respon·

319 1508 556 1558 volunta·
590 1506 643 1556 in
669 1509 880 1589 detur,
924 1508 1248 1595 duplicem
1295 1529 1440 1573 esse
1496 1507 1898 1572 voluntatem
1950 1507 2014 1572 in
2054 1510 2210 1585 Deo,

406 1571 537 1622 Deo.

329 2312 649 2384 Significatiq

328 2382 650 2431 Sacramenu

667 1625 859 1692 aliam
929 1625 1394 1703 universalem,
1466 1623 1656 1689 aliam
1730 1622 2210 1709 particularem,

669 1740 858 1808 aliam
904 1739 1079 1819 finis,
1123 1739 1316 1805 aliam
1359 1739 1577 1805 medii.
1626 1737 2033 1803 Universalis
2083 1757 2220 1802 res·

673 1856 829 1943 picit
865 1855 1144 1945 gratiam
1224 1856 1438 1943 primo
1486 1880 1500 1935 ;

673 1973 1181 2040 summotionem
1224 1971 1697 2059 impedimenti,
1734 1969 1924 2058 quale
1954 1981 2051 2035 est
2077 1990 2221 2056 pec-

2322 926 2749 1012 tinopolitano
2794 950 2809 993 ·.
2869 929 3210 1011 Confiteor
3258 948 3460 994 unum
3527 929 3878 1014 Baptisma

2323 1046 2393 1110 in
2443 1046 2899 1111 remissionem
2954 1055 3402 1131 peccalorum,
3449 1058 3578 1112 etc.
3643 1057 3704 1111 et
3762 1045 3874 1112 hic

666 1162 970 1250 gratiam,
1021 1181 1170 1229 cum
1212 1182 1337 1248 qua
1372 1160 1564 1227 habet
1605 1158 2103 1237 connexionem,
2148 1166 2213 1222 et
2323 1163 2464 1250 ejus
2506 1163 2777 1230 effectus
2816 1165 3209 1251 exprimitur
3245 1164 3339 1230 ad
3407 1165 3626 1230 Titum
3677 1168 3739 1231 3.
3787 1163 3883 1229 ad

2329 1279 2660 1346 Colossen.
2704 1283 2767 1346 Ξ.
2806 1291 2866 1346 et
2898 1287 2962 1347 1.
2997 1281 3185 1346 Petri
3210 1285 3271 1346 1.
3301 1279 3394 1346 ad
3422 1281 3768 1366 Ephesios.
3808 1282 3874 1349 5.

2418 1394 2579 1461 Hinc
2626 1395 2819 1462 etiam
2882 1399 3102 1462 Patres
3169 1408 3405 1463 vocant
3474 1395 3880 1482 Baptismum
4013 1469 4070 1517 56

2332 1520 2603 1576 mortem
2648 1510 2914 1598 peccati,
2952 1524 3022 1578 ut
3058 1514 3180 1577 Leo
3231 1515 3398 1598 Papa
3451 1512 3644 1597 epist.
3701 1516 3767 1576 4.
3820 1523 3883 1577 et
3912 1531 4156 1600 Raptam

3955 1602 4123 1658 pmii.

2332 1621 2393 1682 5.
2439 1617 2529 1682 ad
2587 1618 2945 1704 Episcopos
3006 1640 3129 1705 per
3193 1620 3543 1700 Sieiliam‚·
3602 1620 3881 1705 primam
3916 1657 4153 1720 Lenem.

2334 1742 2479 1820 post
2521 1732 2931 1819 naufragium
2976 1734 3264 1801 tabulam
3306 1756 3388 1802 ex
3442 1735 3551 1801 illo
3589 1742 3649 1802 1.
3709 1737 3888 1804 Petri

1584 1853 1993 1944 particularis
2059 1872 2218 1918 vero
2332 1854 2395 1917 3.
2451 1849 2639 1928 Quod
2686 1863 2747 1919 ec
2777 1873 2887 1917 vos
2917 1854 3165 1919 similis
3208 1856 3435 1939 forma
3470 1854 3691 1920 salvos
3717 1856 3890 1939 secie
3927 1858 4139 1968 &gg-iffi

2335 1971 2702 2057 Baptisma,
2777 1979 2899 2035 etc,

3939 1718 4140 1781 orem

3948 1784 4130 1844 Angusti-

3002 1970 3320 2058 Origenes
3399 1972 3574 2039 hom.
3656 1976 3718 2038 Ξ.
3817 1975 3892 2038 in
3965 1945 4154 2020 niueas

677 2102 915 2170 catum,
955 2089 1049 2157 sic
1088 2090 1280 2157 etiam
1332 2088 1638 2156 voluntas
1696 2091 1864 2176 ejuS,
1938 2107 2064 2173 qua
2122 2096 2224 2152 est
2333 2108 2479 2172 cap.
2524 2089 2588 2153 6.
2630 2085 2920 2164 Genesis,
2960 2087 3373 2173 Augustinus
3404 2087 3519 2153 lib.
3583 2091 3686 2153 12.
3723 2110 3892 2154 eon-

673 2205 849 2286 finis,
931 2207 1194 2293 respicit
1260 2204 1560 2292 gratiam,
1641 2223 1768 2292 qua
1843 2213 1941 2269 est
1994 2201 2216 2281 medii,

673 2322 1063 2389 ablationem
1109 2322 1374 2409 peccati.
1431 2320 1761 2388 Institutio
1792 2319 2216 2399 Sacramenti,

2336 2214 2442 2268 tra
2473 2202 2810 2281 Faustum,
2849 2224 2995 2290 cap.
3036 2207 3139 2269 14.
3180 2208 3288 2270 15.
3326 2207 3443 2271 38.
3488 2207 3600 2271 39.
3654 2216 3714 2271 et
3770 2206 3890 2272 lib.

2334 2321 2442 2385 29.
2480 2340 2624 2405 cap.
2668 2321 2770 2384 12.
2826 2320 3180 2405 Gregorius
3238 2321 3413 2385 hom.
3481 2323 3556 2385 12
3599 2321 3675 2386 in
3723 2322 3901 2389 Eze-

327 2441 649 2507 specificatur
676 2454 740 2508 et
779 2441 924 2529 ejus
983 2439 1378 2526 significatio
1439 2437 1852 2524 specificatur
1899 2458 1932 2502 a
1982 2436 2224 2502 volun-
2336 2435 2636 2516 chielen„
2695 2434 3133 2521 Hieronymus
3199 2439 3254 2500 1.
3307 2446 3543 2501 eontra
3586 2437 3903 2503 Iovinia-

327 2521 359 2555 ιι
385 2504 649 2553 voluntate

331 2563 649 2632 particulari.
675 2571 807 2624 tate
863 2556 1260 2644 particulari,
1307 2567 1371 2622 et
1434 2553 1626 2620 medii
1671 2553 2044 2635 intrinsece,
2108 2574 2223 2620 ex·
2339 2572 2500 2617 num
2539 2553 2729 2638 epist.
2767 2556 2874 2618 57.
2950 2553 3021 2617 in
3073 2551 3341 2640 dialoyo
3389 2565 3620 2620 contra
3693 2555 3902 2620 Luci-

676 2673 960 2740 trinsece
1018 2694 1175 2741 vero
1224 2692 1258 2738 a
1326 2671 1661 2739 voluntate
1727 2671 2106 2750 universali,
2163 2684 2228 2737 et
2335 2671 2675 2756 serianos;
2712 2689 2868 2754 ergo
2900 2667 3259 2734 liberatioa
3292 2681 3554 2757 peccato
3621 2672 3910 2759 ejusque

371 2929 614 3042 Prggitio

374 3051 620 3123 conclusi-

437 3129 566 3165 ome.

415 3713 599 3761 Forma

376 3772 622 3844 Baptismi

371 3836 525 3888 datur
582 3852 636 3885 m

386 3897 621 3948 remissi-

424 3975 571 4011 onem

387 4028 626 4090 peccato-

430 4100 547 4135 rum
557 4125 569 4138 .

346 4310 633 4429 tamt:

380 5137 603 5190 eoncilia

374 5202 638 5253 Africana.

382 5263 623 5318 Trident.

679 2790 872 2858 etiam
916 2789 1290 2877 particulari
1342 2787 1516 2867 finis,
1552 2808 1700 2875 quse
1741 2801 1840 2854 est
1869 2789 2102 2875 gratia,

766 2907 879 2973 His
913 2907 1165 2994 positis,
1196 2905 1508 2988 probatur
1539 2905 1873 2971 conclusio
1891 2906 2214 2976 Doctoris:

684 3033 785 3090 est
832 3034 1047 3089 autem
1089 3020 1550 3102 controversia,
1598 3032 1668 3087 ut
1729 3019 2085 3106 plurimum
2153 3021 2232 3086 de

680 3142 1101 3208 Sacramento
1142 3136 1442 3203 instituto
1481 3147 1704 3205 contra
1752 3147 2112 3224 peccatum,
2153 3147 2225 3204 ut

683 3256 764 3323 de
786 3254 1138 3341 Baptism0,
1165 3253 1696 3333 Circumcisione,
1720 3253 2134 3337 Paenitentia,
2166 3254 2231 3318 in

676 3371 916 3461 quibus
944 3370 1193 3457 tplures
1233 3381 1475 3456 negant
1512 3369 2058 3457 significationem
2119 3371 2233 3435 Sa·

684 3488 999 3555 eramenti
1051 3488 1116 3552 in
1159 3498 1361 3569 recto,
1396 3507 1543 3553 esse
1588 3486 2045 3554 remissionem
2080 3508 2234 3573 pec-

686 3602 835 3685 cati,
918 3602 1027 3670 sed
1107 3603 1383 3690 gratiam
1470 3601 1882 3670 remissivam
1955 3603 2228 3689 peccati,

688 3730 1004 3807 quantum
1046 3730 1146 3785 est
1181 3717 1262 3784 de
1309 3739 1402 3786 se.
1462 3719 1844 3805 Oppositum
1903 3719 2237 3806 colligitur

688 3835 899 3923 primo
937 3834 1016 3901 de
1050 3833 1408 3920 Baptism0,
1447 3835 1596 3924 quia
1654 3834 1897 3901 ablutio
1971 3849 2033 3902 et
2102 3856 2237 3902 ma-

686 3951 848 4019 teria
913 3950 1323 4037 baptismalis
1381 3949 1547 4018 illud
1610 3950 1942 4038 significat
1998 3952 2234 4039 prim0‚

688 4069 857 4157 quod
908 4068 1377 4135 determinatur
1424 4090 1540 4155 per
1587 4069 1858 4135 formam
1900 4070 2235 4156 Baptismi,

688 4185 799 4253 sed
871 4183 1077 4251 forma
1119 4183 1431 4271 Baptismi
1462 4182 1748 4250 daturin
1789 4184 2244 4253 remissionem

689 4313 1098 4390 peccatorum
1147 4322 1228 4367 ex
1274 4300 1713 4387 Diospolitano
1750 4311 1880 4367 arc.
1936 4305 1997 4367 5.
2056 4302 2241 4369 Mile-

687 4420 909 4487 vitano
946 4442 1092 4506 cap.
1128 4423 1192 4487 Ξ.
1230 4418 1358 4487 illis
1399 4419 1618 4487 verbis
1655 4442 1668 4485 :
1712 4417 1896 4485 Unde
1960 4421 2037 4503 lit
2083 4441 2241 4486 eon-

687 4557 980 4625 sequens,
1027 4548 1098 4601 ut
1146 4538 1220 4602 in
1258 4538 1353 4602 eis
1384 4534 1408 4624 (
1438 4534 1672 4622 supple
1703 4536 1996 4622 parvulis
2033 4536 2057 4624 )
2093 4539 2240 4615 for-

690 4675 802 4720 ma
866 4654 1282 4740 baptismatis
1348 4655 1421 4719 in
1494 4653 1950 4720 remissionem
2013 4675 2242 4740 pecca—

691 4782 931 4851 torum,
949 4790 1085 4836 non
1109 4790 1277 4849 vere,
1308 4768 1423 4835 sed
1442 4770 1619 4853 salso
1640 4768 2082 4855 intelligatur,
2111 4781 2236 4839 etc.

689 4905 926 4972 nempe
954 4886 1009 4951 si
1048 4896 1392 4952 traxerunt
1422 4895 1759 4972 peccatum
1798 4885 2118 4973 originale
2161 4906 2243 4953 ex

693 5000 904 5089 primo
944 5013 1232 5089 parente.

780 5117 896 5185 Hic
926 5118 1098 5186 idem
1138 5138 1347 5186 canon
1388 5129 1764 5205 resumptus
1795 5129 1894 5186 est
1939 5140 1974 5186 a
2004 5121 2238 5187 Conci-

694 5234 800 5301 liis
848 5232 1195 5316 AfricaniS,
1252 5245 1315 5301 et
1362 5235 1723 5302 novissime
1774 5257 1810 5302 a
1860 5235 2240 5304 Tridentino

691 5371 846 5417 sess.
885 5355 947 5419 5.
994 5352 1076 5418 de
1100 5365 1367 5438 peccato
1431 5353 1761 5439 oriqinali
1801 5374 1967 5420 cam.
2039 5358 2103 5420 4.
2177 5364 2241 5420 et

699 5466 976 5535 habetur
1006 5467 1290 5558 capitulo
1317 5470 1598 5557 placuit,
1637 5473 1720 5539 de
1749 5473 2242 5538 consecratione

695 5584 853 5654 dist.
889 5593 954 5655 4.
1000 5590 1080 5654 Et
1115 5586 1242 5656 hoc
1276 5597 1667 5675 argumento
1698 5587 1902 5675 pressi
1936 5597 2087 5656 sunt
2118 5590 2238 5656 Pe-

2341 2787 2704 2874 naufragio,
2774 2799 2874 2853 est
2929 2807 3241 2874 expressa
3286 2787 3682 2875 significatio
3738 2793 3905 2878 Bap-

2342 2904 2517 2970 tismi
2559 2904 2624 2971 in
2681 2914 2880 2982 rect0,
2944 2915 3139 2991 atque
3197 2904 3357 2971 adeo
3398 2904 3705 2993 proprius
3749 2909 3907 2995 ejus

2343 3021 2612 3086 effectus
2653 3020 2729 3085 ad
2770 3041 2963 3108 quem
3015 3020 3376 3088 ordinatur.

2432 3139 2609 3202 Patet
2649 3135 3115 3223 consequentia
3147 3157 3227 3203 ex
3258 3136 3635 3205 Florentino
3667 3137 3902 3206 decre·
3974 3157 4143 3236 Fami.

2345 3263 2410 3318 to
2444 3253 2703 3318 unionis
2739 3275 2752 3318 ε
2789 3254 3108 3339 Effectus,
3155 3255 3390 3342 inquit,
3424 3258 3624 3343 liujus
3662 3278 3902 3324 saera-
3955 3221 4150 3349 Bkssffi

2345 3369 2548 3434 menti
2595 3367 2684 3455 (id
2717 3379 2840 3448 est,
2878 3370 3225 3457 Baptismi)
3268 3382 3360 3437 est
3401 3374 3704 3439 remissio
3749 3395 3900 3439 om-

2345 3487 2452 3550 nis
2508 3485 2719 3571 enlpoe
2774 3488 3135 3573 oriqinalis
3193 3498 3253 3553 et
3317 3490 3624 3567 aeetcalis,
3673 3493 3903 3557 omnis

2347 3620 2602 3688 quoque
2636 3622 2868 3687 poenoe,
2907 3625 3050 3691 quae
3076 3625 3201 3691 pro
3262 3606 3408 3690 ipsa
3463 3607 3662 3693 eulpa
3700 3607 3904 3677 debe·

2349 3730 2477 3796 tur,
2525 3729 2648 3785 etc.
2694 3718 2818 3785 Sed
2878 3720 3147 3788 effectus
3195 3724 3591 3792 Sacramenti
3663 3738 3766 3794 est
3815 3728 3904 3794 si·

2349 3832 2731 3920 gnificatum
2784 3834 2851 3900 in
2893 3846 3066 3903 recto
3097 3838 3264 3925 ejuS,
3301 3858 3425 3925 qua
3467 3841 3753 3927 practice
3809 3843 3907 3910 si-

2350 3948 2657 4037 gnificat3
2704 3971 2863 4038 ergo
2929 3952 3233 4020 remissio
3289 3956 3533 4042 peccati
3593 3968 3692 4025 est
3765 3958 3903 4027 illa.

2352 4069 2576 4154 Neque
2615 4080 2715 4135 est
2743 4067 3115 4149 dicendum,
3162 4074 3330 4160 quod
3363 4074 3725 4142 Concilium
3771 4098 3905 4145 uon

2352 4181 2633 4269 explicet
2670 4184 2974 4253 effectum
3021 4188 3354 4275 proprium
3396 4202 3460 4257 et
3509 4191 3905 4278 primarium

2353 4302 2465 4387 qui
2533 4301 2841 4368 convenit
2898 4305 3316 4374 Sacramento
3367 4306 3434 4373 in
3491 4320 3693 4390 rect0,
3749 4331 3906 4379 cum

2353 4420 2691 4489 definitive
2721 4435 2785 4489 et
2823 4443 2903 4489 ex
2946 4422 3244 4491 instituto
3285 4422 3568 4492 declaret
3616 4429 3762 4516 eJus
3805 4448 3911 4496 es-

2355 4538 2655 4618 sentiam,
2711 4537 2881 4605 sicut
2917 4549 2982 4605 et
3040 4538 3107 4605 in
3156 4538 3302 4607 aliis
3345 4540 3789 4613 Sacramentis
3845 4541 3907 4610 id

2354 4666 2617 4742 praestat
2646 4676 2761 4741 per
2792 4656 3092 4724 effectum
3133 4659 3493 4746 proprium.

2440 4772 2661 4858 Neque
2699 4771 2874 4839 valet
2910 4771 3171 4854 solutio,
3211 4772 3266 4840 si
3305 4772 3483 4841 dicas
3526 4795 3674 4841 cum
3725 4775 3903 4853 aliis.

2352 4888 2628 4977 gratiam
2671 4888 3083 4956 remissivam
3125 4890 3368 4976 peccati
3399 4890 3707 4981 intelligi,
3742 4897 3902 4983 quia

2350 5006 2565 5073 omnis
2604 5006 2816 5094 gratia
2846 5027 2925 5073 ex
2978 5028 3048 5073 se
3087 5006 3283 5075 habet
3319 5008 3906 5097 incompatibilite-

2352 5134 2481 5191 tem
2512 5144 2660 5191 cum
2694 5136 2980 5211 peccat0,
3017 5136 3080 5191 et
3110 5145 3144 5191 a
3177 5146 3594 5216 quocumque
3616 5128 3754 5211 fiat,
3784 5131 3904 5197 eti·

2349 5261 2451 5307 am
2493 5240 2664 5307 delet
2710 5252 3070 5327 peccatum,
3117 5243 3299 5310 verbi
3344 5244 3581 5331 gratia,
3631 5245 3687 5312 si
3729 5246 3900 5314 bona

2351 5356 2475 5423 fide
2532 5369 2596 5423 et
2639 5378 2787 5425 cum
2839 5359 3227 5427 contritione
3278 5361 3426 5449 quis
3498 5364 3762 5431 accedat
3818 5365 3896 5432 ad

2350 5476 2840 5543 Sacramentum
2899 5479 3353 5565 Eucharistiae,
3411 5480 3766 5548 remittitur
3841 5481 3900 5548 ei
4006 5473 4107 5549 ‚Vid‘

2350 5603 2714 5678 peccatum,
2770 5596 2959 5682 juxta
3009 5596 3524 5667 communiorem
3579 5598 3900 5667 sententi-
3976 5539 4137 5591 m
