4255 6375
1253 455 1451 517 Dts‘r.
1498 454 1597 515 IV.
1646 450 2006 529 QUAESTIO
2051 450 2126 512 V.

227 618 690 706 tiescnmque
740 614 1107 707 peccanti
1172 614 1247 684 in
1309 611 1466 691 via,
1526 610 1736 683 scili-

3273 437 3393 500 427

1853 611 2149 690 gitimam
2197 613 2262 671 et
2293 606 2721 679 fructuosam,
2767 622 2896 684 qua
2943 610 3165 664 tamen
3209 606 3412 672 caret,

222 738 327 805 Get
388 737 999 805 Saevamentum
1065 730 1607 810 l'oenitentiae3
1664 732 1742 801 et
1850 735 1923 793 ut
1961 729 2013 789 si
2059 731 2237 789 caret
2285 725 2443 799 fide,
2502 740 2632 786 non
2689 720 3024 784 credendo
3080 719 3416 797 mysteria,

223 855 386 922 tnnc
449 851 649 929 dico,
700 849 903 940 quod
949 848 1085 921 isti
1159 853 1380 940 patet
1430 847 1562 918 via
1625 866 1744 916 sa-

1852 862 2132 928 quorum
2162 841 2327 905 fides
2360 842 2665 923 exigitur,
2709 840 2815 902 vel
2850 837 3092 909 omnia,
3143 835 3249 896 vel
3297 833 3412 894 ali-

219 967 415 1047 lutiS,
491 985 634 1058 per
700 985 980 1037 veram
1045 964 1599 1057 poenitentiam
1656 964 1746 1032 de
1856 981 2007 1042 qua,
2042 961 2149 1022 vel
2180 962 2332 1038 quia
2368 959 2553 1019 deest
2587 955 2972 1036 poenitentia
3009 954 3093 1014 de
3126 951 3419 1030 peccatis

221 1084 359 1154 ista
416 1081 764 1163 fictione,
823 1081 1064 1171 juxta
1119 1081 1548 1153 secundam
1617 1100 1747 1149 nu-

223 1199 674 1271 ctoritatem
721 1199 1151 1289 Augustini
1201 1199 1651 1269 adductam.

653 1425 1290 1487 COMMENTARIUS.

293 1640 373 1721 (a)
418 1645 783 1718 Respondeo
827 1641 1010 1717 [lctus
1054 1643 1313 1713 dicitur,
1363 1647 1487 1702 etc.
1527 1644 1592 1701 ln
1634 1658 1744 1701 su-

226 1758 443 1834 periori
488 1758 845 1836 quaestione
878 1755 1014 1834 egit
1046 1755 1126 1815 de
1175 1754 1600 1831 dispositione
1645 1771 1751 1815 re-

227 1876 443 1955 quisita
485 1873 570 1935 ad
604 1874 894 1935 valorem
940 1873 1346 1936 Sacramenti
1389 1873 1456 1933 in
1500 1870 1752 1945 adultO,

227 1993 324 2071 qui
370 2000 466 2054 est
525 2004 890 2052 consensus
946 1991 1090 2069 ejus
1150 1994 1426 2063 tantum,
1472 1996 1535 2050 et
1579 1988 1750 2051 aliud

227 2124 341 2167 non
382 2108 661 2185 requiri3
713 2112 895 2184 patet
954 2122 1036 2167 ex
1094 2105 1304 2175 dictis,
1362 2111 1426 2166 et
1470 2106 1753 2181 amplius

227 2223 458 2300 patebit
510 2220 677 2284 infra
740 2222 822 2284 de
889 2224 1219 2300 Baptismo
1279 2223 1753 2291 haereticorum,

229 2344 435 2402 eontra
477 2343 896 2411 sententiam,
959 2355 1104 2418 quae
1146 2337 1261 2401 fuit
1309 2338 1615 2417 Cypriani
1644 2358 1659 2412 ;
1693 2337 1757 2399 in

228 2456 335 2515 hac
376 2461 597 2518 autem
641 2459 777 2534 agit
826 2453 908 2515 de
950 2459 1265 2533 requisita
1333 2457 1760 2533 dispositione

228 2572 434 2645 adulti,
491 2581 562 2635 ut
617 2575 890 2649 recipiat
962 2575 1271 2636 effectum
1329 2573 1755 2642 sacramenti,

230 2690 328 2765 qui
383 2694 482 2751 est
528 2686 909 2769 Juslificatio
976 2692 1120 2770 ejus
1165 2707 1202 2751 a
1259 2694 1553 2769 peccato.
1617 2693 1759 2750 llaec

231 2821 373 2884 ergo
431 2808 700 2885 quaestio
774 2809 1054 2885 explicat
1138 2809 1347 2886 primo
1432 2806 1593 2884 quid
1678 2806 1760 2866 sit

231 2920 423 2993 fictio;
485 2924 776 2986 secundo
836 2923 1169 3002 quomodo
1232 2922 1513 2996 tollatur,
1568 2923 1758 3002 Juxta

232 3042 427 3102 varios
467 3042 706 3103 modos
740 3042 1024 3104 dicendi.

155 3201 213 3258 ω,
304 3160 630 3235 Quantum
672 3158 758 3221 ad
797 3161 1082 3237 primum
1128 3159 1296 3234 dice,
1328 3161 1654 3237 fictionem
1697 3165 1764 3220 ut

155 3278 296 3373 disin
349 3278 595 3340 actibus
656 3279 960 3339 humanis
1006 3282 1328 3340 invenitur
1381 3297 1510 3341 esse
1555 3283 1620 3339 in
1667 3294 1764 3349 eo,

154 3395 202 3437 ’ῑ-
238 3398 397 3469 quod
423 3396 666 3472 alz‘quis
717 3397 1005 3456 exterius
1043 3397 1429 3472 praetendat,
1477 3402 1588 3456 aut
1631 3413 1768 3472 prae

234 3529 293 3570 se
328 3512 515 3585 ferat,
549 3516 726 3589 quod
770 3515 1039 3575 interius
1087 3531 1212 3574 non
1256 3514 1467 3582 habet,
1524 3520 1649 3572 etc.
1699 3514 1761 3572 in

233 3627 432 3689 verbis
486 3628 725 3692 dicitur
785 3627 1226 3701 mendacium,
1314 3630 1378 3689 in
1451 3629 1766 3706 operibus

232 3746 567 3818 simulatiO,
641 3753 707 3808 et
755 3748 887 3808 haec
948 3763 1028 3808 ex
1087 3762 1212 3807 usu
1269 3747 1763 3826 Theologorum

234 3865 586 3941 appellatur
622 3866 816 3942 siccin,
868 3881 1011 3942 quae
1057 3863 1301 3941 duplex
1352 3881 1501 3926 esse
1551 3869 1769 3940 potest

235 3987 537 4056 quantum
580 3980 664 4042 ad
723 3996 1042 4058 praesens.
1103 3982 1312 4043 Primo
1369 3987 1440 4041 ut
1493 3980 1767 4041 interius

238 4098 437 4158 nullus
507 4100 590 4160 sit
658 4114 1022 4160 consensus
1103 4097 1462 4174 recipiendi
1536 4099 1760 4157 Sacra·

155 4202 450 4286 io-rnenti,
497 4212 681 4293 quod
759 4214 1046 4275 exterius
1122 4213 1386 4274 simulat
1441 4215 1763 4289 recipere,

236 4332 330 4391 vel
373 4339 550 4395 certe
597 4337 679 4396 sit
710 4333 1047 4393 dissensus
1079 4331 1372 4391 internus
1418 4330 1762 4400 absolute;

238 4451 294 4503 et
323 4448 482 4520 talis,
530 4448 765 4527 inquit,
813 4461 946 4506 non
987 4447 1218 4520 recipit
1271 4447 1766 4506 Sacramentum

236 4562 458 4638 valide,
542 4569 617 4626 ut
686 4565 753 4625 in
827 4561 1223 4640 praecedenti
1308 4562 1556 4624 dictum
1642 4570 1765 4637 est,

241 4685 518 4758 quamvis
565 4685 646 4745 ab
702 4683 989 4744 Ecclesia
1038 4688 1313 4761 cogatur
1376 4682 1460 4742 ad
1539 4683 1765 4745 obser-

241 4801 506 4861 vantiam
536 4799 717 4872 fidei,
767 4800 917 4877 quia
963 4800 1376 4877 praesumitur
1424 4816 1505 4861 ex
1551 4802 1768 4862 verbis

243 4919 300 4974 et
326 4914 506 4978 factis
553 4929 943 4985 consensuS,
997 4917 1109 4993 qui
1153 4915 1356 4977 debet
1400 4917 1640 4988 inesse,
1705 4924 1769 4977 et

247 5048 363 5093 non
395 5033 812 5095 contrarium.

154 5183 164 5213 >
318 5148 613 5209 Secundo
665 5147 862 5209 modo
907 5150 1181 5209 sumitur
1233 5148 1428 5223 fictio,
1495 5163 1574 5209 ex
1645 5164 1771 5209 usu

155 5248 184 5340 5⁰
249 5267 574 5337 praesentis
608 5263 1004 5344 quaestioniS,
1040 5271 1104 5324 et
1133 5267 1456 5327 sententia
1492 5272 1617 5327 tarn
1651 5266 1764 5325 Pa-

154 5374 167 5467 ζ
250 5383 406 5438 trum
459 5398 653 5460 quam
717 5379 1226 5454 Theologorum,
1292 5384 1619 5458 quatenus
1675 5388 1773 5444 est

154 5483 212 5542 5²·
249 5493 306 5555 in
335 5495 740 5560 simulatione
794 5510 1105 5576 congruae
1151 5496 1594 5573 dispositionis
1651 5515 1774 5561 seu

252 5614 556 5691 requisitae
584 5613 666 5675 ad
697 5613 1190 5690 susceptionem
1228 5612 1631 5675 Sacramenti
1673 5614 1770 5677 le-

1855 1087 2006 1141 ante
2038 1081 2445 1155 Baptismum
2492 1074 2879 1144 commissis,
2934 1071 3039 1131 vel
3084 1072 3259 1130 certe
3294 1068 3417 1129 eti-

1862 1200 2025 1260 amsi
2098 1195 2349 1256 nullum
2415 1193 2690 1253 mortale
2757 1190 2916 1251 alias
2990 1186 3414 1255 commiserit,

1859 1313 1963 1374 vel
2015 1315 2067 1373 si
2130 1310 2550 1382 commiserit,
2607 1323 2739 1369 non
2785 1306 2999 1368 solum
3048 1300 3415 1367 omittendo

1861 1428 2338 1506 poenitentiam,
2406 1424 2527 1485 sed
2598 1427 2789 1485 etiam
2851 1426 3004 1482 actu
3067 1416 3410 1497 peccando

1863 1544 2226 1606 mortaliter
2268 1543 2331 1602 in
2362 1544 2504 1618 ipsa
2534 1540 2960 1617 susceptione
3011 1536 3417 1598 sacramenti

1862 1663 2096 1739 peccat
2130 1658 2214 1719 de
2246 1674 2440 1718 nove.

1945 1773 2038 1855 (b)
2099 1776 2256 1835 Dico
2299 1780 2449 1834 tunc
2498 1775 2655 1847 quia
2698 1770 3011 1830 nolentem
3067 1772 3235 1828 Deus
3288 1784 3419 1827 non

1855 1895 2196 1973 justificat,
2257 1896 2383 1952 etc.
2460 1888 2765 1966 intelligit
2824 1885 3161 1948 nolentem
3227 1887 3415 1964 juxta

1868 2024 2146 2088 scopum
2215 2005 2552 2084 Augustini
2618 2007 2685 2065 et
2754 2001 3215 2073 conclusionis,
3274 2015 3409 2061 non

1867 2130 2080 2191 solum
2130 2126 2213 2188 de
2258 2123 2573 2185 notitione
2649 2120 2989 2191 contraria,
3048 2116 3168 2178 sed
3216 2118 3415 2177 etiam

1872 2245 1954 2306 de
2035 2242 2550 2319 interpretativa,
2625 2252 2745 2298 seu
2821 2236 3177 2297 omissione
3259 2232 3423 2310 ejuS,

1870 2359 2052 2440 quod
2100 2358 2330 2420 debuit
2370 2355 2634 2425 adesse,
2686 2368 2928 2430 nempe
2981 2351 3423 2427 dispositionis

1874 2479 2133 2547 debitae,
2180 2479 2256 2535 ut
2321 2475 2374 2532 si
2421 2472 2611 2533 deest
2654 2468 2847 2538 fides,
2896 2474 3008 2530 aut
3036 2467 3428 2546 poenltentia

1873 2589 1954 2650 de
1989 2590 2160 2648 male
2208 2586 2595 2655 commissis,
2646 2588 2711 2644 et
2741 2584 3107 2644 remotione
3138 2581 3424 2658 impedi-

1871 2706 2097 2776 menti,
2131 2710 2201 2764 ut
2242 2703 2493 2781 peccati
2543 2700 2816 2762 actualis
2868 2704 3020 2761 tunc
3066 2700 3420 2761 commissi.

1870 2822 2216 2884 Conclusio
2251 2823 2473 2882 autem
2511 2817 2805 2879 Doctoris
2859 2820 2957 2876 est
2999 2815 3177 2876 nullo
3221 2813 3421 2876 modo

1872 2939 1964 2998 sic
2026 2936 2250 2998 fictum
2319 2936 2614 3013 recipere
2680 2934 2956 3014 gratiam
3016 2931 3423 2995 sanctifican-

1879 3058 2048 3124 tem;
2102 3060 2203 3114 est
2247 3051 2331 3112 de
2376 3049 2530 3123 fide,
2590 3067 2873 3129 eamque
2928 3052 3239 3127 supponit
3291 3051 3421 3110 Do·

1878 3175 2017 3232 ctor
2077 3186 2156 3231 ex
2226 3167 2481 3229 Sanctis
2552 3167 2875 3239 Patribus,
2938 3181 3085 3227 eam
3141 3164 3431 3228 breviter

1876 3287 2164 3365 probans
2196 3300 2276 3345 ex
2308 3285 2673 3363 Augustino
2716 3289 2782 3345 et
2812 3284 3164 3360 Scriptura.

1958 3403 2167 3462 Prima
2199 3417 2357 3481 ergo
2395 3400 2732 3477 dispositio
2780 3399 2864 3459 ad
2886 3396 3427 3479 justificationem

1875 3518 2081 3579 adulti
2111 3519 2178 3578 in
2224 3519 2548 3595 baptismo
2601 3522 2701 3577 est
2743 3515 2930 3578 fides.
2962 3516 3274 3595 Loquitur
3306 3531 3427 3577 au·

1880 3641 2012 3695 tem
2084 3635 2327 3694 Doctor
2381 3633 2447 3693 in
2519 3631 2748 3693 ordine
2820 3630 2904 3692 ad
2973 3631 3429 3708 recipiendam

1876 3751 2150 3829 gratiani
2234 3748 2774 3810 sanctificantem.
2860 3748 3122 3827 Requiri
3207 3752 3429 3810 autem

1875 3868 2076 3930 fidem
2112 3871 2294 3945 patet
2337 3867 2610 3928 Matthaei
2653 3865 2886 3926 ultimo
2922 3884 2937 3926 z
2985 3869 3220 3926 Euntes
3251 3869 3433 3927 doce·

1878 3995 1956 4057 te,
2005 3990 2130 4045 etc.
2180 3984 2598 4060 praemittItur
2642 3981 2939 4042 doctrina
2991 3981 3073 4041 ob
3134 3985 3431 4045 necessi-

1880 4105 2079 4160 tatem
2109 4096 2285 4170 fidei,
2321 4099 2478 4174 sides
2521 4099 2689 4157 enim
2740 4114 2824 4156 ex
2875 4096 3128 4168 auditu,
3172 4097 3432 4157 auditus

1881 4224 2094 4276 autem
2125 4230 2249 4290 per
2288 4214 2553 4273 verbum
2589 4216 2723 4284 Dei,
2776 4212 2840 4274 id
2893 4215 3015 4283 est,
3066 4211 3426 4288 praedicati-

1880 4347 2108 4393 onem:
2150 4331 2276 4403 Qui
2305 4330 2652 4390 crediderit
2685 4334 2740 4389 et
2785 4329 3154 4403 baptizatus
3192 4329 3427 4403 fuerit,

1879 4449 2096 4509 salvus
2124 4448 2271 4513 erit,
2308 4450 2436 4506 etc.
2470 4446 2662 4506 Marci
2704 4445 2955 4516 ultime,
3009 4446 3318 4505 Actorum
3362 4446 3427 4507 8.

1881 4567 1958 4626 Si
1999 4564 2204 4623 credis
2235 4561 2401 4631 licet,
2445 4560 2657 4638 inquit
2704 4559 3036 4637 Philippus
3086 4561 3428 4632 EunuchO,

1882 4681 2111 4750 CredO,
2175 4676 2405 4755 inquit,
2469 4680 2597 4736 etc.
2667 4679 2850 4753 patet
2912 4674 3058 4737 fuse
3128 4692 3208 4737 ex
3272 4675 3432 4737 locis

1879 4795 2057 4855 Pauli
2102 4794 2185 4855 de
2231 4794 2626 4855 necessitate
2678 4789 2854 4866 fidel,
2921 4793 3061 4854 sine
3114 4810 3242 4872 qua
3305 4794 3426 4853 im-

1876 4910 2179 4988 possibile
2209 4915 2297 4970 esc
2319 4908 2585 4984 placere
2627 4912 2780 4970 Dee.

1959 5026 2117 5087 Hinc
2148 5024 2430 5102 exigitur
2462 5022 2784 5084 confessio
2830 5023 2982 5085 fidei
3026 5042 3063 5086 a
3107 5023 3429 5087 catechu-

1879 5146 2113 5217 meniS,
2190 5148 2254 5204 et
2325 5143 2704 5222 Symbolum
2776 5149 2926 5204 ante
3000 5145 3424 5220 Baptismum.

1880 5262 2184 5323 Clemens
2233 5260 2563 5320 Romanus
2608 5260 2720 5320 lib.
2780 5262 2841 5320 7.
2902 5261 3168 5320 [nstitui.
3217 5277 3271 5321 c.
3324 5261 3427 5324 42.

3587 1770 3636 1819 2.

3548 1834 3661 1882 Non

3454 1896 3474 1961 j
3486 1896 3764 1946 ustificatur

3526 1961 3670 2009 fictus
3680 1997 3691 2010 .

3527 3416 3703 3468 Prima

3480 3478 3743 3545 dispositio

3489 3547 3567 3595 est
3593 3543 3738 3599 fides.

3529 5080 3669 5132 Clem
3680 5121 3692 5134 .

3532 5146 3663 5194 Rom
3674 5184 3688 5198 .

3515 5207 3725 5273 Dionys.

3483 5269 3757 5335 Origenes.

3540 5333 3677 5383 Cone
3688 5374 3699 5386 .

1883 5380 2233 5459 Dionysius
2280 5379 2357 5439 de
2400 5379 2759 5440 Ecclesiast.
2794 5379 3219 5455 'hierar-chia,
3287 5396 3428 5454 cap.
3473 5394 3754 5449 Laodicen.

1881 5500 1938 5558 2.
2010 5497 2332 5573 Origenes
2392 5496 2562 5556 hom.
2623 5496 2683 5555 5.
2746 5497 2811 5555 in
2866 5494 3054 5554 Num.
3129 5494 3436 5574 Synodus

1885 5611 2233 5684 Laodicen.
2269 5628 2409 5673 can.
2444 5610 2548 5673 46.
2577 5617 2633 5672 et
2675 5611 2778 5673 47.
2832 5610 3049 5691 Cyrill.
3099 5612 3435 5691 Jerosoly-

3505 5461 3725 5526 Cyrinus

3478 5524 3777 5588 Jerosolym,

3501 5587 3737 5639 Basilius.
