4255 6375
843 379 963 441 466

840 543 1081 608 tionem
1118 544 1376 630 januae3
1413 558 1475 612 et
1508 546 1774 633 perinde
1821 547 1942 614 hoc
1974 548 2231 634 probari
2269 569 2376 635 po-

834 680 961 734 test
1001 670 1065 734 in
1105 670 1251 737 aliis
1307 674 1766 753 Sacramentis,
1813 673 2132 762 quidquid
2165 673 2250 740 sit
2289 669 2370 739 de

831 786 1243 868 Pmnitentia,
1290 802 1353 856 et
1399 812 1549 857 cum
1599 792 1719 858 hac
1748 791 2040 859 clausula
2094 791 2374 858 Triden-

833 902 1041 969 tinum
1092 904 1232 970 loco
1272 907 1469 974 citato
1505 930 1660 975 can.
1705 912 1770 974 6.
1824 919 1885 974 et
1934 914 1997 976 7.
2070 930 2375 977 asserens

827 1019 1244 1086 Sacramenta
1318 1022 1398 1088 de
1464 1043 1533 1088 se
1626 1025 1967 1090 continere
2047 1027 2364 1111 qratiam,

825 1155 1022 1218 quam
1076 1137 1485 1222 siquificanl,
1531 1151 1591 1205 et
1635 1161 1772 1207 non
1806 1141 2205 1227 ponentibus
2234 1141 2373 1207 obi-

826 1271 960 1313 cem
991 1254 1318 1337 conferre,
1357 1268 1676 1342 quantum
1706 1267 1799 1322 est
1829 1279 1911 1322 ecc
1953 1267 2150 1343 parte
2190 1257 2312 1322 Dei
2339 1281 2365 1336 ,·

826 1377 890 1430 et
919 1366 1041 1433 hoc
1073 1381 1245 1455 patet
1279 1370 1343 1436 in
1383 1373 1689 1439 omnibus
1721 1393 1795 1439 ea
1819 1372 2033 1439 valide
2061 1373 2363 1445 conferri.

827 1503 954 1547 non
986 1484 1284 1553 obstante
1321 1488 1506 1554 obice
1554 1489 1830 1576 alicujus
1879 1490 1979 1556 sui
2058 1490 2362 1571 effectus,

824 1597 981 1682 quin
1094 1600 1289 1667 etiam
1394 1605 1775 1690 poenitentia
1875 1626 1955 1670 ex
2060 1604 2371 1691 opinione

823 1714 895 1777 D.
935 1714 1202 1782 'l'homae
1247 1720 1316 1784 in
1345 1723 1407 1785 4.
1436 1719 1504 1785 d.
1549 1725 1652 1788 Π.
1688 1731 1914 1806 quoeet.
1968 1725 2038 1787 3.
2113 1732 2255 1788 art.
2293 1726 2361 1789 4.

817 1835 1295 1917 qaeuestiuncula
1349 1839 1600 1922 prima,
1671 1838 1863 1903 datur
1904 1838 2231 1920 informis,
2303 1846 2367 1906 et

825 1948 1060 2028 valida,
1106 1971 1299 2036 quem
1353 1953 1569 2037 plures
1600 1967 1897 2021 auctores
1938 1965 2306 2042 sequuntur
2342 1978 2358 2036 ;

822 2081 885 2131 et
945 2068 986 2133 ii
1019 2071 1127 2155 qui
1199 2070 1433 2137 docent
1492 2075 1908 2139 Sacramenta
1956 2072 2175 2140 omnia
2206 2095 2362 2141 cau-

824 2205 968 2250 sare
1018 2187 1122 2251 vel
1190 2188 1656 2270 characterem,
1697 2190 1798 2256 vel
1841 2190 2125 2279 aliquem
2169 2211 2362 2258 orna-

822 2314 987 2381 tum,
1024 2302 1280 2369 salvant
1329 2326 1442 2392 per
1482 2306 1605 2372 hoc
1661 2307 2004 2373 veritatem
2041 2307 2271 2374 formae
2301 2318 2365 2374 et

823 2420 1112 2484 materiae
1134 2418 1200 2485 in
1235 2420 1691 2507 significanda

490 2555 761 2606 Conclusio
911 2536 1002 2599 Ex
1042 2536 1278 2622 quibus
1310 2537 1643 2625 colligitur
1673 2538 2074 2625 Baptismum
2112 2539 2178 2605 in
2219 2540 2361 2606 Vir-

472 2619 789 2736 Ῥῖξῗξζῗαῗῑ
815 2650 994 2736 gine,
1041 2653 1251 2739 quoad
1285 2653 1643 2741 {veritatem
1685 2654 2191 2741 significationis
2234 2655 2353 2722 sal-

817 2768 955 2834 vari
995 2770 1061 2835 in
1106 2770 1208 2837 his
1239 2771 1606 2849 effectibus,
1660 2773 1961 2858 quamvis
2001 2772 2065 2837 in
2111 2792 2186 2837 ea
2228 2791 2356 2837 non

816 2884 1116 2953 habuerit
1147 2887 1600 2955 remissionem
1635 2888 1902 2974 peccati,
1944 2908 2091 2953 nam
2125 2887 2353 2955 eadem

813 3016 913 3068 est
979 3006 1165 3089 ratio,
1239 3018 1301 3073 et
1368 3008 1539 3074 idem
1608 3006 2131 3087 fundamentum,
2205 3025 2353 3073 nam

814 3122 1027 3207 magis
1087 3135 1187 3189 est
1233 3134 1458 3189 contra
1517 3123 1861 3190 veritatem
1940 3121 2172 3189 formae
2234 3125 2355 3189 Ba-

811 3238 1134 3324 ptismalis
1166 3261 1294 3305 non
1319 3240 1694 3327 significare
1723 3239 2213 3322 remissionem,
2249 3240 2352 3307 vel

809 3375 950 3419 eam
973 3376 1122 3422 -uon
1152 3356 1288 3423 dari
1322 3357 1388 3422 in
1421 3356 1873 3423 remissionem
1907 3365 2345 3441 peccatorum,

805 3495 954 3561 quie
988 3476 1233 3560 insunt,
1269 3498 1464 3564 quam
1498 3497 1639 3544 earn
1672 3496 1800 3543 non
1832 3475 1967 3542 dari
2003 3477 2068 3542 in
2110 3474 2348 3541 remis-

802 3592 1077 3675 sionem,
1124 3594 1382 3681 quando
1416 3592 1668 3662 nullum
1718 3603 2054 3681 peccatum
2115 3591 2340 3671 inest3

796 3731 952 3796 ergo
992 3733 1118 3777 non
1151 3712 1355 3779 fuisse
1406 3712 1755 3779 remissum
1790 3711 1855 3776 in
1898 3710 2037 3797 ipsa
2077 3707 2341 3797 aliquod

793 3839 1129 3914 peccatum
1188 3828 1252 3895 in
1316 3829 1494 3911 sieri,
1542 3840 1612 3894 ut
1677 3825 2025 3913 respondet
2084 3829 2338 3907 Doctor,

795 3946 1052 4032 quando
1085 3944 1205 4010 fuit
1236 3945 1573 4030 baptizata,
1625 3964 1752 4010 non
1794 3942 1961 4009 tollit
1999 3941 2341 4009 veritatem

798 4062 1024 4125 forma}
1058 4059 1488 4147 baptismalis.

878 4178 1170 4244 Secunda
1201 4177 1569 4245 conclusio:
1593 4175 1698 4243 Ad
1728 4179 2073 4243 veritatem
2091 4179 2333 4262 formoe

495 4254 730 4369 Seffinda
796 4295 1127 4379 Baptismi
1151 4296 1222 4359 in
1251 4297 1434 4360 omni
1453 4293 1738 4380 subjecto
1770 4314 1906 4358 non
1935 4293 2332 4378 requiritur,

442 4383 761 4508 §gssssssfss‘j’gi
795 4424 860 4475 ut
889 4423 1226 4497 peccatum
1257 4411 1532 4497 aliquod
1576 4411 1637 4474 ei
1703 4410 1884 4487 insit,
1927 4408 2195 4495 quando
2242 4427 2338 4472 ve-

468 4513 727 4575 Wffifflm
791 4531 1100 4611 risicatur
1139 4531 1284 4615 ipsa
1316 4530 1560 4612 forma.
1626 4529 1774 4591 Haec
1814 4525 2006 4591 etiam
2057 4523 2324 4611 loquen-

503 4583 557 4616 ΠΙ
588 4585 696 4618 8858

441 4634 729 4745 veffffiffigr
788 4645 868 4710 do
909 4645 987 4710 de
1022 4658 1280 4732 peccato
1321 4643 1728 4733 simpliciter,
1765 4642 1935 4728 quod
1977 4639 2266 4707 excludit
2296 4659 2330 4705 a

503 4756 681 4807 forma,
792 4764 922 4829 vita
957 4776 1226 4841 (eterna,
1264 4760 1455 4848 quale
1478 4772 1576 4826 est
1606 4758 1926 4845 originale
1957 4768 2019 4823 et
2049 4755 2324 4837 actuale,

786 4893 885 4948 est
923 4880 1002 4945 de
1034 4878 1181 4956 lide,
1227 4891 1290 4943 et
1347 4900 1428 4944 ne
1501 4874 1966 4953 diffundamur,
2033 4872 2328 4961 probatio

780 5003 923 5087 ejus
964 4997 1187 5085 pervia
1216 5009 1316 5061 est
1347 5016 1426 5061 ex
1466 4994 1570 5073 iis,
1607 5015 1756 5082 quae
1795 4992 2151 5078 Scriptura,
2207 4995 2321 5057 Pa-

778 5133 933 5197 treS,
974 5116 1294 5195 Concilia,
1337 5126 1401 5179 et
1430 5133 1659 5179 omnes
1700 5115 2005 5176 Doctores
2054 5107 2327 5175 tradunt

775 5235 854 5299 de
886 5232 1174 5299 efficacia
1212 5229 1361 5297 ndei
1392 5228 1722 5315 operantis
1763 5247 1877 5312 per
1905 5224 2317 5304 charitatem,

775 5355 854 5419 de
920 5349 1209 5418 efficacia
1285 5348 1478 5414 etiam
1560 5344 1770 5432 ipsius
1843 5341 2183 5408 charitatis
2257 5350 2322 5407 et

770 5467 1177 5554 p‹1=nitentiae
1230 5462 1554 5551 perfectio,
1592 5479 1742 5539 quae
1782 5457 2019 5524 dicitur
2074 5456 2318 5524 contri-

769 5586 886 5667 tio,
922 5605 1053 5651 non
1084 5593 1183 5650 est
1214 5578 1386 5669 quod
1417 5599 1500 5646 ex
1530 5576 1753 5645 multis
1783 5594 1992 5661 pauca
2031 5575 2317 5662 profera-

1985 388 2130 450 LIB.
2165 387 2265 450 Ν.
2302 387 2899 458 ΒΕΝΤΕΝΊῚΑΗΠΜ

2496 569 2662 618 mus.
2704 558 3097 624 Patetetiam
3128 579 3208 625 ex
3241 561 3343 640 iis,
3394 582 3551 647 quae
3600 561 3681 624 ‹le
3728 562 4007 646 Baptismo

2493 666 2801 750 flaminiS,
2872 674 3148 762 ejusque
3231 677 3532 744 efficacia
3610 677 3885 742 traditur
3949 698 4007 742 ex

2488 785 2811 865 Patribus,
2865 790 3176 856 Actorum
3214 795 3279 859 Ο.
3374 794 3471 858 Ex
3582 792 3691 858 his
3780 791 3997 858 duabus

2487 902 3023 974 conclusionibus
3100 906 3458 996 colligitur,
3537 930 3673 976 non
3762 929 3900 974 esse
3954 910 4011 973 de

2485 1018 2760 1088 veritate
2839 1023 3067 1091 formae
3141 1026 3488 1113 Baptismi,
3567 1038 3643 1093 ut
3712 1035 4009 1113 peccatum

2487 1136 2657 1223 quod
2700 1138 2870 1206 inest
2902 1141 3207 1223 remittat,
3244 1163 3460 1230 neque
3494 1143 3677 1231 quod
3712 1156 4010 1230 peecatum

2487 1254 2833 1321 remissum
2875 1257 2961 1323 sit
3000 1277 3115 1344 per
3163 1259 3378 1345 ipsum
3431 1263 3930 1327 Sacramentum
3965 1261 4011 1325 in

2486 1389 2579 1452 re,
2634 1370 2784 1439 licet
2821 1393 2969 1440 cum
3012 1388 3162 1441 voto
3193 1377 3335 1462 ejus
3369 1377 3789 1444 remittatur.

2573 1486 2789 1552 Tertia
2838 1488 3169 1555 conclusio
3213 1503 3227 1555 ὲ
3280 1490 3435 1556 Non
3474 1503 3571 1557 est
3621 1491 3712 1557 de
3774 1493 4016 1557 veritate

2481 1602 2721 1686 sormoe
2768 1607 3119 1694 Baptismi,
3164 1619 3235 1674 ut
3269 1619 3619 1695 peccatum
3718 1610 4019 1697 originale

2481 1730 2542 1784 et
2579 1724 2840 1788 actuale
2889 1726 2959 1789 in
3002 1735 3146 1791 voto
3202 1726 3345 1810 ejus
3411 1728 3879 1805 remittantur,
3916 1735 4010 1790 aut

2480 1855 2627 1902 cum
2697 1817 3245 1911 subordinatione
3315 1844 3407 1909 ad
3484 1846 4008 1911 Sacramentum.

2480 1951 2631 2019 Haec
2660 1955 2853 2021 etiam
2887 1967 2986 2022 est
3022 1957 3102 2024 de
3165 1958 3313 2038 fide,
3366 1959 3527 2045 quia
3576 1959 3797 2024 forma
3831 1955 4065 2042 Bapti»,

2478 2071 2603 2135 smi
2682 2069 2802 2137 suit
2879 2072 3209 2141 verificata
3284 2075 3351 2141 in
3408 2076 3861 2156 circumcisiS,
3926 2077 4008 2161 qui

2476 2187 2778 2253 conversi
2836 2203 2991 2255 sunt
3028 2190 3107 2257 ad
3175 2192 3723 2278 praedicationem
3800 2191 4008 2257 Christi

2475 2313 2539 2369 et
2595 2304 2885 2390 Apostoli
2937 2308 3127 2395 juxta
3200 2309 3735 2374 communiorem
3778 2319 4011 2374 senten·

2474 2417 2627 2487 tiam
2671 2420 2947 2505 seboim,
2992 2424 3191 2492 etalii
3241 2426 3307 2490 in
3346 2425 3597 2512 quibus
3640 2437 3840 2492 antea
3899 2425 4011 2491 Cir-

2472 2538 2788 2606 cumcisio
2857 2541 3215 2608 remedium
3274 2542 3446 2628 legis
3525 2555 3819 2621 naturae,
3880 2540 4010 2607 fides

2473 2654 2755 2722 charitas
2828 2669 2892 2723 et
2961 2657 3339 2744 poenitentia
3422 2658 3815 2725 habuerunt
3876 2657 4007 2723 elie·

2471 2782 2647 2837 ctum
2684 2772 3091 2840 remissionis
3134 2773 3405 2859 peccati,
3445 2786 3515 2840 ut
3551 2774 3618 2839 in
3653 2774 4008 2861 magdalena

2472 2899 2535 2953 et
2574 2890 2848 2954 Latrone
2888 2889 3032 2955 sine
3077 2889 3622 2956 subordinatione
3652 2892 3735 2956 ad
3814 2890 4002 2976 Bapti-

2468 3023 2685 3070 smum
2742 3016 2891 3071 ante
2960 3017 3234 3072 mortem
3278 3005 3511 3073 saltem
3564 3007 3847 3089 Christi,
3906 3026 4006 3094 quo

2466 3131 2757 3208 tempore
2825 3142 2954 3187 non
3006 3121 3232 3189 habuit
3265 3124 3733 3191 necessitatem
3808 3124 4001 3199 medii,

2462 3250 2574 3306 aut
2641 3242 2975 3329 praecepti,
3032 3242 3136 3308 vel
3216 3241 3414 3308 etiam
3483 3254 3636 3309 ante
3695 3242 4000 3311 instituti·

2461 3374 2653 3423 onem
2705 3357 3043 3444 Baptismi,
3115 3358 3376 3445 quando
3430 3359 3722 3425 remedia
3771 3362 3855 3427 de
3879 3359 4002 3445 lege

2460 3473 2807 3539 currebant
2853 3487 3080 3540 contra
3147 3486 3511 3559 peccatum,
3558 3491 3623 3542 et
3662 3476 3819 3542 sine
3893 3477 4001 3541 ulla

2461 3588 2996 3657 subordinatione
3061 3589 3139 3656 ad
3209 3592 3663 3676 Baptismum;
3707 3592 3997 3659 valebant

2458 3727 2617 3794 ergo
2655 3708 2797 3775 sine
2828 3720 2981 3776 voto
3023 3708 3357 3795 Baptismi.
3395 3709 3794 3796 Exemplum
3834 3711 3913 3777 sit
3946 3711 3995 3774 in

2460 3824 2564 3904 iis,
2627 3826 2736 3913 qui
2779 3824 3078 3892 conversi
3118 3838 3275 3892 sunt
3327 3824 3408 3891 ad
3479 3826 3991 3911 praedicationem

2454 3942 2723 4008 Ioannis
2766 3941 3096 4027 Baptistae,
3151 3953 3214 4007 et
3247 3940 3553 4027 poenituit
3584 3963 3698 4008 eos
3749 3943 3837 4010 de
3870 3961 3989 4030 pec·

2454 4058 2663 4137 catis;
2710 4056 2813 4124 vel
2856 4058 2919 4123 in
2970 4057 3389 4137 Nathanaele,
3434 4055 3547 4145 qui
3577 4056 3886 4125 laudatus
3913 4072 3987 4124 est

2453 4194 2651 4241 verus
2690 4174 3000 4251 Israelita,
3039 4174 3104 4240 in
3137 4195 3266 4262 quo
3307 4194 3437 4239 non
3483 4174 3610 4241 fuit
3660 4174 3879 4255 doluS,
3932 4173 3980 4238 in

2449 4294 2695 4357 Ioanne
2729 4292 3015 4378 Baptista
3054 4291 3456 4358 sanctificato
3495 4291 3562 4357 in
3605 4303 3822 4359 utero.

2539 4410 2778 4474 Demus
2827 4406 3022 4472 etiam
3047 4406 3182 4492 jam
3240 4405 3496 4493 aliquos
3556 4407 4019 4475 sanctificatos-

2446 4523 2512 4589 in
2548 4536 2756 4605 utero,
2792 4523 2963 4610 quod
2998 4542 3126 4587 non
3158 4537 3505 4610 repugnat,
3543 4535 3607 4590 et
3637 4546 3718 4591 ex
3753 4529 3973 4615 Legen·
4012 4518 4047 4564 ¹¹

2442 4640 2543 4707 dis
2610 4644 2994 4707 Sanctorum
3042 4652 3349 4708 asserunt
3387 4641 3682 4729 quidam,
3739 4653 3811 4709 ut
3847 4662 3970 4730 pro·

2443 4757 2656 4824 babile
2722 4758 2976 4846 aliquos
3060 4758 3223 4824 tales
3275 4760 3480 4826 fuisse
3522 4772 3670 4844 post
3707 4758 3967 4846 promul·

2439 4874 2773 4961 gationem
2832 4875 3201 4962 Evangelii,
3247 4887 3311 4942 et
3390 4877 3842 4944 necessitatem
3872 4880 3966 4944 Ba·

2440 4990 2690 5078 ptismi,
2762 4990 3002 5078 quibus
3041 4990 3312 5058 collatus
3373 5011 3529 5058 mox
3587 4992 3956 5080 Baptismus

2439 5124 2650 5192 neque
2704 5104 2771 5169 in
2829 5123 2925 5183 re,
2989 5122 3200 5192 neque
3246 5102 3311 5169 in
3352 5115 3507 5171 voto
3574 5106 3823 5173 remisit
3864 5102 3956 5170 ali·

2436 5219 2609 5307 quod
2679 5232 3057 5307 peccatum;
3131 5239 3259 5286 non
3328 5219 3396 5286 in
3455 5242 3550 5300 re,
3634 5221 3782 5309 quia
3835 5222 3946 5307 jam

2434 5336 2822 5403 sanctificati
2869 5347 3024 5403 sunt
3090 5357 3171 5402 ex
3239 5337 3613 5424 privilegio,
3674 5349 3736 5405 et
3783 5354 3948 5423 supra

2433 5452 2688 5541 legem;
2737 5473 2863 5519 non
2930 5453 2994 5520 in
3034 5466 3211 5533 vot0,
3266 5454 3419 5541 quia
3482 5466 3699 5521 votum
3757 5457 3943 5521 Sacra·

2431 5569 2631 5637 menti
2673 5570 2901 5658 nequit
2944 5569 3167 5639 haberi
3210 5569 3335 5636 nisi
3404 5591 3525 5657 per
3572 5582 3776 5639 actum
3810 5588 3938 5656 pm-
