4255 6375
4037 100 4056 277 —-—-

721 289 865 371 „534
1938 292 2080 357 ms.
2131 292 2860 360 1V.sssN·rnN'r1Anuu

761 454 1008 516 sanctis
1055 455 1456 518 sensibiliter
1498 457 1874 535 loquenteS‚
1934 472 2067 519 non
2098 461 2311 518 atten-

767 572 941 634 ditur
999 572 1206 648 aliter,
1257 588 1448 650 quam
1507 574 1560 633 si
1621 589 1700 635 ea
1749 573 2050 647 vitaliter,
2107 571 2306 634 modo

764 705 958 768 quem
1006 688 1357 769 Cajetanus
1402 688 1751 766 praetendit
1783 686 2126 751 formando
2167 704 2309 750 ver-

764 803 872 876 ba,
931 809 1436 881 proponeretur,
1502 805 1657 882 quia
1715 821 1849 867 non
1905 803 1988 867 ad
2040 803 2310 867 modum

762 918 1085 980 formandi
1131 924 1243 980 aut
1287 920 1601 983 causandi
1668 921 1869 984 verba
1914 919 2302 994 attenditur,

764 1032 887 1095 sed
932 1033 1014 1095 ad
1068 1050 1364 1107 sensum,
1423 1051 1622 1113 quem
1671 1036 1920 1099 habent
1982 1036 2308 1114 indepen-

770 1149 1006 1212 denter
1053 1167 1090 1210 a
1137 1148 1539 1227 proferente.

2419 452 2813 534 proferendo
2888 451 3191 526 formam,
3267 451 3672 530 proculdubio
3763 454 3898 517 illud

2418 573 2916 633 Sacramentum
2972 572 3095 632 erit
3137 568 3444 631 validum.

2499 688 2853 768 Cajetanus
2899 705 3056 768 ergo
3107 686 3444 748 committit
3481 685 3773 749 fallaciam
3796 706 3896 749 noa
3997 726 4014 771 3

2417 821 2628 866 causae
2670 812 2735 867 ut
2786 822 3016 877 causae,
3064 808 3303 882 putans
3350 801 3497 864 ideo
3553 804 3981 895 Baptismum:m

2418 921 2720 982 collatum
2771 920 2852 981 ab
2912 918 3177 981 homine
3226 917 3512 980 validum
3562 935 3716 993 esse,
3771 925 3892 996 quia
3939 916 3974 958 “¹

2420 1035 2607 1096 aliter
2661 1036 2890 1114 nequit
2947 1032 3242 1113 proferre
3299 1031 3586 1105 formam,
3624 1037 3728 1094 aut
3780 1032 3882 1094 tin·

2423 1166 2609 1229 gere,
2664 1168 2863 1231 quam
2918 1153 3217 1226 vitaliter,
3277 1155 3343 1211 et
3390 1166 3507 1228 per
3559 1153 3896 1212 instrumen-

853 1264 1038 1328 Unde
1108 1266 1517 1346 interrogare
1577 1269 1750 1343 licet,
1800 1270 1852 1330 si
1912 1269 2022 1342 illi,
2077 1270 2318 1349 quibus
2427 1275 2570 1330 tum
2655 1269 3109 1347 conjunctum,
3188 1266 3482 1344 ideoque
3548 1267 3654 1328 rite
3711 1266 3904 1327 confici

773 1380 1009 1442 excisa}
1056 1387 1207 1442 sunt
1264 1383 1504 1462 linguae
1558 1401 1593 1444 a
1637 1385 1961 1463 Tyrannis
2011 1383 2094 1445 ob
2157 1400 2314 1445 con·
2430 1386 2942 1457 Sacramentum,
3010 1399 3086 1444 ac
3143 1380 3428 1461 proinde
3484 1381 3549 1442 id
3597 1399 3718 1445 non
3766 1399 3908 1443 com·

3946 787 3974 835 Ἥ

771 1495 1129 1558 fessionem
1198 1497 1377 1573 fidei,
1441 1500 1696 1576 possint
1760 1499 1940 1579 loqui
2012 1500 2322 1573 vitaliter,

775 1618 888 1675 aut
947 1613 1312 1676 ministrare
1391 1616 1911 1688 Sacramentum,
1974 1617 2111 1677 Deo
2161 1632 2317 1694 sup-

775 1731 1002 1808 plente
1060 1730 1126 1794 id
1171 1732 1329 1809 ipsis
1388 1749 1506 1809 per
1562 1734 1952 1797 miraculum
1985 1731 2324 1796 defectum

777 1848 1387 1922 instrumentorum,
1437 1853 1505 1910 et
1549 1848 1768 1911 dando
1828 1865 2061 1911 vocem
2120 1859 2185 1913 et
2228 1851 2325 1911 lo-

782 1964 1046 2041 quelam
1121 1964 1373 2043 absque
1446 1965 1695 2043 lingua,
1742 1971 1817 2027 ut
1857 1965 2065 2029 fertur
2124 1965 2206 2028 de
2260 1967 2326 2027 S.

781 2088 1004 2141 nostro
1055 2080 1294 2141 Levino
1327 2082 1353 2141 ἳ
1395 2080 1500 2142 vel
1556 2084 1747 2143 etiam
1780 2084 1832 2143 si
1866 2081 2186 2158 edentuli,
2215 2083 2330 2160 qui

790 2194 1098 2257 dentibus
1154 2197 1469 2275 appositis
1513 2195 1931 2261 artificialiter
1960 2198 2326 2276 loquuntur

782 2311 1085 2386 formate,
1138 2314 1281 2375 sine
1315 2316 1553 2392 quibus
1587 2319 1807 2376 tamen
1857 2313 2142 2377 formare
2189 2334 2331 2378 ver·

786 2432 868 2493 ba
930 2430 1429 2511 intelligibiliter
1456 2448 1589 2493 non
1621 2435 1910 2510 possint;
1961 2450 2045 2493 an
2077 2434 2142 2495 hi
2189 2449 2329 2512 pos·

789 2550 923 2612 sint
975 2551 1308 2627 baptizare
1364 2554 1392 2611 ?
1449 2554 1747 2629 quamvis
1792 2568 1926 2614 non
1969 2553 2334 2630 loquuntur

787 2683 910 2745 per
970 2668 1476 2729 instrumentum
1541 2669 1987 2748 conjunctum,
2051 2666 2332 2746 perinde

791 2787 990 2847 etiam
1078 2784 1407 2848 disserere
1482 2786 1635 2847 licet
1708 2786 1791 2847 de
1865 2787 2006 2864 ipsa
2093 2786 2337 2848 lotione

796 2901 1190 2977 baptismali,
1239 2900 1324 2961 ad
1369 2918 1567 2979 quam
1621 2902 1978 2981 requiritur
2022 2906 2096 2963 ut
2124 2902 2338 2962 solum

790 3016 901 3079 fiat
991 3034 1114 3095 per
1200 3017 1592 3091 ministrum,
1668 3022 1805 3082 sive
1896 3035 2016 3095 per
2092 3020 2333 3080 instru-

791 3139 1089 3197 mentum
1175 3136 1626 3216 conjunctum,
1721 3136 1857 3198 sive
1928 3140 2336 3214 separatum,

798 3257 1117 3330 quantum
1214 3252 1311 3314 ad
1421 3252 1829 3315 functionem
1924 3254 2115 3326 vitae;
2218 3253 2341 3314 hoc

797 3372 974 3432 enim
1065 3386 1199 3431 non
1271 3371 1645 3450 requiritur,
1713 3377 1786 3433 ut
1871 3371 2038 3432 actio
2104 3369 2343 3432 tribua-

804 3492 905 3548 tur
998 3487 1292 3550 ministro
1392 3489 1458 3550 in
1554 3492 1799 3568 rigore,
1888 3489 2178 3569 alioquin
2278 3490 2344 3550 in

794 3603 1241 3668 artificialibus
1314 3614 1380 3669 et
1448 3608 1805 3669 moralibus
1869 3605 2066 3668 multa
2150 3606 2343 3679 fiunt,

799 3741 940 3803 quas
985 3740 1118 3785 non
1168 3739 1288 3802 per
1343 3725 1854 3787 instrumentum
1913 3725 2347 3804 conjunctum

797 3843 981 3918 fiunt,
1036 3843 1333 3922 quamvis
1396 3841 1624 3904 artifici
1681 3851 1793 3905 aut
1864 3844 2050 3905 alteri
2125 3860 2345 3906 causae

800 3962 1031 4023 morali
1079 3960 1467 4034 tribuantur,
1521 3959 1668 4038 quia
1727 3960 1888 4020 alias
1935 3961 2133 4021 etiam
2184 3960 2339 4021 lice·

801 4085 902 4141 ret
944 4077 1184 4140 eodem
1242 4075 1439 4138 modo
1492 4077 1907 4154 interpretari
1951 4094 2086 4139 non
2135 4077 2348 4140 valide

805 4197 1133 4276 baptizare
1185 4212 1361 4269 eum,
1395 4197 1505 4274 qui
1552 4212 1683 4258 non
1726 4195 2355 4257 utiturinstrumen·

812 4321 871 4376 to
958 4313 1315 4392 conjuncto
1390 4319 1457 4374 et
1521 4314 1949 4386 connaturali,
2017 4313 2197 4392 quod
2270 4313 2354 4374 ad

466 4461 617 4513 Varii
644 4460 784 4510 modi
810 4431 1142 4512 ejusmodi
1188 4431 1519 4493 actionem
1564 4431 2001 4491 communiter
2046 4430 2356 4505 deservit,

483 4522 735 4574 abluendi.

808 4546 991 4609 verbi
1040 4547 1268 4626 gratia,
1318 4546 1621 4609 manibus
1654 4545 1738 4607 ad
1770 4547 2082 4608 lotionem
2114 4548 2359 4624 baptis-

813 4667 1095 4737 malem;
1145 4663 1307 4744 quid
1367 4680 1526 4744 ergo
1583 4664 1691 4727 ille
1739 4666 1848 4741 qui
1896 4663 2179 4740 pedibus
2234 4665 2355 4726 tin-

810 4801 972 4866 gere
1016 4789 1236 4863 potest
1277 4780 1768 4860 baptizandum,
1814 4781 1918 4843 vel
1952 4797 2183 4844 carens
2230 4801 2360 4844 ma·

813 4905 1032 4978 nibuS,
1095 4907 1162 4965 et
1208 4899 1561 4979 Jaculando
1633 4899 1971 4961 sorbillum
2028 4915 2218 4977 aquae
2292 4902 2358 4962 in

811 5017 1190 5098 subjectum
1260 5016 1602 5087 infantem,
1669 5013 1936 5093 quando
1982 5013 2174 5075 aliter
2220 5028 2362 5076 non

812 5140 1054 5216 potest,
1101 5138 1174 5196 ut
1218 5134 1329 5213 qui
1374 5132 1684 5195 membris
1754 5130 2193 5194 exterioribus
2240 5147 2362 5190 ca-

812 5260 935 5330 ret,
966 5254 1073 5315 vel
1130 5254 1195 5314 in
1238 5268 1335 5323 re,
1380 5250 1485 5312 vel
1515 5249 1601 5311 ad
1642 5247 2077 5323 functionem,
2123 5253 2356 5323 utpote

812 5373 1035 5446 aridis,
1082 5369 1186 5434 vel
1243 5373 1439 5431 etiam
1483 5371 1537 5428 si
1597 5372 1732 5428 toto
1792 5381 2068 5444 corpore
2139 5368 2363 5425 utatur

814 5487 1250 5569 propellendo
1321 5485 1787 5565 baptizandum
1845 5485 1912 5546 in
1983 5497 2223 5561 aquam
2296 5486 2358 5541 et

2434 1509 2668 1582 petere
2723 1502 2976 1581 Angelo
3020 1504 3084 1561 in
3133 1516 3405 1578 corpore
3449 1504 3778 1578 assumpto,
3804 1501 3910 1560 sive

2437 1619 2522 1679 de
2581 1617 2734 1697 lege
2793 1616 3144 1690 ordinaria,
3223 1617 3361 1677 sive
3436 1616 3907 1681 extraordinariaz

2434 1734 2804 1796 secundum
2892 1738 2993 1795 est
3077 1732 3341 1806 falsum,
3423 1734 3685 1811 primum
3759 1733 3910 1794 etiam

2436 1866 2568 1916 non
2612 1850 2830 1913 reddit
2861 1866 3086 1912 veram
3130 1866 3429 1922 causam,
3475 1864 3615 1928 quae
3677 1856 3768 1910 est
3801 1848 3904 1907 sola

2438 1967 2544 2028 lex
2605 1964 2820 2028 divina
2873 1968 3238 2028 communis
3298 1972 3369 2027 et
3422 1964 3752 2036 ordinaria,
3802 1964 3912 2041 quia

2439 2084 2564 2145 hoc
2625 2082 3013 2162 mysterium
3077 2083 3234 2143 solis
3291 2083 3655 2145 hominibus
3715 2084 3916 2144 viatori·

2441 2204 2565 2264 bus
2626 2202 3004 2275 reservavit,
3059 2202 3172 2279 qui
3231 2201 3425 2264 aliter
3467 2206 3781 2279 nequeunt
3826 2204 3914 2261 mi·

2442 2320 2719 2380 nistrare
2774 2318 3310 2388 Sacramentum;
3362 2316 3536 2396 quod
3578 2318 3628 2377 si
3693 2320 3908 2394 possint,

2441 2433 2872 2513 proculdubio
2902 2434 3402 2494 Sacramentum
3456 2431 3617 2494 foret
3654 2431 3910 2506 validum,

2445 2555 2694 2616 salvata
2759 2551 3153 2631 intelligibili
3209 2559 3274 2613 et
3326 2552 3612 2613 sensibili
3659 2552 3908 2628 prolatio·

2444 2688 2529 2733 ne
2586 2669 2832 2744 formae,
2896 2674 2963 2730 et
3014 2670 3285 2742 lotione,
3342 2684 3485 2747 quae
3530 2668 3610 2728 ab
3642 2669 3783 2744 ipsis
3816 2684 3915 2743 pro-

2449 2788 2739 2859 cederet,
2805 2789 2956 2867 quia
3003 2788 3129 2849 hoc
3193 2786 3350 2847 satis
3411 2788 3610 2859 esset,
3656 2789 3724 2844 ut
3770 2782 3916 2843 forma

2451 2908 2798 2969 denotaret
2872 2906 3216 2978 lotionem,
3276 2910 3350 2964 ut
3404 2920 3442 2964 a
3510 2902 3779 2964 ministro
3825 2898 3912 2960 fac·

2448 3028 2603 3097 tam,
2652 3022 2832 3101 quod
2878 3021 3091 3083 solum
3147 3020 3519 3098 requiritur.
3568 3019 3720 3079 Dato
3771 3016 3916 3076 etiam

2452 3140 2632 3221 quod
2702 3140 2869 3203 actio
2926 3140 3138 3202 vitalis
3207 3136 3487 3199 ministri
3550 3134 3923 3215 requireretur

2452 3257 2538 3319 ad
2619 3258 3051 3319 ministerium
3127 3255 3555 3328 Sacramenti,
3607 3252 3672 3315 id
3734 3248 3914 3311 intelli·

2451 3376 2750 3457 gendum
2809 3379 2910 3437 est
2954 3373 3036 3436 de
3109 3373 3289 3452 lege,
3363 3388 3494 3433 non
3551 3385 3699 3432 vero
3739 3382 3807 3429 ex
3841 3363 3923 3424 nei

2456 3489 2917 3553 commissione
2973 3488 3245 3566 speciali
3281 3487 3747 3556 necessarium,
3774 3493 3923 3558 quan·

2456 3610 2541 3672 do
2571 3609 2838 3688 Angelis
2882 3605 2949 3668 id
2994 3607 3432 3670 committeret
3472 3605 3538 3664 in
3569 3617 3816 3681 corpore
3845 3612 3917 3656 as·

2458 3733 2748 3806 sumptO.

2538 3840 2729 3919 Quod
2760 3844 2813 3904 si
2846 3840 2992 3919 quis
3043 3838 3365 3901 curiosius
3420 3837 3685 3914 quaerat,
3726 3847 3800 3893 an
3833 3829 3921 3888 An·

2460 3964 2653 4043 gelus
2731 3961 2933 4023 etiam
3017 3962 3204 4019 extra
3277 3971 3515 4033 corpus
3583 3955 3786 4032 posset
3838 3944 3921 4006 mi·

2463 4082 2749 4143 nistrare⁴
2798 4080 3293 4140 Sacramentum
3339 4077 3366 4135 ⁴?
3421 4090 3553 4135 non
3610 4058 3926 4159 videofluid

2464 4201 2819 4276 repugnet,
2897 4192 3094 4255 modo
3179 4190 3465 4252 formare
3542 4186 3734 4266 possit
3779 4180 3923 4242 verba

2465 4313 2796 4378 sensibilia
2856 4310 3183 4373 mediante
3241 4324 3423 4380 aere,
3484 4306 3634 4386 quia
3685 4308 3926 4383 quantum

2468 4433 2552 4497 ad
2614 4434 2931 4496 lotionem
2998 4446 3132 4493 non
3180 4434 3363 4491 esset
3433 4427 3767 4489 difficultas
3818 4416 3926 4496 quin

2469 4551 2761 4630 Angelus
2821 4564 2967 4610 eam
3024 4551 3328 4625 praestare
3389 4548 3617 4624 posset
3668 4538 3925 4603 mediante

2469 4686 2589 4734 sua
2626 4669 2918 4748 potentia
2963 4666 3227 4741 motiva,
3288 4666 3461 4725 sicut
3503 4665 3708 4725 anima
3745 4660 3798 4720 in
3828 4671 3924 4715 cor·

2469 4800 2628 4863 pore
2672 4784 2958 4862 glorioso
3013 4783 3230 4857 potest
3278 4792 3547 4839 movere
3594 4776 3788 4851 ipsum
3832 4780 3924 4828 cor·

2470 4917 2593 4977 pus
2656 4899 2866 4978 primo
2938 4900 3186 4968 totum,·
3254 4899 3322 4955 et
3390 4909 3526 4953 non
3594 4884 3926 4969 progreaeii'e

2473 5021 2747 5088 tantum,
2816 5013 2952 5074 sive
3022 5014 3277 5089 partem
3325 5014 3476 5086 post
3531 5016 3810 5085 parterm
3845 4998 3927 5058 hoc

2471 5147 2629 5210 ergo
2676 5129 2851 5199 dato,
2885 5126 3042 5188 nihil
3078 5126 3432 5205 derogaret
3473 5118 3823 5185 substantias
3844 5112 3923 5170 Sa·

2473 5246 2810 5318 cramenti,
2861 5245 3013 5321 quia
3040 5248 3115 5303 ut
3156 5242 3568 5318 reciperetur
3621 5238 3683 5299 in
3732 5229 3920 5308 subjec·

2466 5369 2628 5433 tum,
2691 5366 2865 5421 esset
2941 5356 3273 5429 sensibile,
3344 5355 3640 5434 quamvis
3712 5344 3924 5409 minister

2472 5495 2606 5541 non
2650 5481 2830 5538 esset
2867 5472 3194 5537 sensibilis
3236 5471 3305 5534 in
3360 5488 3440 5533 eo
3499 5486 3689 5543 casu-3
3738 5462 3920 5526 cessum
