4255 6375
1412 392 1608 458 Dls'r.
1654 394 1732 456 ΙΙ.
1767 390 2129 470 QUAESTlo
2171 394 2246 457 11.

3380 390 3499 453 205

297 545 390 618 ibi
427 545 681 622 locum
733 553 970 629 habet
1017 556 1231 640 illud,
1276 558 1449 647 quod
1495 562 1806 625 omissum
1915 576 2014 634 re,
2064 565 2189 621 etc.
2235 560 2626 622 Athanasius
2676 565 2897 639 quaest.
2964 559 3103 621 134.
3148 561 3477 635 Baptisma
3532 580 3787 633 Athama.

294 678 392 747 est,
425 681 513 734 esc
540 674 1000 758 supplendum.

370 783 505 856 Sed
550 785 626 857 in
691 792 1111 883 proposito
1171 813 1357 880 non,
1415 792 1602 886 quia
1670 793 1804 865 ab·

293 899 474 972 lutio
541 904 876 979 ‚Ioannis
972 908 1172 981 nihil
1271 916 1453 984 erat
1525 915 1809 984 Sacra-

290 1019 520 1092 menti
561 1022 992 1116 Baptismi3
1040 1027 1211 1100 ideo
1253 1048 1413 1100 non
1470 1028 1713 1102 valet.

688 1281 1350 1351 COMMENTARIUS.

131 1532 165 1582 ¹·
357 1533 436 1612 (a)
477 1535 845 1610 Respondeo
886 1540 1089 1611 potest
1143 1535 1415 1616 intelliyi
1473 1537 1814 1613 dupliciter

283 1655 582 1713 loannem
621 1654 998 1731 baptizasse,
1053 1660 1177 1717 etc.
1231 1656 1342 1716 Hic
1391 1656 1524 1736 agit
1570 1657 1814 1717 Doctor

285 1766 355 1827 de
382 1766 707 1844 Baptismo
735 1770 1002 1830 Joannis
1031 1772 1396 1846 respective
1441 1768 1525 1831 ad
1559 1771 1814 1831 titulum

280 1874 596 1953 praefixum
624 1892 706 1939 ex
745 1877 1087 1955 principali
1137 1879 1470 1947 instituto;
1520 1877 1816 1941 inciden-

277 2000 361 2053 ter
412 1998 636 2055 autern
684 1994 869 2071 plura
926 1994 1215 2057 breviter
1271 1995 1449 2067 dicit,
1519 2012 1665 2075 quae
1720 1995 1804 2057 ad

211 2196 216 2203 ·
271 2110 651 2187 quaestiones
682 2111 973 2173 diversas
1005 2117 1072 2172 et
1103 2113 1323 2174 titulos
1353 2120 1752 2176 revocantur
1779 2131 1817 2174 a

270 2226 666 2288 DoctoribuS.
705 2227 979 2301 Quaestio
1015 2244 1174 2308 ergo
1208 2234 1309 2289 est
1342 2247 1355 2289 ε
1389 2233 1480 2289 An
1525 2229 1816 2305 baptiza-

274 2349 362 2405 tus
400 2346 730 2420 Baptismo
776 2347 1045 2407 Joaimis
1090 2347 1416 2409 tenebatur
1466 2348 1556 2408 ad
1602 2346 1817 2422 Bapti-

279 2477 475 2523 smum
509 2462 797 2527 Christi?
827 2460 1019 2538 Quod
1063 2462 1322 2525 duobus
1371 2462 1586 2526 modis
1634 2463 1821 2524 intel-

281 2577 388 2656 ligi
446 2584 687 2654 potest,
749 2594 992 2655 nempe
1050 2581 1102 2640 si
1156 2579 1392 2658 aliquis
1459 2580 1825 2658 baptizatus

285 2691 470 2755 fuerit
497 2711 534 2755 a
562 2697 814 2757 Joanne
846 2696 912 2757 in
954 2694 1160 2758 forma
1210 2697 1520 2775 Baptismi
1571 2696 1825 2769 Christi,

289 2809 350 2871 id
381 2816 502 2885 est,
532 2813 600 2872 in
631 2812 898 2875 nomine
929 2812 1279 2887 TrinitatiS,
1312 2830 1510 2891 quam
1548 2812 1831 2874 formam

300 2928 544 2991 discere
577 2932 792 3007 potuit
821 2948 858 2992 a
889 2929 1219 3009 discipulis
1266 2930 1518 3003 Christi,
1564 2948 1641 2993 eo
1677 2947 1834 2994 casu

292 3042 389 3107 ille
429 3047 802 3123 Baptismus
844 3047 936 3107 sic
989 3045 1180 3108 datus
1223 3064 1354 3111 non
1404 3055 1583 3110 esset
1622 3048 1833 3125 Bapti-

294 3175 458 3224 smus
506 3162 774 3226 Joannis
820 3161 1040 3243 (cinus
1088 3179 1308 3242 neque
1357 3166 1837 3244 promulgator,

297 3294 506 3357 neque
579 3281 907 3343 institutor
985 3277 1131 3360 fuit)
1214 3285 1381 3343 sicut
1451 3298 1670 3360 neque
1744 3291 1844 3345 est

303 3394 456 3458 Petri
487 3397 591 3457 vel
627 3397 834 3469 Pauli,
869 3396 973 3458 vel
1013 3396 1279 3458 alterius
1329 3378 1626 3473 ministri,
1668 3400 1720 3458 l.
1756 3400 1846 3459 ad

134 3511 243 3567 ivano
310 3514 577 3573 Corinth.
636 3516 686 3574 l.
742 3514 851 3573 Hic
900 3517 1121 3575 autem
1170 3529 1360 3576 casus
1419 3529 1549 3576 non
1610 3520 1709 3575 est
1758 3513 1843 3575 ad

134 3587 276 3634 ‘⁹⁰⁰³'
304 3642 568 3704 scopum
639 3627 1030 3706 quaestioniS,
1106 3629 1258 3705 quia
1337 3628 1447 3688 ille
1517 3630 1846 3707 reciperet

305 3744 695 3822 Baptismum
742 3743 996 3819 Christi,
1050 3746 1163 3822 qui
1211 3762 1344 3805 non
1377 3750 1470 3805 est
1505 3746 1840 3807 ilex-abilis,

159 3873 194 3925 ε.
379 3860 679 3923 Secundo
713 3861 910 3923 modo
951 3863 1331 3940 intelligitur
1381 3861 1462 3923 de
1514 3865 1840 3941 Baptismo

125 3929 257 4048 ffiss,
307 3976 582 4051 JoanniS,
635 3994 763 4056 quo
809 3982 950 4054 ipse
996 3979 1323 4053 utebatur,
1366 3980 1470 4040 vel
1522 3980 1588 4041 in
1638 3981 1844 4043 forma

124 4062 285 4173 ξξῇᾝῖ,
314 4098 586 4177 propria,
642 4097 893 4161 scilicet
948 4098 1015 4158 in
1074 4101 1336 4160 nomine
1390 4100 1670 4171 venturi,
1739 4104 1841 4163 vel

123 4188 296 4236 mm·
318 4214 438 4275 sine
469 4214 600 4276 ulla
630 4212 860 4276 forma.
895 4214 991 4276 Ad
1026 4215 1451 4292 quaestionem
1483 4216 1608 4277 hoc
1641 4217 1841 4278 modo

313 4327 721 4404 intellectam,
778 4326 1141 4406 respondet
1208 4327 1611 4404 affirmative,
1687 4347 1842 4407 pro-

312 4449 441 4519 pter
498 4448 894 4523 praeceptum
951 4444 1291 4523 generale,
1367 4443 1547 4522 quod
1596 4460 1840 4522 praece·

313 4564 480 4636 ptum
535 4560 654 4623 fuit
708 4560 1121 4627 rationabile.
1176 4566 1312 4621 tum
1360 4565 1433 4622 ut
1475 4562 1860 4639 baptizatus

313 4676 482 4740 fieret
512 4679 879 4741 membrum
910 4677 1251 4746 Ecclesiae:
1289 4682 1446 4751 tum,
1483 4680 1636 4757 quia
1677 4680 1848 4741 reci-

316 4793 482 4868 piens
508 4794 894 4857 medicinam
923 4794 1412 4872 praeparativam
1454 4800 1522 4856 et
1567 4793 1840 4874 disposi-

317 4911 520 4984 tivam,
562 4927 923 4990 congruum
965 4914 1106 4972 erat
1146 4917 1218 4972 ut
1247 4910 1578 4988 reciperet
1608 4929 1849 4992 purga·

318 5022 536 5100 tivam;
585 5028 950 5105 Baptismus
993 5027 1258 5089 Joannis
1303 5024 1426 5090 fuit
1468 5030 1848 5105 praeparati-

319 5156 443 5215 ωε,
476 5150 540 5206 et
563 5150 635 5206 ut
665 5144 999 5221 dispositio
1029 5142 1112 5204 ad
1149 5144 1546 5220 Baptismum
1593 5145 1847 5209 Christi.

324 5257 623 5336 Origenes
654 5265 826 5320 tomo
857 5260 914 5320 8.
950 5260 1013 5321 in
1041 5261 1362 5321 Joannem
1415 5277 1430 5319 ε
1490 5263 1559 5321 Ut
1595 5277 1853 5338 praepa-

327 5391 476 5448 rem,
531 5379 758 5459 inquit,
818 5377 1018 5439 veluti
1068 5376 1384 5454 populum
1443 5377 1849 5453 instructum,

121 5307 284 5375 rigenes.

330 5512 432 5571 eqo
483 5501 640 5573 veni,
695 5503 751 5559 et
809 5499 899 5560 ad
944 5497 1453 5573 praeparandum
1499 5496 1713 5559 locum
1756 5514 1858 5559 re·

3538 642 3776 693 Basilius.

1914 679 2179 737 loannis
2211 678 2758 738 introductoriam
2805 675 3137 753 appellat;
3199 672 3473 735 Basilius
3507 705 3824 771 cyri11.Ale·

1920 791 2368 853 exhortatione
2401 791 2484 853 ad
2526 791 2948 869 Baptismum,
2998 792 3432 852 initiator-ium
3454 817 3475 869 ‚·
3515 767 3818 884 '‘ffidlgffigffi

1922 908 2201 989 Cyrillus
2229 908 2710 971 Alexandrinus
2757 909 2870 972 lib.
2935 893 2985 968 1'.
3041 909 3106 969 in
3152 908 3479 968 Joannem
3541 894 3788 961 cyprian.

1920 1042 2060 1103 cap.
2096 1026 2198 1088 26.
2238 1028 2801 1104 praepar-acinum„
2835 1031 2901 1087 et
2944 1026 3054 1087 lib.
3099 1027 3159 1087 2.
3196 1040 3337 1104 cap.
3376 1026 3477 1085 57.

1918 1144 2487 1217 introductoriam,
2538 1144 2705 1205 sicut
2751 1147 2818 1203 et
2869 1143 3315 1203 Damascenus
3366 1139 3477 1205 lib.

1922 1263 1981 1320 4.
2017 1257 2172 1320 fidei
2202 1257 2598 1329 orthodoxae,
2634 1260 3089 1330 rudi-mentum,
3124 1262 3249 1318 etc.
3286 1258 3480 1319 Deni-

1924 1392 2055 1457 que
2136 1374 2499 1456 Cyprianus
2571 1374 2655 1437 de
2725 1375 3054 1452 Baptismo
3107 1373 3364 1446 Christi,
3424 1379 3489 1434 et
3601 1347 3605 1351 ‚

1922 1491 2448 1555 manifestatione
2535 1490 2860 1551 Trinitatis
2953 1508 2966 1549 :
3054 1488 3488 1566 Praeparabat

1920 1611 2097 1671 viam
2166 1609 2437 1669 Domino
2490 1609 2766 1668 Joannes
2839 1607 3125 1668 lavando
3199 1607 3486 1666 exterius

1925 1742 2224 1804 corpora,
2262 1731 2329 1785 uc
2354 1726 2737 1800 praecederet
2770 1725 3058 1785 exterius
3103 1722 3476 1786 lavacrum.

1927 1831 2298 1906 secuturum
2360 1843 2695 1917 Baptz'sma.
2766 1843 2834 1901 in
2892 1856 3017 1917 qao
3073 1840 3486 1914 conferretur

1931 1961 2308 2020 animarum
2339 1957 2607 2033 obliuia,
2641 1962 2697 2017 et
2718 1964 3133 2033 peccatorum
3164 1960 3478 2028 remissie,

1934 2082 2059 2137 etc.
2093 2077 2497 2154 Augustinus
2528 2074 2593 2134 in
2624 2071 2993 2136 Enchiridio
3027 2089 3168 2149 cap.
3206 2073 3304 2133 49.
3341 2076 3485 2134 Non
3528 2060 3805 2128 Angustia.

1931 2194 2434 2255 renascebantur
2465 2194 2579 2269 qui
2616 2193 3011 2269 Baptismate
3050 2194 3319 2252 loannis
3363 2192 3481 2251 ba-

1923 2310 2369 2387 ptizabantur,
2404 2312 2531 2369 etc.
2578 2309 2691 2368 sed
2726 2310 3013 2385 quodam
3050 2308 3485 2383 praecursort'o

1935 2425 2116 2486 illius
2144 2426 2525 2500 ministeri0‚
2563 2427 2680 2500 qui
2705 2424 2953 2484 dicebat
2999 2442 3012 2483 ε
3042 2426 3283 2484 Parate
3310 2424 3489 2483 viam

1941 2542 2201 2606 Domini
2214 2560 2230 2614 3
2262 2542 2413 2602 huic
2455 2543 2587 2610 unz‘,
2630 2543 2696 2600 in
2740 2556 2866 2617 quo
2907 2539 3042 2601 solo
3073 2542 3328 2601 renasci
3366 2556 3483 2615 po-

1941 2664 2173 2733 terant,
2214 2659 2653 2735 parabantur,
2705 2662 2827 2718 etc.
3102 2732 3105 2733 γ

2026 2775 2380 2855 Gregorius
2426 2775 2701 2854 Magnus
2758 2776 2930 2835 hom.
3005 2774 3064 2834 7.
3124 2775 3192 2834 in
3250 2777 3489 2850 Evany.
3603 2802 3815 2865 Gregor.

1946 2893 2126 2958 idem
2179 2892 2397 2965 docet,
2447 2897 2512 2952 et
2557 2891 2685 2964 alii,
2735 2890 3011 2969 proinde
3041 2895 3223 2952 recte
3256 2892 3497 2951 Doctor

1950 3009 2275 3093 significat
2329 3025 2516 3071 usum
2578 3008 2889 3084 Baptismi
2953 3010 3217 3069 ioannis
3264 3008 3327 3067 in
3370 3007 3497 3070 hoc

1953 3131 2092 3192 solo
2139 3127 2361 3201 fuisse,
2413 3131 2484 3187 ut
2531 3124 2911 3204 disponeret
2952 3122 3031 3183 ad
3093 3125 3500 3202 Baptismum

1954 3249 2206 3316 Christi.
2268 3250 2404 3306 tum
2455 3241 2877 3306 exercitando
2934 3260 3052 3320 per
3096 3240 3501 3302 ablutionem

1954 3389 2140 3452 aquae
2196 3375 2558 3441 externam,
2623 3373 2756 3429 tum
2818 3370 3009 3429 etiam
3082 3363 3497 3443 praedicando

1954 3491 2154 3574 fidem
2187 3493 2253 3549 et
2284 3485 2727 3564 poenitentiam
2758 3488 3209 3559 peccatorum,
3255 3498 3497 3559 appro-

1955 3608 2316 3684 pinquante
2349 3619 2555 3680 regno
2591 3600 2931 3668 coelorum,
2980 3602 3046 3658 et
3077 3598 3286 3676 gratia
3319 3614 3501 3660 novae

1953 3724 2159 3802 legis;
2209 3719 2474 3798 subjicit
2529 3733 2683 3778 mox
2736 3716 3135 3778 sententiam
3186 3716 3498 3794 Magistri,

1957 3855 2236 3918 eamque
2308 3837 2672 3914 impugnat.
2738 3835 2841 3895 His
2888 3832 3117 3909 positis
3178 3838 3500 3911 quantum

1955 3955 2041 4018 ad
2083 3953 2510 4016 summarium
2543 3957 2607 4013 et
2638 3950 3053 4026 divisionem,
3089 3948 3503 4012 difficultates

1956 4079 2022 4135 et
2066 4070 2542 4134 controversias
2590 4067 2878 4130 breviter
2904 4067 3348 4146 perstringam
3377 4082 3498 4127 suo

1955 4190 2203 4262 ordine,
2260 4182 2659 4247 resumendo
2704 4184 3001 4244 membra
3046 4184 3251 4259 ipsius
3296 4198 3501 4262 quaes-

1958 4304 2148 4367 tionis
2182 4302 2377 4382 juxta
2410 4303 2805 4362 consuetum
2834 4284 3099 4378 stylum.

2037 4438 2146 4501 Hic
2189 4435 2505 4515 supponit
2559 4437 2800 4497 Doctor
2842 4433 3221 4510 opinionem
3281 4433 3497 4494 verio-
3659 4479 3712 4532 3·

1955 4580 2099 4626 rem
2146 4563 2316 4624 circa
2357 4559 2838 4622 institutionem
2893 4557 3202 4633 Baptismi
3266 4556 3504 4619 Christi
3539 4538 3846 4609 Suppositio.

1958 4686 2110 4742 ante
2165 4680 2544 4757 passionem
2573 4674 2835 4751 factam,
2890 4691 3083 4754 quam
3130 4679 3197 4736 et
3226 4673 3503 4737 inferius

1963 4798 2184 4869 docet,
2230 4809 2473 4871 nempe
2507 4792 2859 4869 discipulos
2902 4791 3130 4855 Christi
3173 4807 3305 4853 non
3346 4789 3506 4853 fuis·

1960 4930 2034 4975 se
2097 4927 2251 4974 usos
2311 4909 2434 4971 alio
2492 4909 2847 4987 Baptismo‚
2897 4922 3097 4986 quam
3139 4906 3434 4970 instituto
3467 4924 3504 4969 a

1963 5029 2238 5102 Christo,
2287 5028 2476 5108 cujus
2530 5024 2812 5089 formam
2842 5040 2879 5085 a
2924 5022 3264 5101 discipulis
3292 5026 3505 5101 potuit

1961 5149 2248 5209 Joannes
2280 5143 2558 5205 discere.

2044 5261 2362 5323 Caeterum
2443 5257 2758 5318 Joannem
2829 5272 2963 5318 non
3039 5252 3242 5317 fuisse
3314 5271 3509 5320 usum
3579 5282 3828 5353 Joannem

1966 5379 2295 5457 Baptismo
2381 5375 2637 5447 Christi,
2712 5373 2833 5437 sed
2903 5391 3049 5448 su0,
3126 5381 3513 5452 supponunt
3542 5344 3853 5455 ¹²⁰¹,²,S{¹1{¹2⁸⁵⁶

1967 5512 2200 5559 omnes
2257 5495 2506 5567 PatreS,
2564 5508 2785 5571 neque
2849 5490 3140 5570 alloquin
3208 5492 3511 5554 ministe-
3567 5470 3641 5583 ΒΞ
3676 5467 3829 5583 ῑῖᾞο

331 5613 678 5689 sipiseentz'ae
697 5630 821 5695 per
853 5614 1250 5691 Bapez'smum
1279 5616 1424 5691 post
1482 5629 1584 5674 me
1629 5619 1856 5676 ventu·
1964 5613 2133 5675 rium
2174 5610 2465 5686 Joannis,
2501 5627 2630 5691 quo
2673 5613 2747 5671 ut
2790 5623 3153 5689 praecursor
3180 5604 3507 5689 fungeba-
