4255 6375
166 2542 215 2575 [a.

1301 370 1500 433 DtS'r.
1548 370 1648 433 111.
1694 369 2167 447 QUAEST1011.

240 543 420 619 atque
442 531 771 611 Ecclesiae,
807 532 977 598 sicut
1015 532 1124 598 illa
1173 552 1323 619 quae
1371 532 1451 599 de
1484 532 1760 598 invoca-

239 646 408 714 tione
444 648 778 714 Trinitatis
811 648 1133 714 habentur
1172 649 1459 715 Matthaei
1503 647 1763 727 ultim0,

242 784 464 849 nempe
493 763 950 830 remissionem
1010 777 1423 851 peccatorum
1485 762 1621 829 dari
1656 785 1775 850 per

246 885 712 953 invocationem
801 886 1157 974 ejusmodi,
1237 908 1367 953 non
1441 886 1775 973 expressis

244 1001 341 1083 iis,
378 1020 528 1090 quae
558 1014 712 1069 sunt
741 1000 822 1070 de
850 1003 1133 1070 essentia
1164 1003 1619 1089 formae,prout
1649 1022 1773 1068 non

240 1118 687 1204 exprimuntur
719 1120 787 1185 in
827 1119 1041 1187 dictis.
1088 1121 1370 1209 Sedbhoc
1404 1143 1532 1187 non
1564 1119 1775 1187 solum

242 1247 403 1299 esset
442 1232 799 1320 improprie
831 1233 1102 1316 dictum,
1147 1235 1262 1302 sed
1295 1247 1468 1303 esset
1506 1236 1777 1301 omnino

249 1346 503 1432 salsum,
547 1350 701 1437 quia
732 1350 841 1417 illa
900 1350 1225 1418 invocatio
1286 1352 1574 1418 nominis
1628 1359 1780 1421 lesu

238 1467 330 1532 sic
357 1466 704 1548 intellecta,
761 1489 975 1555 neque
1014 1469 1109 1534 sic
1142 1482 1317 1535 esset
1358 1469 1440 1536 de
1472 1470 1779 1536 substan-

240 1581 321 1647 tia
351 1583 576 1649 formae
614 1597 727 1650 aut
767 1586 1193 1664 sacramenti,
1249 1605 1460 1672 neque
1511 1586 1786 1652 haberet

240 1697 588 1766 efficaciam
654 1714 955 1788 respectu
1020 1702 1170 1768 talis
1232 1701 1551 1781 effectus;
1623 1724 1783 1790 ergo

246 1812 686 1902 interpretatio
737 1817 1077 1902 praemissa
1125 1817 1340 1884 minus
1382 1839 1579 1905 quain
1635 1818 1785 1884 reli-

244 1949 406 2015 quae,
477 1930 752 2017 quadrat
826 1930 1208 2017 Scripturas,
1279 1944 1391 1999 aut
1455 1931 1780 2000 doctrinas

246 2055 514 2130 receptae
568 2046 738 2113 circa
789 2045 1065 2115 formam
1142 2048 1579 2129 sacramenti,
1635 2049 1785 2135 quia

249 2161 347 2226 vel
391 2161 650 2229 vitiaret
697 2161 804 2228 illa
843 2162 1090 2230 additio
1130 2163 1429 2245 formam,
1493 2165 1595 2231 vel
1644 2186 1788 2231 om-

251 2276 398 2342 nino
463 2276 921 2364 superflueret,
976 2279 1129 2366 quia
1205 2280 1549 2346 instructio
1615 2301 1787 2366 prae-

254 2391 414 2457 mitti
455 2392 671 2476 solita,
717 2404 865 2461 ante
902 2394 1212 2461 lotionem
1250 2396 1606 2463 sufficeret.

337 2508 798 2589 Confirmatur,
856 2511 1032 2597 quia,
1089 2524 1159 2577 ut
1207 2511 1458 2597 colligit
1516 2511 1793 2578 Triden-

257 2622 457 2690 tinum
492 2645 644 2691 cum
675 2626 1050 2693 Milevitano
1081 2639 1145 2693 et
1195 2627 1520 2709 Patribus,
1563 2628 1792 2695 adver-

256 2762 363 2807 sus
435 2743 844 2830 Pelagianos
909 2744 965 2809 si
1033 2765 1163 2810 non
1212 2758 1388 2810 esset
1455 2756 1793 2833 peccatum

260 2858 577 2945 originale
643 2861 707 2925 in
770 2860 1156 2942 infantibus,
1221 2862 1430 2927 forma
1482 2862 1796 2949 Baptismi

262 2973 416 3040 falso
454 2974 912 3041 enuntiaretur
954 2977 1019 3041 in
1070 2975 1524 3043 remissionem
1578 2997 1797 3062 pecca-

263 3102 499 3157 torum.
535 3091 930 3158 Enuntiatur
960 3106 1176 3159 autem
1225 3093 1292 3159 in
1334 3092 1795 3160 remissionem

169 3237 239 3301 31„-
269 3220 698 3291 peccatorum,
745 3220 1067 3293 quatenus
1107 3209 1526 3294 potissimum
1578 3210 1800 3295 expri-

168 3356 206 3404 i..

166 3434 172 3465 l

166 3496 205 3529 ο.

190 4368 234 4401 Se

169 4431 212 4462 >⁴8

167 4474 212 4523 ²³·
282 4484 500 4552 sormae
535 4507 664 4552 non
706 4486 918 4572 magis
958 4485 1346 4573 requiritur,
1386 4499 1454 4551 ut
1488 4498 1815 4572 supponat

186 3311 212 3343 ‘²
268 3323 379 3388 mit
447 3344 713 3390 causam
779 3325 1203 3411 principalem
1267 3347 1348 3392 ex
1395 3327 1796 3406 Florentino,

269 3453 334 3505 ut
363 3440 580 3508 visum
614 3452 744 3520 est;
789 3462 947 3528 ergo
990 3444 1361 3529 Baptismus
1405 3457 1659 3512 tantum
1693 3444 1802 3510 da-

269 3571 367 3622 tur
396 3555 463 3621 in
488 3555 945 3622 remissionem
979 3574 1388 3643 peccatorum
1423 3559 1621 3647 (quod
1651 3581 1803 3645 sup-

271 3672 444 3756 ponit
499 3684 566 3739 et
604 3673 938 3738 contendit
981 3675 1303 3741 sententia
1356 3677 1679 3763 opposita)
1738 3676 1803 3740 in

271 3786 678 3855 invocatione
705 3809 922 3855 causae
954 3789 1352 3877 principalis,
1398 3791 1463 3856 id
1503 3803 1623 3870 est,
1661 3791 1806 3857 Tri-

272 3903 524 3983 nitatis;
571 3925 730 3991 ergo
768 3905 931 3972 falso
987 3907 1371 3973 enuntiatur
1438 3907 1806 3994 Baptismus

276 4019 336 4085 iu
399 4020 853 4088 remissionem
904 4035 1317 4108 peccatorum
1395 4023 1460 4087 in
1545 4024 1809 4089 nomine

275 4137 417 4204 Jesu
464 4137 737 4218 Christi,
797 4136 852 4203 si
894 4138 1039 4205 haec
1088 4138 1417 4205 invocatio
1494 4161 1622 4206 non
1691 4140 1811 4206 fuit

281 4250 598 4320 inefficax.
781 4231 796 4240 ,

361 4374 539 4437 Patet
578 4370 1076 4458 consequentia,
1136 4370 1287 4458 quia
1345 4370 1424 4435 ad
1470 4371 1811 4437 veritatem

286 4614 613 4684 peccatum
708 4600 1171 4667 remittendum
1271 4601 1334 4667 in
1421 4601 1808 4681 infantibuS,

286 4734 468 4800 quam
499 4714 674 4803 quod
722 4715 863 4802 ipsa
895 4716 1100 4780 forma
1149 4716 1232 4781 sit
1271 4716 1621 4782 remissiva
1662 4738 1813 4804 pec-

285 4831 427 4910 cati,
505 4832 696 4919 cujus
774 4832 1228 4898 remissionem
1287 4833 1622 4912 enuntiat;
1687 4834 1816 4899 imo

287 4943 400 5010 hoc
439 4946 648 5032 magis
688 4944 1004 5031 exigitur,
1050 4947 1201 5033 quia
1244 4948 1453 5013 forma
1486 4947 1815 5014 verificari

288 5072 487 5145 potest
526 5061 696 5128 circa
735 5062 1133 5149 subjectum,
1207 5064 1270 5128 in
1339 5084 1468 5150 quo
1530 5084 1658 5130 non
1718 5077 1816 5130 est

290 5190 638 5260 peccatum,
683 5189 746 5242 et
778 5197 1038 5262 semper
1086 5189 1185 5243 est
1217 5179 1562 5245 remissiva
1603 5199 1819 5265 pecca·

294 5290 359 5372 ti,
394 5307 706 5378 quantum
756 5299 861 5360 est
901 5292 982 5359 de
1040 5313 1149 5373 se;
1207 5293 1380 5380 quod
1419 5307 1633 5360 autem
1672 5307 1817 5362 actu

295 5409 570 5475 remittat
599 5421 961 5495 peccatum,
998 5422 1109 5474 aut
1137 5422 1458 5496 supponat
1488 5409 1819 5477 remitten-

302 5521 473 5603 dum,
535 5537 634 5590 est
679 5546 762 5620 ex
807 5535 980 5592 statu
1023 5525 1325 5613 subjecti,
1361 5526 1464 5593 cui
1507 5525 1682 5592 aliud
1723 5549 1821 5594 re-

3302 436 3309 441 .
3328 375 3447 443 307

1881 533 2167 600 medium
2200 535 2511 621 applicari
2550 558 2678 604 non
2709 540 3056 626 contingit,
3096 551 3164 607 ut
3188 539 3269 608 de
3290 541 3438 628 lege

1879 645 2210 714 ordinaria
2251 661 2351 714 est
2391 663 2603 718 status
2653 652 3002 721 infantum.

1973 765 2292 830 Praeterea
2353 766 2408 831 si
2477 767 2625 852 quis
2694 787 2867 833 nunc
2945 770 3302 856 baptizaret
3362 772 3438 838 in

1884 880 2150 944 nominc
2201 881 2444 959 Ραινίε,
2498 895 2558 947 et
2604 883 2754 950 Iesu
2800 886 3059 951 Christi
3101 897 3161 951 et
3203 889 3428 973 Spiri-

1887 1007 1987 1061 tus
2043 998 2281 1075 sancti,
2341 998 2446 1063 ille
2500 1002 2869 1085 Baptismus
2912 1023 3039 1068 non
3099 1015 3275 1070 esset
3325 1024 3437 1070 va-

1888 1109 2086 1189 lidus,
2153 1113 2306 1198 quia
2368 1115 2656 1180 secunda
2716 1135 2995 1201 persona
3047 1137 3176 1183 non
3219 1119 3438 1205 expri-

1893 1226 2094 1292 mitur
2151 1229 2414 1313 proprio
2500 1230 2789 1310 nomine,
2854 1244 2923 1297 ut
2988 1233 3293 1300 subsistit
3368 1234 3431 1299 in

1890 1340 2172 1425 Deitate;
2203 1363 2361 1428 ergo
2393 1342 2588 1408 etiam
2632 1355 2771 1410 tum
2816 1366 2942 1411 non
2996 1347 3249 1412 valebat
3292 1347 3442 1414 talis

1891 1458 2266 1542 Baptismus
2304 1460 2428 1524 sub
2472 1460 2578 1525 illa
2616 1461 2845 1540 forma,
2883 1463 3141 1529 seclusa
3175 1463 3442 1550 dispen-

1891 1577 2168 1653 satione,
2213 1596 2363 1662 quae
2405 1577 2674 1663 perinde
2730 1577 3045 1644 affirmari
3091 1591 3303 1667 potest
3352 1581 3444 1646 fa-

1891 1704 1992 1756 cta
2044 1690 2108 1756 in
2169 1690 2378 1759 forma
2464 1692 2596 1773 illa,
2661 1713 2857 1779 quam
2915 1695 3103 1762 docet
3148 1717 3442 1763 commu-

1895 1803 2020 1883 nis,
2088 1815 2224 1871 tum
2267 1806 2471 1873 fuisse
2536 1807 2849 1876 validam.

1984 1921 2281 1987 Secunda
2322 1922 3008 2012 etiam2interpretatio
3042 1946 3170 1992 non
3203 1947 3448 1993 conso-

1901 2048 2009 2102 nat
2077 2038 2457 2125 proprietati
2526 2039 2877 2108 locutionis
2945 2055 3009 2108 et
3066 2043 3446 2129 Scripturoe,

1900 2155 2054 2240 quia
2078 2175 2206 2222 non
2238 2171 2337 2223 est
2368 2156 2666 2238 dubium,
2703 2160 2861 2246 quin
2895 2163 3125 2226 Petrus
3157 2160 3453 2227 eamdem

1901 2273 2408 2358 acceptationem
2441 2274 2897 2360 appellationis
2928 2277 3211 2343 servarit
3260 2277 3369 2343 hic
3394 2288 3457 2344 et

1903 2385 1969 2451 in
2033 2389 2579 2473 praecedentibuS,
2648 2392 3064 2478 praedicando
3122 2395 3455 2462 Christum

1900 2502 2169 2583 Judaeis,
2253 2505 2359 2572 ubi
2421 2508 2707 2574 sumitur
2772 2510 3122 2597 appellatio
3194 2512 3462 2578 Christi

1901 2622 2075 2700 lesa,
2159 2623 2522 2689 secundum
2609 2624 2885 2710 primam
2962 2628 3446 2695 institutionem

1910 2736 2217 2815 nominis,
2294 2751 2364 2804 ut
2425 2750 2603 2825 patet
2662 2761 2744 2807 ex
2794 2753 2929 2807 toto
2977 2741 3259 2809 decursu
3318 2764 3456 2809 ser·

1912 2852 2125 2918 monis
2180 2854 2374 2922 Petri.

1999 2973 2326 3047 Quantum
2365 2993 2525 3059 ergo
2554 2973 2635 3039 ad
2674 2986 3137 3060 argumentum
3168 2997 3249 3042 ex
3282 2977 3460 3044 Scri-

1912 3099 2101 3170 ptura
2176 3086 2469 3153 sistendo
2535 3088 2602 3154 in
2670 3091 3067 3175 proprietate
3131 3092 3310 3159 vocis
3391 3105 3459 3159 et

1912 3202 2170 3283 litterae,
2208 3203 2369 3269 nihil
2402 3205 2627 3271 haberi
2662 3219 2876 3291 potest
2907 3207 3242 3293 praedictis
3266 3230 3457 3294 repu-

1910 3339 2147 3403 gnanS,
2195 3339 2347 3384 nam
2387 3318 2559 3407 quod
2598 3320 2899 3387 Malchaei
2940 3323 3173 3388 ultimo
3214 3323 3458 3391 dicitur

1911 3436 1992 3501 de
2023 3436 2227 3502 forma
2269 3438 2605 3524 Baptismi,
2661 3438 2943 3525 intelligi
2996 3451 3212 3525 potest
3248 3439 3329 3506 de
3370 3439 3463 3507 le-

1911 3573 2018 3638 ge,
2065 3552 2242 3618 illam
2284 3574 2431 3619 esse
2479 3553 2754 3619 formam
2795 3555 3193 3623 ordinariam
3235 3567 3300 3621 et
3341 3577 3457 3624 ne-

1914 3674 2267 3740 cessariam
2297 3697 2311 3753 ;
2349 3673 2430 3740 de
2462 3675 2585 3741 hoc
2615 3688 2832 3742 autem
2864 3679 2940 3743 in
2970 3680 3239 3744 nomine
3273 3680 3471 3745 Chri-

1912 3792 2023 3869 sti,
2069 3791 2297 3858 saltem
2341 3813 2456 3878 pro
2486 3806 2802 3879 tempore,
2861 3794 3067 3861 fuisse
3126 3796 3471 3883 dispensa-

1918 3907 2188 3987 tionem,
2270 3929 2463 3993 quam
2534 3929 2613 3974 ex
2675 3910 2842 3976 facto
2928 3911 3328 3999 colligimuS,
3403 3924 3468 3976 61

1919 4033 2110 4105 prout
2176 4021 2303 4087 illis
2376 4022 2441 4086 in
2519 4023 2679 4089 locis
2729 4024 3127 4103 declaratur;
3210 4036 3461 4091 certum

1917 4135 2092 4200 enim
2135 4150 2231 4202 est
2273 4138 2618 4223 Apostolos
2673 4151 2846 4205 recte
2897 4140 3307 4208 ministrasse
3355 4143 3466 4206 Ba-

1920 4251 2261 4334 ptismum,
2314 4252 2457 4318 sive
2498 4275 2614 4340 per
2663 4276 2758 4335 se,
2803 4257 2948 4325 sive
2991 4278 3106 4343 per
3149 4255 3338 4327 alios·

2010 4367 2292 4455 Oincies
2360 4369 2513 4454 quia
2579 4371 2893 4437 Actorum
2964 4376 3068 4438 19.
3134 4372 3472 4459 colligitur

1921 4481 2263 4568 Apostolos
2332 4483 2695 4569 baptizasse
2754 4486 2820 4551 in
2873 4488 3137 4554 nomine
3185 4487 3473 4573 Spiritus

1919 4601 2152 4674 sancti,
2201 4601 2373 4687 quod
2422 4602 2702 4690 intelligi
2747 4625 2874 4670 non
2907 4605 3121 4684 debet,
3146 4607 3365 4694 ⁴quasi
3405 4607 3469 4673 in

1922 4715 2060 4782 solo
2104 4719 2366 4783 nomine
2416 4719 2700 4805 Spiritus
2741 4723 2947 4788 sancti
3001 4723 3474 4810 baptizassent,

1922 4831 2034 4898 sed
2060 4833 2256 4900 simul
2288 4834 2561 4901 aliarum
2595 4857 3062 4921 personarum;
3099 4861 3258 4927 ergo
3290 4840 3480 4908 simi-

1925 4947 2070 5014 liter
2101 4969 2231 5014 non
2263 4963 2362 5016 est
2411 4950 2911 5038 intelligendum
2952 4976 3065 5022 eos
3098 4957 3481 5043 baptizasse

1928 5062 1990 5127 in
2026 5065 2166 5130 solo
2208 5067 2471 5134 nomine
2506 5070 2768 5148 Christi,
2825 5092 2952 5136 non
2996 5072 3295 5141 invocata
3326 5076 3478 5142 Tri-

1895 5180 2154 5260 ⁸nitate,
2222 5184 2411 5268 juxta
2491 5184 2865 5251 institutum
2942 5190 3215 5271 Christi,
3310 5192 3483 5260 Mat-

1928 5296 2085 5360 cltaei
2116 5299 2224 5363 28.
2250 5300 2657 5366 Antecedens
2691 5314 2886 5387 patet,
2918 5303 3071 5391 quia
3105 5307 3341 5375 Paulus
3373 5308 3440 5375 in
3463 5346 3489 5358 -

1926 5416 2288 5500 terrogavit
2318 5417 2636 5503 quosdam
2667 5419 3318 5508 discipulosssphesi
3358 5447 3373 5491 ε
3410 5427 3489 5493 Si

1929 5531 2268 5617 Spiritum
2338 5545 2643 5600 sanctum
2706 5537 3056 5624 accepistis
3085 5537 3485 5611 credentes?

3591 775 3672 824 51.

3536 837 3727 888 Forma

3562 898 3688 950 falsa
3701 938 3715 953 .

3616 4380 3697 4430 52.

3526 4441 3781 4507 objectio.
