4255 6375
479 573 799 630 Clem.Rom.

504 641 533 689 J
539 636 765 688 ustinus.

506 702 754 752 Irenaem.

481 767 639 817 Clem.
682 763 800 813 Ale-

490 825 792 879 undrinus.

513 889 779 954 Origenes,

537 950 708 1005 Conci!
723 989 733 1000 .

503 1015 777 1066 Nicetium.

481 1077 700 1142 Cyrillus
718 1077 746 1125 J
753 1091 800 1124 e-

502 1138 782 1204 rosolymit.

521 1201 762 1255 Basilius·

511 1267 752 1317 Nazianz.

508 1329 773 1391 chrysost.

523 1393 765 1442 Damaso.

501 1452 776 1505 Martialis.

566 1518 640 1567 Pa
677 1529 730 1565 a.

487 1580 645 1631 Tertu
665 1576 793 1627 lian.

520 1643 560 1695 C
593 1640 765 1707 prinu.

601 1703 751 1754 elchi-

567 1769 710 1819 ades·

521 1830 774 1882 Hilarium

522 1892 767 1944 Ambros-

530 1955 744 2007 Hieron.

503 2017 782 2082 Angustia.

532 2086 752 2146 Gregor.

810 414 927 476 326

829 577 922 642 ad
978 576 1393 643 Antoninum
1461 578 1681 657 Pium,
1757 580 2049 643 Irenaeus
2116 576 2238 642 lib.
2300 580 2363 641 3.

830 703 1065 758 eontra
1112 693 1408 772 ltoereseS,
1471 714 1623 779 cap.
1697 694 1811 757 19.
1866 691 2163 758 Clemens
2231 690 2371 757 Ale·

831 807 1192 874 xandrinus
1257 808 1638 895 Paedayoyi,
1676 829 1821 893 cap.
1912 810 1976 873 6.
2055 806 2372 893 Origenes

830 927 1006 990 hom.
1074 929 1180 990 14.
1228 926 1301 991 in
1330 927 1601 1005 Lucam,
1639 926 1955 991 Nicenum
2007 922 2370 990 Concilium

833 1039 946 1105 lib.
999 1044 1061 1109 3.
1111 1039 1192 1106 de
1261 1052 1490 1105 sancto
1585 1042 2020 1127 Raptis-mate.
2092 1038 2375 1125 Cyrillus

829 1155 1413 1243 lerosolymitanus
1476 1159 1814 1224 Cateeltesi
1843 1162 1907 1224 3.
1944 1156 2221 1224 Basilius
2254 1157 2365 1222 lib.

830 1272 913 1336 de
968 1273 1236 1359 Spiritu
1278 1274 1544 1351 Sancta,
1609 1295 1663 1338 c.
1721 1278 1825 1339 14.
1864 1285 1924 1339 et
1964 1277 2070 1339 15.
2106 1272 2375 1338 Nazian-

830 1409 1029 1455 zenus
1074 1400 1247 1455 orat.
1282 1393 1392 1456 40.
1463 1390 1977 1475 ,chrysostomus
2042 1410 2221 1475 saepe
2259 1390 2375 1453 lto·

833 1503 975 1568 mil.
1026 1506 1140 1569 25.
1187 1505 1261 1568 in
1297 1505 1642 1569 loannem.
1683 1507 2120 1570 Damascenus
2165 1505 2277 1570 lib.
2307 1507 2371 1571 2.

829 1620 912 1685 de
948 1620 1083 1702 fide
1139 1619 1534 1697 orthodoxa,
1600 1642 1752 1706 cap.
1841 1624 1904 1684 9.
1979 1623 2074 1686 Ex
2135 1619 2379 1687 Latinis

830 1735 1140 1801 Martialis
1183 1739 1350 1822 Papa
1382 1738 1570 1821 epist.
1595 1737 1685 1802 ad
1709 1736 2086 1816 Tolosava,
2116 1760 2262 1825 cap.
2313 1743 2373 1803 1.

830 1856 975 1918 et4.
1013 1851 1452 1918 Tertullianus
1494 1853 1601 1917 lib.
1643 1854 1725 1918 de
1764 1855 2283 1940 Baptisn20,cap.
2309 1857 2375 1919 4.

830 1968 1200 2055 Cyprianus
1243 1971 1434 2055 epist.
1507 1973 1615 2036 65.
1697 1981 1757 2034 et
1807 1973 1914 2036 76.
1988 1970 2381 2037 Melchiades

834 2087 1002 2171 Papa
1043 2085 1118 2149 in
1148 2087 1336 2170 epist.
1382 2084 1472 2150 ad
1501 2085 1858 2171 Episcopos
1910 2088 1984 2151 in
2027 2086 2371 2171 Hispania,

833 2199 1116 2267 Hilarius
1156 2221 1232 2267 m
1262 2202 1602 2266 Psalmum
1669 2203 1780 2269 65.
1825 2202 2213 2270 Ambrosius
2263 2202 2377 2269 lib.

844 2322 906 2384 2.
956 2318 1038 2385 de
1097 2319 1527 2397 Poenitentia,
1561 2339 1714 2405 cap.
1761 2322 1825 2386 2.
1861 2341 2057 2386 serm.
2121 2326 2238 2386 31.
2309 2321 2384 2386 in

833 2439 1030 2503 Lucoe
1070 2439 1180 2504 22.
1224 2436 1306 2502 de
1349 2437 1830 2517 Sacramentiai,
1880 2438 1993 2505 lib.
2034 2443 2094 2504 1.
2140 2461 2286 2526 cap.
2313 2443 2376 2504 4.

832 2552 915 2617 de
957 2554 1043 2617 iis
1083 2554 1198 2638 qui
1226 2552 1617 2631 initiantur,
1663 2573 1809 2638 cap.
1868 2557 1938 2620 3.
2011 2564 2070 2618 et
2109 2576 2257 2640 cap.
2312 2559 2375 2622 9.

832 2669 1272 2755 Hieronymus
1312 2669 1388 2733 in
1424 2670 1615 2755 epist.
1693 2668 1783 2734 ad
1841 2670 2195 2749 Oceanum,
2241 2692 2384 2757 quoe

828 2795 922 2849 est
974 2785 1085 2851 83.
1178 2783 1599 2868 Augustinus
1657 2795 1851 2851 tract.
1916 2785 2023 2852 80.
2070 2788 2145 2851 in
2175 2788 2381 2852 loan-

830 2924 1003 2982 nem,
1055 2910 1119 2968 et
1147 2900 1302 2967 alibi
1334 2922 1535 2987 saepe,
1576 2902 1929 2988 Gregorius
1974 2902 2096 2968 lib.
2138 2908 2203 2969 4.
2248 2926 2382 2968 mo-

831 3021 1105 3098 ralium,
1142 3040 1289 3104 cap.
1334 3021 1397 3085 3.
1434 3031 1495 3084 et
1537 3017 1769 3106 reliqui
1835 3038 2063 3085 omnes
2094 3029 2225 3085 tam
2269 3023 2383 3086 Pa·-

832 3150 965 3204 tres
1012 3155 1210 3225 quam
1259 3137 1590 3204 Doctores,

921 3251 1103 3329 Quod
1133 3263 1353 3318 autem
1386 3250 1667 3317 delirant
1708 3252 2072 3318 Seleuciani
2107 3253 2187 3318 de
2227 3253 2384 3338 igne

755 3419 762 3424 -
829 3383 1138 3456 tanquam
1199 3368 1468 3435 materia
1540 3368 1850 3454 Baptismi
1935 3391 2018 3434 ea:
2087 3371 2386 3435 Matthoei

833 3491 895 3552 3.
947 3498 1070 3554 etc.
1144 3506 1273 3552 non
1313 3484 1703 3571 intelligitur
1735 3486 1908 3571 ignis
1938 3486 2376 3568 elementaria,

839 3603 953 3670 sed
973 3602 1255 3688 Spiritus
1285 3614 1574 3680 sanctuS‚
1613 3602 1834 3689 qui‚ut
1866 3606 2086 3669 Patres
2129 3603 2377 3681 dicunt,

831 3719 1196 3792 sanctificat
1223 3739 1456 3807 aquae.
1511 3717 1635 3785 Alii
1678 3739 1833 3785 vero
1875 3719 2253 3806 intelligunt
2304 3720 2383 3786 de

837 3836 1149 3903 missione
1187 3834 1428 3902 visibili
1480 3834 1762 3920 Spiritus
1828 3835 2034 3901 sancti
2085 3835 2150 3901 in
2212 3841 2380 3922 Apo-

836 3952 1141 4020 stolos-in
1204 3951 1312 4018 die
1369 3954 1806 4030 PentecosteS,
1846 3962 1916 4017 ut
1971 3951 2383 4038 significatur

835 4073 978 4137 Act.
1018 4074 1080 4135 1.
1124 4069 1245 4135 Alii
1287 4068 1368 4134 de
1436 4068 1746 4134 missione
1800 4068 1992 4135 etiam
2061 4070 2380 4137 invisibili

835 4206 950 4271 per
983 4184 1385 4272 Baptismum
1420 4183 1485 4249 in
1526 4184 2007 4271 Spiritum,quo
2046 4185 2382 4252 distinctio

836 4300 1181 4366 denotetur
1222 4300 1390 4364 inter
1419 4299 1819 4386 Baptismum
1861 4301 2104 4366 Christi
2146 4315 2211 4368 et
2270 4308 2380 4371 Jo-

835 4416 1049 4495 anniS,
1087 4415 1198 4503 qui
1239 4414 1363 4482 fuit
1392 4415 1455 4480 in
1488 4415 1624 4482 sola
1659 4437 1849 4504 aqua.
1886 4424 2138 4505 Aquam
2185 4421 2381 4489 etiam

835 4532 1005 4599 sumi
1067 4531 1415 4619 allegorice
1472 4553 1589 4601 seu
1655 4534 1931 4620 mystice
1960 4537 2026 4602 in
2077 4537 2190 4604 illo
2243 4539 2383 4606 loco

834 4649 1114 4715 Ioannis
1153 4653 1211 4715 3.
1266 4661 1368 4715 est
1423 4670 1796 4730 erroneum,
1848 4663 1912 4717 et
1961 4666 2186 4720 contra
2236 4676 2382 4722 sen-

838 4783 983 4836 sum
1059 4763 1263 4830 totius
1343 4765 1654 4832 Ecclesiae
1727 4778 1792 4832 et
1852 4772 2139 4849 patrum,
2234 4791 2382 4838 nam

841 4901 986 4966 cap.
1017 4878 1082 4948 4.
1149 4880 1556 4966 baptizabant
1621 4881 1927 4968 discipuli
1979 4887 2221 4953 Christi
2317 4890 2384 4957 in

841 5017 1034 5084 aqua,
1067 5017 1194 5062 non
1225 4996 1352 5063 alio
1385 4997 1715 5084 Baptismo
1769 5022 1964 5088 quam
1996 5003 2266 5083 Christi,
2315 5018 2385 5072 ut

842 5113 907 5179 in
929 5113 1298 5201 quaestione
1336 5114 1638 5202 sequenti
1671 5116 2020 5195 videbitur;
2044 5130 2106 5184 et
2130 5118 2274 5186 ideo
2319 5120 2382 5185 in

839 5249 1006 5316 aqua
1034 5228 1337 5313 naturali,
1376 5250 1570 5317 quam
1615 5233 1783 5298 hanc
1823 5232 2030 5319 ipsam
2075 5233 2386 5320 designa-

840 5343 932 5409 vit
960 5343 1262 5412 Christus
1300 5346 1581 5413 Ioannis
1611 5350 1674 5413 3.
1720 5347 1960 5413 docens
2038 5351 2385 5416 necessita-

840 5471 970 5526 tem
1013 5462 1327 5548 Baptismi
1358 5483 1392 5528 a
1451 5483 1523 5530 se
1583 5462 1887 5539 instituti,
1939 5475 2002 5530 et
2042 5467 2382 5534 materiam

844 5577 910 5643 in
947 5599 1077 5665 qua
1124 5578 1463 5646 institutus
1503 5593 1631 5647 est.

2478 691 2878 758 ablutionem
2958 691 3293 758 formalem
3356 711 3484 756 non

2093 415 2237 476 ΜΒ.
2274 416 2373 476 lV.
2405 413 2993 478 SENTENTIARUM

2567 576 2661 662 (b)
2691 577 2776 640 Et
2807 576 3216 663 intelliqitur
3252 575 3502 641 ablutio
3539 576 3672 651 hic,
3707 572 3957 639 etc.Dieit

3616 710 3758 755 esse
3816 705 3963 755 mate·

2483 809 2642 874 riam
2678 807 3039 894 proximam
3086 806 3507 887 Sacramenfi,
3556 806 3672 872 sed
3717 806 3960 870 activam.

2484 923 2697 1010 Aliqui
2731 922 2880 989 inde
2909 934 3330 1009 sumpserunt
3382 922 3784 988 occasionem
3820 921 3963 986 inter·

2486 1038 2777 1127 pretandi
2833 1039 3069 1126 ipsum,
3115 1039 3296 1126 quasi
3338 1050 3589 1105 asserat
3648 1037 3966 1104 fundamen·
4008 1108 4021 1117 „

2487 1170 2621 1223 tum
2656 1154 3154 1242 significationis
3194 1156 3689 1223 sacramentalis
3723 1156 3963 1222 consiste

2488 1295 2557 1340 re
2587 1273 2653 1339 in
2722 1272 3052 1340 ablutione
3093 1294 3220 1362 qua
3249 1286 3347 1340 est
3376 1274 3573 1354 acti0,
3611 1294 3739 1338 non
3778 1274 3963 1337 veroin

2488 1389 2838 1467 ablutione,
2895 1409 3021 1477 qua
3069 1403 3168 1456 est
3212 1390 3451 1477 passio,
3508 1402 3573 1456 et
3614 1389 3898 1475 recipitur
3925 1389 3961 1456 it

2491 1508 2857 1593 subjectum
2883 1530 2899 1583 ;
2930 1505 3016 1573 ita
3041 1509 3278 1574 Suarez
3316 1505 3633 1593 intelligit
3674 1510 3964 1581 Doctorem,

2493 1624 2616 1691 Sed
2651 1625 2819 1690 hanc
2852 1624 3287 1711 quaestionem
3321 1622 3488 1688 infra
3547 1622 3710 1688 dist.
3745 1625 3807 1688 6.
3844 1644 3892 1708 q.
3927 1625 3966 1687 Ξ.

2494 1745 2528 1826 g
2604 1742 2713 1806 Ea:
2751 1741 2895 1819 illo,
2963 1739 3190 1806 definit
3226 1744 3453 1806 Doctor
3547 1738 3765 1824 magis
3820 1738 3971 1803 consi-

2492 1867 2664 1922 stere
2695 1854 2759 1920 in
2793 1854 3049 1940 passiva
3082 1854 3435 1936 ablutione,
3471 1874 3607 1939 qua
3642 1853 3920 1939 recipitur
3935 1854 3972 1918 in

2493 1971 2807 2058 subjecto,
2845 1970 3015 2058 quod
3075 1970 3336 2058 proprie
3378 1969 3679 2037 abluitur
3725 1983 3844 2036 tam
3887 1990 3972 2034 ma·

2493 2086 2804 2152 terialiter
2832 2105 3025 2171 quam
3059 2084 3254 2150 etiam
3314 2083 3800 2171 spiritualiter;
3846 2083 3975 2148 intel·

2494 2200 2720 2286 ligitur
2767 2212 2982 2267 tamen
3042 2199 3326 2287 passiva,
3385 2211 3454 2266 ut
3502 2210 3613 2265 est
3646 2200 3727 2266 ab
3778 2210 3971 2285 agente.

2583 2320 2698 2384 Hic
2732 2328 2948 2384 autem
2999 2316 3276 2382 intendit
3327 2316 3969 2383 tantum‘ablutionem

2494 2434 2863 2502 necessario
2910 2454 3055 2500 esse
3106 2453 3141 2498 a
3192 2433 3513 2511 ministr0‚
3570 2433 3713 2498 sive
3758 2432 3972 2517 concipi-

2493 2563 2639 2619 atur
2685 2553 2808 2618 hoc
2853 2552 2953 2617 vel
3010 2550 3119 2616 illo
3181 2551 3391 2629 mod0‚
3439 2571 3598 2616 nam
3659 2550 3716 2617 si
3782 2550 3970 2616 contin-

2493 2684 2605 2758 gat
2635 2669 2775 2736 fieri
2816 2669 2894 2736 ab
2925 2668 3052 2736 alio
3094 2689 3287 2756 quam
3317 2688 3355 2735 a
3388 2668 3767 2755 proferente
3812 2668 3970 2740 verba.

2497 2784 2659 2852 nihil
2717 2784 2831 2865 lit3
2910 2798 2974 2851 et
3039 2784 3285 2851 ablutio
3358 2786 3629 2872 passiva
3668 2786 3849 2853 etiam
3895 2785 3975 2849 hoc

2496 2902 2682 2970 modo
2711 2915 2810 2968 est
2839 2901 3074 2982 activa,
3123 2921 3269 2968 nam
3303 2901 3453 2969 licet
3500 2903 3773 2988 passive
3814 2919 3975 2967 suma·

2492 3031 2622 3097 tur,
2687 3028 2757 3083 ut
2803 3018 3083 3083 refertur
3129 3017 3206 3082 ad
3256 3018 3637 3103 subjectum
3694 3016 3974 3102 recipiens

2492 3148 2708 3201 tamen
2743 3144 2812 3200 ut
2849 3146 2949 3200 est
2995 3134 3075 3200 ab
3106 3145 3341 3221 agente
3372 3133 3590 3200 active
3623 3131 3890 3202 sumitur
3928 3129 3978 3196 ad

2493 3250 2924 3317 differentiam
2974 3251 3142 3338 eju8‚
3193 3271 3341 3337 quae
3394 3271 3508 3336 per
3580 3250 3780 3317 alium
3827 3249 3977 3321 fieret.

2492 3378 2603 3433 aut
2642 3387 2757 3452 per
2809 3386 3056 3432 casum.
3111 3369 3188 3432 Et
3234 3367 3300 3432 in
3360 3367 3738 3454 quaestione
3792 3385 3977 3452 [ιι-ωα-

2490 3481 2684 3548 dente
2741 3483 3163 3568 responsione
3237 3487 3303 3549 2.
3365 3484 3477 3549 ad.
3536 3488 3606 3551 3.
3662 3484 3811 3550 dicit
3857 3478 3975 3567 quod

2495 3599 2768 3664 verbum
2800 3598 3063 3684 baptizo
3105 3619 3232 3664 non
3283 3599 3622 3685 signifieat
3663 3601 3860 3687 ipsum
3905 3600 3977 3662 Sa·

2492 3726 2920 3793 eramentum‚
2958 3716 3072 3782 sed
3110 3715 3324 3802 ipsum
3366 3730 3588 3783 actum
3656 3713 3971 3789 ablutionis,

2495 3852 2726 3917 nempe
2758 3844 2829 3898 ut
2868 3845 2964 3898 est
2996 3833 3077 3897 ab
3106 3844 3342 3919 agente
3371 3832 3436 3899 in
3476 3835 3870 3923 subjectum.

2583 3950 2857 4017 Perinde
2912 3961 3127 4018 tamen
3195 3961 3318 4029 est,
3396 3951 3544 4018 sive
3603 3952 3830 4025 active,
3880 3948 3975 4014 sive

2494 4066 2754 4153 passive
2811 4064 3179 4152 proferatur
3233 4065 3508 4133 verbum
3573 4067 3849 4153 baptiza,
3905 4073 3977 4127 aut

2492 4186 2882 4270 baptizetur,
2958 4195 3025 4250 ut
3096 4184 3431 4270 proferunt
3553 4184 3786 4259 Graeci,
3867 4179 3973 4266 quia

2493 4315 2768 4389 utroque
2799 4300 2989 4366 modo
3028 4299 3321 4366 denotari
3355 4315 3574 4386 potest
3605 4314 3803 4374 aetus,
3843 4311 3897 4363 ut
3924 4294 3974 4360 ab

2492 4431 2727 4506 agente
2756 4427 2879 4493 est,
2918 4415 3024 4482 hic
3069 4427 3134 4481 et
3166 4435 3338 4481 nunc
3369 4415 3739 4502 proferente
3769 4416 3971 4480 formam

2493 4550 2557 4603 et
2621 4542 2967 4601 exercente
3043 4546 3283 4599 actum.
3355 4532 3764 4620 significatio
3820 4545 3972 4595 sacra·

2496 4651 2799 4720 mentalis
2855 4651 3159 4718 consistit
3232 4650 3298 4716 in
3373 4649 3712 4716 ablutione
3760 4638 3966 4731 subjecti

2495 4771 2575 4836 ab
2606 4780 2844 4856 agente
2877 4767 2981 4833 vel
3048 4766 3304 4853 agentis
3334 4767 3507 4833 circa
3601 4767 3957 4853 subjectumz

2496 4902 2849 4972 utrumque
2889 4903 3050 4970 ergo
3092 4883 3321 4949 horum
3411 4882 3696 4967 pertinet
3757 4877 3825 4945 ad
3867 4892 3963 4939 ma·

2490 5004 2721 5069 teriam
2760 5000 3187 5079 Sacramenti,
3247 5010 3314 5064 ut
3354 4999 3604 5065 ablutio
3629 4999 3714 5064 sit
3749 4987 3963 5060 transiti-

2495 5142 2599 5201 va,
2625 5133 2688 5186 et
2719 5119 3028 5206 importet
3059 5132 3409 5204 utrumque
3431 5114 3748 5186 ordinem.
3787 5125 3888 5175 tam
3908 5099 3959 5165 nd

2496 5238 2865 5304 abluentem
2943 5256 3137 5323 quam
3249 5234 3330 5300 ad
3404 5233 3764 5321 subJectum
3841 5213 3958 5309 (1⁰⁰4

2495 5352 2805 5419 abluitur.

2585 5467 2873 5535 Dubitari
2915 5466 3105 5548 solet,
3142 5487 3224 5532 an
3271 5465 3437 5532 ritus
3467 5457 3809 5552 baptizandi
3836 5448 3949 5518 “5¹¹³

2496 5584 2917 5653 immersione
2937 5593 3188 5672 spectet
3208 5582 3285 5649 ad
3317 5581 3669 5649 essentiam
3689 5558 3946 5662 Baptismi?
