4255 6375
407 1789 488 1838 An
458 1785 592 1857 ageli

353 1850 406 1899 in
409 1849 654 1900 tellectio-

440 1927 558 1961 nem

447 1990 556 2023 esse

363 2037 597 2085 accidens

369 2115 643 2212 suffina-
685 2125 886 2217 ligat
940 2126 1106 2207 illa,
1155 2127 1221 2199 si
1272 2132 1544 2202 essent
1588 2128 1904 2201 infinita
1961 2129 2231 2221 dispa-

436 2237 536 2272 am.

688 448 773 509 68
1865 455 2009 518 ΗΒ.
2043 453 2144 515 lv.
2176 442 2491 515 SENTEN'
2493 452 2772 518 rlARUM

659 629 810 699 que
867 612 1401 710 intelligibile,
1440 619 1608 691 etia
1631 618 1783 691 msi
1830 617 2227 707 intelligi-

681 728 876 803 bilia
911 739 1250 825 possunt
1301 754 1480 808 esse
1523 735 1838 808 infinita
1888 740 1967 807 et
2031 733 2227 806 alte·

680 847 855 919 rius
906 850 1280 931 rationis,
1324 851 1572 925 etiarn
1633 852 1827 923 adeo
1866 850 2225 942 dispara-

680 967 788 1044 ta,
833 965 1037 1056 quod
1069 965 1384 1037 nullum
1443 987 1730 1039 eorum
1771 974 1897 1040 est
1934 965 2229 1058 princi-

679 1078 901 1170 pium
966 1082 1501 1171 cognoscendi
1568 1083 1950 1156 alterum.
2018 1083 2227 1153 Nam

681 1195 863 1269 istis
907 1198 1198 1288 positis
1239 1220 1336 1271 ex
1385 1204 1614 1291 parte
1658 1199 2224 1291 intelligibilis,

678 1332 838 1384 non
882 1313 1295 1387 invenitur
1330 1316 1871 1407 repugnantia
1900 1337 2000 1388 ex
2044 1337 2231 1409 par-

680 1432 760 1500 te
803 1428 1289 1513 intellectus,
1363 1431 1553 1523 quin
1626 1433 1885 1525 possit
1956 1433 2232 1505 omnia

683 1545 868 1627 ista,
906 1566 1044 1618 seu
1105 1547 1508 1637 quodlibet
1552 1548 1903 1623 istorum
1951 1549 2228 1622 distin-

682 1666 809 1733 cte
840 1667 920 1735 et
957 1661 1313 1755 perfecte
1356 1664 1843 1753 intelligere.

773 1780 920 1851 Sed
1007 1780 1549 1871 repugnantia
1620 1783 1724 1873 (p)
1802 1785 1950 1865 est,
2026 1780 2228 1874 quod

685 1894 1149 1969 intellectus
1274 1898 1560 1988 Angeli
1662 1919 1805 1989 per
1903 1898 2228 1969 unicum

572 2051 614 2093 ,
683 2015 955 2083 actum
1006 2012 1500 2103 intelligendi
1568 2012 1946 2085 distincte
2000 2013 2232 2085 intel-

687 2248 893 2322 rata,
965 2245 1196 2316 modo
1260 2246 1695 2346 praedicto;
1782 2267 1983 2339 ergo
2069 2265 2232 2318 non

684 2366 1084 2451 repugnat
1130 2360 1246 2432 illi
1292 2361 1741 2437 intellectui
1785 2364 2081 2440 habere
2124 2367 2230 2440 in-

676 2475 1224 2549 tellectionem
1284 2479 1531 2551 aliam
1581 2486 1661 2554 et
1702 2482 1951 2556 aliam
1998 2487 2230 2559 reali·

680 2598 829 2674 ter,
878 2595 1068 2668 licet
1111 2602 1505 2690 repugnet
1545 2601 2022 2676 substantiae
2052 2605 2229 2695 ejus

673 2732 852 2784 esse
886 2711 1137 2785 aliam
1187 2720 1268 2787 et
1300 2715 1549 2787 aliam
1593 2717 1975 2800 realiter;
2031 2741 2229 2811 ergo

674 2847 834 2899 non
886 2848 1121 2900 omne
1165 2829 1626 2923 intelligere
1678 2833 2062 2926 possibile
2109 2835 2232 2910 illi

675 2942 1150 3029 intellectui,
1245 2951 1515 3039 potest
1614 2971 1794 3023 esse
1871 2951 2075 3025 idem
2108 2953 2232 3025 illi

676 3061 1200 3144 substantiae;
1239 3083 1439 3155 ergo
1477 3069 1602 3138 est
1644 3065 2041 3140 accidens.

764 3181 1205 3270 Assumpta
1244 3179 1622 3257 videntur
1691 3184 1956 3276 plana,
2026 3206 2231 3278 prae-

668 3298 801 3367 ter
835 3295 1053 3372 illud,
1092 3296 1413 3372 scilicet
1447 3301 1652 3392 quod
1706 3301 1962 3373 unicae
1998 3303 2231 3374 intel-

673 3409 1005 3482 lectioni
1039 3407 1287 3483 finitae
1336 3418 1753 3504 repugnet,
1807 3417 2011 3507 quod
2055 3417 2231 3508 ipsa

670 3524 933 3617 possit
1016 3545 1196 3597 esse
1263 3526 1642 3603 distincte
1723 3530 2228 3605 infinitorum

668 3641 1179 3732 objectorum
1256 3641 1905 3736 disparatorum.
2005 3649 2229 3720 Hanc

670 3758 921 3849 probo
958 3759 1405 3850 tripliciter
1447 3788 1460 3832 :
1533 3762 1835 3843 Primo,
1882 3784 1982 3835 ex
2057 3763 2229 3836 fini·

671 3877 841 3945 tate
901 3872 1481 3948 intellectionis
1527 3876 1607 3948 in
1660 3899 1767 3949 se.
1835 3881 2227 3960 Secundo,

667 4009 765 4060 ex
799 3986 1112 4063 finitate
1151 3989 1611 4066 intellectus
1641 3994 2016 4086 angelici.
2046 3997 2230 4068 Ter-

666 4102 806 4180 tio.
843 4124 943 4176 ex
994 4106 1307 4179 linitate
1339 4109 1715 4183 essentiae
1748 4110 2074 4202 Angeli.

755 4224 876 4295 Ex
922 4224 1187 4314 primo
1280 4227 1680 4317 probatur
1762 4229 2226 4321 dupliciter,

664 4338 938 4431 primo
978 4341 1095 4415 sic
1131 4368 1146 4412 :
1188 4347 1566 4432 intelliyere
1601 4345 1953 4429 unicum,
1995 4346 2062 4418 si
2112 4368 2230 4419 es-

658 4458 778 4528 set
854 4456 1362 4532 infinitorum
1390 4459 1902 4551 objectorum
1971 4463 2231 4556 dispa-

663 4578 1067 4658 ratorum‚
1108 4574 1665 4651 includeretin
1733 4600 1818 4652 se
1876 4579 2228 4652 eminen-

658 4693 786 4763 ter
822 4688 1357 4780 perfectiones
1386 4691 1890 4766 infinitarum
1926 4695 2233 4769 intelle-

656 4803 1045 4886 ctionum,
1076 4827 1250 4897 quae
1290 4810 1501 4881 natae
1545 4812 1731 4881 sunt
1756 4809 2035 4883 haberi
2069 4833 2234 4884 res-

660 4927 892 5012 pectu
949 4921 1282 4993 illorum
1319 4923 1857 5015 objectorum3
1893 4947 2049 4998 non
2094 4950 2225 5000 au·

666 5040 826 5109 tem
861 5043 1135 5129 posset
1163 5038 1301 5110 illa
1323 5038 1778 5113 eminenter
1801 5043 2224 5116 continere

664 5151 745 5224 in
778 5174 886 5232 se,
924 5154 1082 5226 nisi
1114 5158 1328 5227 esset
1357 5155 1754 5229 infinitum
1787 5158 2217 5241 intensive;

664 5269 872 5357 quod
909 5274 1154 5361 patet,
1209 5273 1394 5364 quia
1428 5272 1558 5345 ubi
1595 5272 1754 5345 illae
1800 5273 2221 5350 intellecti-

664 5403 857 5455 ones
889 5392 1159 5460 essent
1203 5390 1641 5461 secundum
1678 5391 2057 5483 proprias
2093 5413 2218 5465 ra-

658 5497 949 5581 tiones,
1006 5501 1111 5574 ibi
1152 5510 1366 5579 esset
1411 5506 1771 5580 infinitas
1839 5506 2216 5600 perfecti-

659 5614 835 5687 onis
879 5616 1221 5690 alterius
1273 5622 1647 5705 rationis,
1703 5629 2042 5716 propter
2082 5624 2212 5697 ob-

2328 612 2574 704 jecta,
2615 635 2790 705 quae
2829 613 3096 706 posita
3130 616 3320 685 sunt
3361 609 3684 683 infinita
3723 607 3886 681 dis·
3971 629 4046 680 ne
4075 630 4151 680 1:oe

2342 728 3337 821 parata;ergoub1sunt
3400 728 3633 801 modo
3686 726 3884 799 emi·
3913 693 4191 818 εῗξεῗὲ

2341 846 2724 926 nentiori
2765 849 2870 920 ibi
2923 852 3254 941 oportet
3306 848 3511 939 quod
3570 845 3680 918 sit
3740 844 3886 917 ali·
3931 818 4176 991 93:23

2342 984 2499 1057 qua
2551 963 2942 1045 infinitas,
2989 986 3150 1037 non
3200 965 3647 1044 extensiva,
3702 945 4137 1070 q11ia,21“4³·,1
4157 1006 4193 1056 ζ

2344 1080 2569 1152 illam
2631 1080 2851 1154 tollit
2926 1082 3200 1154 unitas
3267 1080 3516 1173 hujus
3588 1079 3669 1151 in
3739 1098 3890 1170 quo

2341 1196 2834 1279 continetur,
2880 1216 3078 1289 ergo
3130 1197 3559 1272 intensiva.
3607 1199 3896 1269 Secun-

2340 1313 2439 1386 do
2474 1313 2590 1386 sic
2636 1342 2650 1384 :
2701 1317 2953 1388 Omne
2983 1317 3363 1404 incelliqere
3426 1313 3748 1386 finitum
3779 1311 3896 1382 de·

2345 1430 2842 1502 terminatur
2882 1430 2976 1501 ad
3001 1433 3317 1503 certum
3356 1426 3895 1519 intelligibile,

2340 1547 2465 1618 vel
2524 1548 2619 1618 ad
2680 1546 2953 1637 aliqua
3018 1551 3249 1620 certa
3320 1543 3895 1637 intelligibilia,

2343 1663 2460 1737 ita
2500 1664 2706 1755 quod
2739 1662 2890 1736 sibi
2943 1683 3042 1735 ex
3088 1684 3173 1736 se
3208 1666 3644 1756 repugnat,
3693 1659 3899 1753 quod

2342 1778 2450 1852 sit
2485 1779 2842 1854 aliorum
2876 1779 2974 1851 ab
3014 1778 3203 1861 illis,
3248 1778 3376 1851 vel
3412 1779 3510 1850 ab
3542 1777 3732 1864 illo;
3769 1775 3899 1848 sed

2345 1895 2556 1969 istud
2607 1899 3007 1987 intelliyere,
3038 1895 3105 1969 si
3143 1900 3587 1997 poneretur
3629 1894 3711 1966 in
3744 1895 3899 1965 An-

2345 2012 2524 2103 gelo
2570 2017 2943 2103 respectu
3018 2013 3530 2085 infinitorum
3605 2009 3901 2084 intelli·

2344 2126 2715 2217 gibilium
2782 2127 3422 2218 disparatorum,
3471 2127 3541 2198 si
3596 2127 3896 2206 essent,

2344 2264 2503 2315 non
2553 2244 2669 2315 sic
2711 2243 3434 2326 determinaretur3
3480 2262 3682 2334 ergo
3743 2261 3900 2313 non

2344 2364 2559 2433 esset
2601 2361 2944 2433 finitum.

2433 2478 2791 2551 Secundo
2855 2476 3256 2569 probatur
3296 2478 3426 2568 (q),
3492 2496 3594 2548 ex
3665 2481 3902 2567 parte

2342 2591 2804 2666 intellectus
2883 2594 3171 2686 Angeli
3249 2593 3365 2666 sic
3442 2619 3457 2661 ε
3532 2597 3900 2675 Quorum

2348 2712 2609 2801 potest
2697 2732 2876 2783 esse
2952 2729 3202 2782 unum
3277 2713 3681 2799 intelliyere‚
3754 2708 3900 2780 illa

2348 2833 2688 2918 possunt
2759 2827 3002 2900 simul
3046 2826 3438 2920 intelligi;
3484 2826 3619 2899 sed
3670 2825 3900 2899 intel·

2344 2942 2602 3017 lectus
2635 2944 2909 3017 finitus
2962 2964 3124 3016 non
3186 2947 3458 3038 potest
3513 2944 3900 3017 distincte

2345 3061 2586 3133 simul
2654 3061 3116 3153 intelligere
3195 3060 3509 3134 infinita
3580 3062 3902 3155 objecta

2343 3177 2787 3271 disparata,
2872 3178 3059 3271 quia
3141 3176 3482 3268 majoris
3557 3176 3899 3252 virtutis

2339 3302 2464 3369 est
2506 3296 2885 3370 distincte
2947 3297 3414 3388 intelligere
3462 3296 3700 3389 plura
3740 3297 3902 3368 dis-

2348 3418 2640 3505 parata
2728 3413 2971 3485 simul
3029 3433 3273 3505 quam
3338 3432 3631 3504 pauca;
3696 3432 3898 3505 ergo

2346 3531 2586 3603 simul
2649 3530 3113 3621 intelligere
3176 3530 3559 3604 distincte
3636 3530 3902 3603 infini-

2347 3654 2430 3722 ta
2476 3648 2920 3740 disparata,
2983 3651 3108 3721 est
3163 3646 3502 3721 virtutis
3554 3647 3898 3721 infinitae

2345 3765 2770 3838 intensive.

2433 3882 2546 3954 Ad
2595 3881 2837 3953 istam
2897 3884 3172 3953 tamen
3243 3879 3893 3972 propositionem

2349 3993 2908 4086 respondetur,
3001 3992 3206 4083 quod
3283 3996 3661 4082 intelliqere
3735 4012 3897 4064 non

2344 4111 2467 4180 est
2512 4108 2977 4200 perfectiuS,
3027 4107 3213 4201 quia
3254 4107 3642 4200 plurium,
3707 4128 3899 4182 nam

2345 4224 2792 4298 intellectio
2855 4224 3245 4298 collativa
3296 4223 3586 4317 lapidis
3654 4225 3750 4297 ad
3809 4225 3900 4297 li-

2345 4359 2617 4431 gnum,
2655 4361 2817 4412 non
2857 4345 2983 4414 est
3045 4339 3500 4433 perfectior
3555 4340 3903 4432 cogniti·

2347 4476 2495 4528 one
2530 4456 2908 4529 absoluta
2940 4456 3255 4549 lapidis,
3301 4460 3382 4530 et
3445 4461 3719 4530 tamen
3781 4457 3899 4528 in-

2343 4573 2702 4645 tellectio
2772 4570 2913 4644 illa
2971 4572 3542 4665 comparativa
3609 4571 3899 4664 lapidis

2343 4688 2677 4765 includit
2780 4688 3417 4764 intellectionem
3504 4689 3889 4781 plurium,

2341 4806 2526 4899 quia
2565 4812 3264 4899 comparatorum.
3322 4807 3511 4878 Haec
3552 4825 3890 4899 respon-

2343 4921 2463 4994 sio
2517 4924 2897 5017 supponit
2955 4922 3277 5005 falsum.
3322 4944 3421 4995 ex
3462 4923 3694 5014 cujus
3741 4922 3889 4996 im·

2341 5038 2822 5130 probatione
2887 5043 3108 5130 patet
3169 5039 3684 5132 propositum
3753 5061 3888 5112 no·

2338 5158 2643 5236 strum;
2718 5174 2879 5225 non
2946 5153 3159 5225 enim
3242 5157 3509 5245 potest
3579 5152 3883 5227 intelle-

2334 5274 2514 5343 ctus
2582 5268 2880 5341 habere
2961 5268 3597 5343 intellectionem
3673 5290 3885 5343 com·

2333 5386 2796 5479 parativam
2927 5385 3214 5477 lapidis
3342 5388 3437 5458 ad
3539 5386 3880 5476 lignum,

2328 5504 2487 5577 nisi
2555 5503 2843 5576 habeat
2915 5503 3276 5575 rationes
3344 5502 3882 5594 cognoscendi

2330 5624 2767 5713 utrumque
2805 5619 3245 5713 objectum;
3276 5619 3725 5693 intellectio
3748 5639 3882 5691 au·
