4255 6375
1594 384 1795 448 msT.
1830 385 1877 447 1.
1908 380 2271 459 QUAES'rto
2300 379 2344 440 1.
3495 360 3574 434 43

35 567 132 615 itus
169 565 231 617 in
300 544 629 610 cundum
679 548 852 613 hanc
907 552 1125 612 motus
1180 553 1246 613 in
1303 566 1511 611 vacuo
1562 552 1628 611 et
1674 547 1886 625 spatio

35 635 240 741 {20⁰²
300 685 462 733 non
549 674 899 737 resistente
971 692 1054 737 ex
1122 674 1591 754 impedimento
1666 676 1891 735 essent

35 756 271 870 ffmoffssi,
305 791 845 867 comparabile&
899 797 966 855 et
1002 798 1342 854 servarent
1369 791 1885 869 proportionem,

46 834 153 934 E?
307 906 487 983 quia
535 915 840 972 maneret
899 908 1167 973 limitata
1217 913 1417 971 virtus
1471 911 1765 981 motoris,
1824 911 1890 969 et

309 1020 579 1085 eadem
608 1026 978 1088 resistentia
1022 1026 1281 1089 mobilis
1332 1041 1414 1087 ex
1464 1025 1726 1103 propria
1757 1022 1886 1086 for-

306 1158 464 1215 ma,
506 1161 593 1206 ex
623 1148 861 1225 quibus
888 1144 1079 1209 fieret
1107 1146 1467 1220 successiO,
1509 1143 1664 1206 licet
1713 1141 1886 1204 desi-

306 1265 530 1322 neret
577 1263 909 1325 successio
950 1262 1373 1327 accidentalis
1402 1267 1544 1325 orta
1576 1278 1658 1324 ex
1686 1263 1891 1341 impe·

313 1375 637 1440 dimento
668 1381 880 1457 spatii.

66 1482 152 1535 ³⁹·
407 1497 725 1577 Denique
757 1496 1320 1559 accommodando
1379 1496 1530 1557 hinc
1560 1494 1715 1558 inde
1747 1511 1891 1558 me-

318 1612 521 1674 dium
558 1620 624 1674 et
654 1613 1169 1688 conclusionem,
1220 1630 1414 1693 quam
1446 1612 1602 1675 inde
1649 1613 1886 1691 proba·

312 1744 396 1790 re
456 1729 825 1804 contendit,
876 1745 1119 1809 nempe
1176 1738 1494 1810 quantum
1568 1730 1894 1792 decrescit

316 1860 480 1919 ens,
516 1847 622 1906 vel
653 1847 719 1907 in
751 1851 1069 1925 quantum
1101 1844 1359 1908 accedit
1387 1846 1471 1907 ad
1504 1862 1626 1907 non
1658 1861 1787 1927 esse
1830 1850 1894 1906 et

311 1959 520 2034 nihil,
556 1966 801 2021 tantum
848 1974 1148 2020 crescere
1182 1958 1545 2036 potentiam
1587 1959 1889 2030 activam,

316 2093 477 2155 quae
537 2080 757 2155 potest
810 2092 1014 2153 super
1062 2091 1187 2137 non
1230 2092 1358 2152 ens,
1395 2082 1636 2155 quanto
1681 2076 1893 2155 magis

317 2209 458 2255 non
512 2210 622 2254 ens
666 2192 1035 2268 elongatius
1090 2198 1188 2255 est
1245 2193 1327 2254 ab
1389 2199 1561 2265 actu,
1608 2197 1745 2254 etc.·
1782 2193 1890 2253 ubi

321 2313 609 2389 ponitur
678 2314 1108 2389 augmentum
1179 2326 1262 2371 ex
1333 2315 1515 2387 parte
1586 2313 1895 2386 potentia>

327 2427 607 2498 activam
658 2424 1153 2488 decrementum
1181 2442 1337 2488 vero
1372 2442 1453 2487 ex
1486 2431 1668 2505 parte
1710 2432 1892 2488 actus

326 2543 734 2621 inquantum
776 2539 1030 2602 recedit
1059 2541 1140 2603 ab
1186 2558 1339 2614 esse,
1373 2540 1551 2620 quod
1595 2541 1894 2619 recipere

91 2675 207 2746 *2⁵⁸0
332 2661 589 2736 potest,
636 2657 761 2720 hoc
801 2663 1022 2717 autem
1072 2674 1224 2729 esse,
1273 2658 1452 2737 quod
1512 2662 1738 2720 nalum
1798 2663 1899 2720 est

36 2737 304 2850 mffiffiucffdit
333 2774 671 2853 recipere,
729 2779 832 2837 est
882 2772 1183 2847 finitum3
1245 2790 1404 2853 ergo
1451 2792 1531 2836 ex
1590 2776 1735 2854 ejus
1786 2775 1898 2837 de-

35 2863 266 2978 “fflffinm
342 2897 691 2954 cremento
735 2909 868 2954 non
915 2894 1214 2972 sequitur
1242 2893 1307 2954 in
1340 2893 1627 2969 potentia
1664 2894 1899 2967 activa,

338 3010 471 3071 nisi
500 3008 680 3072 finita
725 3013 791 3070 et
846 3010 1338 3088 proportionata
1378 3010 1696 3082 activitas‚
1758 3027 1900 3089 quae

342 3128 540 3190 etiam
603 3127 808 3189 debet
863 3143 1010 3190 esse
1070 3125 1273 3200 finita,
1328 3134 1582 3190 servata
1631 3144 1897 3206 propor-

343 3244 525 3306 tione
570 3243 656 3305 ad
700 3247 919 3304 actum
968 3260 1168 3322 quem
1219 3243 1352 3316 dat,
1400 3261 1516 3306 seu
1557 3245 1780 3307 educit
1818 3262 1899 3307 ex

346 3361 551 3423 nihilo
584 3367 768 3424 actus
810 3361 895 3423 ad
939 3379 1086 3423 esse.

434 3476 690 3540 Deinde
735 3478 800 3539 id
846 3478 1123 3557 amplius
1184 3477 1574 3550 declaretur,
1632 3494 1893 3556 compa·

346 3597 557 3659 rando
631 3601 869 3667 actum,
941 3600 1052 3678 qui
1111 3600 1413 3662 educitur
1465 3617 1547 3662 ex
1605 3601 1894 3678 potentia

339 3719 633 3781 materia}
674 3717 757 3778 ad
810 3735 881 3779 se
928 3719 1160 3797 ipsum,
1203 3726 1315 3782 aut
1346 3722 1564 3783 similis
1598 3721 1897 3799 perfecti·

343 3836 512 3906 onis,
557 3836 709 3894 uter
752 3831 1051 3896 educitur
1082 3850 1163 3895 ex
1193 3835 1415 3908 nihilo,
1462 3836 1528 3897 id
1573 3845 1694 3908 est,
1741 3855 1898 3915 pro-

344 3947 607 4011 ducitur
663 3965 797 4012 non
854 3955 1331 4031 praesupposito
1388 3954 1716 4034 subjecto,
1787 3958 1896 4019 Hic

344 4082 506 4144 ergo
567 4072 774 4141 actm,
835 4069 946 4146 qui
1001 4069 1302 4132 educitur
1360 4088 1437 4133 ex
1495 4072 1720 4148 nihilo,
1767 4090 1901 4136 non

348 4183 700 4264 elongatur
751 4202 783 4246 a
832 4188 1125 4264 potentia
1177 4190 1387 4269 magis
1448 4205 1646 4266 quam
1711 4191 1897 4264 alter,

45 4382 296 4439 Concursus
348 4305 475 4367 nisi
506 4307 889 4385 inquantum
924 4307 1317 4385 supponitur
1362 4324 1719 4370 concursus
1754 4325 1903 4370 cau·

78 4452 281 4502 maten-im
353 4438 441 4484 sae
483 4422 838 4483 materialis
895 4421 979 4483 ad
1037 4423 1235 4494 hunc,
1296 4428 1362 4485 et
1406 4440 1538 4485 non
1595 4424 1679 4485 ad
1722 4425 1903 4486 illum

45 4513 107 4557 ω
142 4511 317 4570 finitas,
355 4537 733 4617 (loquamur
776 4541 965 4601 etiam
1016 4537 1099 4600 de
1149 4539 1338 4600 simili
1384 4538 1594 4601 forma
1646 4544 1708 4603 in
1748 4558 1900 4619 spe-

356 4655 474 4729 cie,
511 4670 658 4733 quae
700 4655 802 4717 vel
836 4657 1041 4716 creari
1082 4659 1302 4732 potest
1338 4672 1374 4716 a
1419 4655 1558 4716 solo
1603 4658 1767 4730 Dec,
1798 4659 1904 4719 vel

353 4772 550 4834 etiam
606 4770 803 4833 educi
861 4770 943 4833 de
1028 4774 1324 4851 potentia
1378 4773 1659 4854 subjecti
1695 4772 1739 4854 ;)
1781 4773 1901 4836 sed

350 4905 716 4952 concursus
786 4904 999 4952 causae
1066 4888 1444 4964 materialis,
1518 4907 1633 4968 per
1703 4906 1902 4969 quem

348 5025 522 5072 unus
551 5010 634 5072 ab
668 5007 875 5071 altero
927 5006 1123 5070 distat
1158 5011 1226 5070 et
1267 5006 1520 5070 recedit
1555 5007 1660 5071 vel
1707 5025 1902 5071 acce-

351 5127 446 5189 dit
475 5126 560 5189 ad
594 5127 978 5205 potentiam,
1027 5132 1127 5188 est
1166 5124 1383 5188 finitus
1436 5129 1501 5186 et
1549 5125 1899 5200 limitatus;

351 5260 514 5324 ergo
555 5243 882 5322 suppletio
929 5243 1076 5322 ejus
1119 5241 1257 5303 fieri
1305 5247 1521 5319 potest
1551 5256 1670 5320 per
1699 5242 1902 5302 virtu-

350 5370 488 5425 tem
544 5362 823 5424 activam
877 5360 1150 5429 finitam.
1213 5375 1432 5439 neque
1477 5362 1799 5439 requitur,
1831 5362 1904 5420 ut

353 5499 438 5545 ex
493 5483 942 5545 subtractione
997 5482 1279 5544 materiae
1327 5481 1607 5558 amplius
1652 5484 1906 5541 crescat

354 5600 561 5671 virtus
591 5602 798 5663 activa
829 5601 894 5663 in
926 5604 1192 5683 agente,
1226 5600 1346 5662 nisi
1378 5603 1688 5681 quantum
1728 5594 1902 5660 suffi-

46 3446 289 3557 lmptililrgna-

35 3571 142 3643 ratio
203 3573 315 3643 ,¹⁸3⁰-

81 3649 118 3683 αι
199 3653 255 3689 is.

2002 543 2130 605 ciet
2176 542 2259 604 ad
2307 538 2754 618 supplendum
2802 546 3196 597 concursum
3234 525 3549 589 materiae.

2077 661 2129 721 Α
2171 661 2360 722 simili
2411 663 2595 737 patet
2638 659 2704 719 in
2744 669 2940 717 causa
2977 649 3186 712 activa
3215 642 3547 714 inferiore,
3583 663 3660 713 Β,
3715 665 3900 712 natura

2002 795 2143 858 quae
2200 778 2409 859 magis
2465 775 2675 839 influit
2730 771 3075 834 entitatem
3146 782 3226 827 ex
3296 776 3549 841 genere
3607 739 3874 838 efflffiffin

1997 913 2143 970 su0,
2205 912 2404 975 quam
2461 893 2732 956 materia
2783 890 2849 951 in
2902 887 3214 948 effectum
3259 895 3549 943 commu·
3631 856 3836 907 cmm·

2000 1030 2179 1087 nem,
2218 1026 2367 1090 quae
2399 1006 2691 1086 suppleri
2731 1006 2954 1083 potest
2995 1002 3063 1063 in
3118 998 3552 1061 determinata

2001 1132 2326 1194 activitate
2356 1128 2710 1206 superioris
2751 1120 3036 1204 agentiS,
3087 1119 3268 1181 verbi
3314 1113 3550 1198 gratia,

2004 1256 2241 1324 motus,
2289 1250 2399 1328 qui
2447 1244 2747 1328 procedit
2776 1244 2857 1305 ab
2890 1241 3107 1319 aliquo
3140 1242 3382 1317 agente
3435 1251 3556 1314 per

2001 1383 2203 1429 unam
2240 1366 2493 1438 horam,
2541 1366 2762 1441 potest
2811 1375 2958 1421 esse
3002 1354 3220 1418 media
3265 1354 3424 1415 hora
3471 1351 3552 1414 ab

2003 1493 2269 1568 agente,
2321 1486 2509 1565 quus
2552 1483 2617 1544 in
2666 1480 2866 1559 duplo
2905 1477 3109 1539 virtus
3153 1479 3255 1536 est
3284 1470 3548 1545 fortior;

2003 1611 2156 1672 binc
2185 1610 2370 1685 patet
2399 1602 2483 1666 ad
2521 1603 2691 1664 illam
2745 1596 3240 1673 elongationem
3289 1595 3474 1653 actus
3517 1607 3555 1652 a

2003 1725 2294 1806 potentia
2338 1735 2473 1782 non
2518 1717 2689 1797 exigi
2722 1712 3041 1777 infinitam
3068 1710 3377 1772 virtutem
3406 1720 3554 1783 pro-

2004 1842 2351 1905 ductivam.

2088 1960 2388 2021 Doctrina
2449 1960 2691 2025 aulem,
2747 1955 2814 2015 et
2864 1949 3206 2027 responsio
3258 1946 3553 2008 Doctoris
3603 1947 3876 2061 Conffima-

2004 2077 2087 2138 ad
2133 2077 2594 2153 argumentum
2651 2070 2726 2131 D.
2791 2068 3072 2139 Thornae,
3137 2063 3446 2126 fundatur
3487 2062 3548 2123 in
3586 2151 3648 2185 ex
3675 2076 3902 2185 Ptffioso·

2002 2190 2423 2268 PliilosophO,
2469 2188 2592 2248 hoc
2643 2189 2784 2264 ipso
2832 2184 3071 2262 capite,
3119 2198 3203 2243 ex
3251 2198 3382 2261 quo
3429 2180 3552 2242 Ca·
3679 2201 3798 2262 pho.

2000 2312 2264 2393 jetanus
2323 2306 2655 2370 confirmat
2710 2304 3112 2382 oppositum,
3174 2304 3324 2380 quia
3400 2299 3556 2361 dicit

2004 2427 2184 2508 quod
2215 2425 2380 2488 nihil
2416 2424 2594 2486 nulla
2646 2426 2749 2484 est
2792 2418 3203 2493 differentia3
3240 2422 3307 2479 et
3333 2415 3501 2478 infra
3534 2436 3549 2478 ε

2001 2548 2078 2609 Id
2116 2546 2286 2606 enim
2328 2543 2501 2621 quod
2547 2540 2790 2604 excedit
2835 2539 2901 2599 in
2944 2551 3274 2598 excessum
3316 2536 3549 2611 ipsum,

2004 2665 2059 2721 et
2091 2660 2160 2721 id
2186 2660 2360 2733 quod
2395 2656 2754 2726 exceditur,
2799 2669 3044 2716 necesse
3081 2657 3169 2714 est
3198 2653 3549 2726 dividatur,

2005 2789 2127 2845 etc.
2161 2780 2274 2842 ubi
2324 2778 2697 2858 assignatur
2749 2779 2942 2850 rati0,
2998 2790 3201 2853 quare
3247 2775 3426 2837 nulla
3475 2776 3556 2836 sit

2003 2903 2336 2985 proportio
2389 2902 2561 2963 inter
2612 2900 2775 2962 nihil
2835 2903 2900 2961 et
2949 2914 3325 2973 numerum,
3386 2898 3558 2960 inter
3844 2962 3856 2974 ,

2004 3038 2286 3083 vacuum
2322 3024 2388 3081 et
2417 3018 2689 3096 plenum
2729 3016 2797 3078 in
2837 3015 3089 3076 ratione
3138 3013 3352 3092 spatii,
3405 3014 3557 3093 quia
3618 2966 3891 3101 Progssruo

2007 3156 2206 3202 unum
2279 3146 2380 3199 est
2434 3134 2733 3216 privatiO,
2790 3132 2966 3196 aliud
3022 3150 3178 3196 vero
3252 3148 3394 3194 ens.
3455 3132 3555 3194 Sic
3589 3090 3894 3265 Phillsssggho

3614 3232 3788 3268 Sumen
3829 3233 3878 3267 8.

2008 3259 2202 3320 etiam
2244 3269 2464 3332 neque
2513 3252 2689 3314 linea
2745 3254 3054 3329 punctum
3103 3247 3384 3321 excedit,
3433 3248 3557 3308 nisi

2010 3377 2444 3452 componatur
2474 3389 2553 3436 ex
2587 3370 2871 3450 punctis,
2926 3368 3077 3447 quia
3127 3367 3302 3429 linea
3347 3365 3558 3429 divisi-

2006 3491 2175 3564 bilis,
2226 3493 2508 3568 punctus
2554 3484 2960 3549 indivisibilis
3005 3488 3127 3556 est,
3182 3490 3247 3544 et
3287 3498 3552 3560 compa-

2007 3608 2167 3671 ratio
2219 3607 2423 3668 debet
2469 3602 2609 3665 fieri
2657 3600 3029 3664 secundum
3073 3599 3557 3669 extensionem,
3637 3668 3648 3682 .

2008 3742 2154 3806 quae
2182 3723 2554 3803 participari
2601 3719 2803 3783 debet
2841 3720 2908 3780 in
2943 3716 3161 3798 gradu
3192 3715 3559 3779 excedente

2010 3849 2076 3906 et
2106 3857 2446 3921 expresso.

2088 3960 2335 4022 Nullius
2390 3974 2551 4038 ergo
2598 3955 2904 4036 potentiae
2962 3952 3045 4016 ad
3104 3953 3391 4033 aliquam
3451 3971 3561 4032 po-

2009 4077 2306 4148 tentiam,
2360 4074 2481 4135 hac
2539 4072 2793 4134 ratione
2852 4087 2985 4133 non
3045 4074 3146 4131 est
3201 4072 3557 4148 proportiO,

2012 4192 2165 4271 quia
2196 4191 2261 4250 in
2292 4187 2470 4250 nullo
2521 4187 3029 4259 communicant,
3074 4191 3147 4247 ut
3192 4185 3348 4247 dicit
3387 4185 3561 4247 bene

2009 4309 2253 4370 Doctor
2280 4323 2430 4368 cum
2460 4306 2874 4382 PhilosophO,
2908 4321 3042 4365 non
3082 4301 3263 4382 quod
3310 4302 3563 4364 ratione

2013 4439 2329 4485 excessus
2384 4427 2449 4483 et
2505 4421 2925 4500 perfectionis
2996 4419 3375 4482 attendatur
3442 4421 3557 4482 im-

2013 4542 2373 4619 proporti0,
2440 4538 2610 4600 sicut
2662 4536 3001 4617 contingit,
3063 4534 3328 4615 quando
3390 4552 3562 4596 com-

2012 4661 2280 4738 paratur
2322 4653 2644 4718 infinitum
2689 4655 2772 4717 ad
2814 4652 3091 4722 finitum:
3141 4660 3207 4715 et
3249 4654 3399 4715 hinc
3447 4669 3559 4714 su-

2015 4778 2130 4838 mit
2173 4774 2335 4837 ratio
2382 4773 2489 4835 illa
2534 4774 2609 4836 D.
2650 4774 2918 4835 Thomae
2949 4772 3559 4849 improportionem,

2012 4891 2123 4973 (ne
2155 4892 2261 4954 vel
2303 4891 2785 4954 simulationem
2829 4889 3031 4961 illam,
3064 4905 3263 4968 quam
3293 4885 3565 4951 adducit

2015 5012 2394 5094 CajetanuS,
2428 5010 2875 5092 admittamus)
2905 5015 2977 5073 ut
3005 5015 3188 5088 patet
3218 5026 3300 5071 ex
3327 5010 3565 5082 littera,

2016 5129 2166 5209 quia
2197 5129 2331 5192 haec
2373 5129 2729 5207 propositio
2780 5129 3051 5210 :j‚Tanto
3099 5130 3320 5206 major
3361 5129 3569 5190 virtus

2013 5248 2379 5325 requiritur
2433 5246 2499 5309 in
2553 5253 2801 5324 aqence,
2861 5250 3100 5324 quanto
3145 5246 3435 5322 potentia
3479 5250 3568 5308 esi

2013 5365 2226 5442 maqis
2253 5369 2505 5425 remota
2546 5364 2628 5423 ab
2670 5370 2838 5435 actu,
2875 5366 3002 5424 etc.
3053 5365 3315 5441 oportet
3355 5361 3564 5424 invol-

2014 5485 2123 5542 vat
2166 5482 2232 5543 in
2272 5497 2345 5542 re
2392 5485 2559 5559 ipsa,
2605 5480 2780 5541 illam
2824 5479 3335 5558 propositionem
3387 5500 3400 5541 ε
3450 5481 3561 5541 Di·
3644 5552 3656 5577 ς

2014 5600 2252 5665 stantia
2306 5602 2472 5663 inter
2515 5615 2623 5662 ens
2686 5601 2741 5659 ec
2787 5596 2950 5659 nihil
2999 5600 3203 5677 eoeiqic
3251 5597 3568 5675 infinitam
