4255 6375
1397 440 1597 502 DlST.
1687 440 1815 499 Vll.
1848 437 2213 514 QUAESTlo
2251 439 2295 499 1.

289 612 350 674 ti
409 606 911 690 confectionem,
982 616 1177 691 atque
1250 615 1549 669 sanctam
1604 603 1845 668 altaris

285 726 859 792 consecrationem
957 723 1346 788 divinorum
1446 722 1848 803 Pontificum

284 842 681 926 efficacibus
731 838 1165 924 facultatibus
1213 837 1549 923 sinyulari
1582 854 1849 900 munere

285 957 630 1035 attribuit,
668 965 796 1021 etc.
832 966 1047 1019 tamen
1086 950 1489 1019 consecratio
1546 949 1847 1016 altarium

290 1084 512 1160 potest
606 1070 945 1157 delegari3
1031 1089 1191 1155 ergo
1265 1068 1463 1133 etiam
1529 1064 1850 1132 confectio

285 1187 670 1253 chrismatis
703 1184 989 1271 delegari
1034 1195 1269 1270 potest,
1310 1182 1434 1248 nisi
1468 1180 1851 1247 ostendatur

291 1304 463 1369 ratio
501 1302 824 1388 specialiS,
872 1301 1039 1368 sicut
1093 1311 1305 1387 potest
1372 1319 1518 1365 esse
1589 1297 1652 1362 in
1725 1296 1850 1362 mi-

294 1418 578 1486 nisterio
678 1418 1008 1497 ordinum,
1117 1437 1231 1483 seu
1318 1434 1541 1482 eorum
1655 1414 1848 1480 colla-

294 1536 505 1602 tione.

74 1677 138 1744 ts.
392 1651 632 1718 Ultimo
664 1651 923 1717 tandem
967 1669 1097 1716 non
1161 1650 1311 1734 leve,
1356 1646 1851 1713 fundamentum

73 1742 195 1850 1¹2⁹*
300 1767 814 1854 dispensationis
888 1765 1239 1853 aliquando
1314 1764 1524 1842 factae,
1597 1760 1849 1827 desumi

74 1875 239 1911 oeoelo

74 1931 169 1974 ,cta
306 1895 523 1971 potest
554 1904 636 1949 ex
667 1883 977 1948 Toletano
1009 1880 1052 1947 l.
1087 1901 1227 1966 cap.
1267 1884 1375 1946 ΞΟ.
1412 1879 1489 1945 ln
1518 1877 1853 1965 aliquibus

73 1986 262 2039 tando.
307 2002 496 2079 locis,
544 2001 646 2065 vel
706 1999 1082 2086 provinciis
1113 1996 1496 2082 Presbyteri
1535 1996 1853 2060 dicuntur

297 2118 598 2183 chrisma
620 2117 964 2199 conficere,
1023 2115 1279 2201 placuit
1310 2136 1393 2179 eoe
1424 2114 1548 2178 hac
1577 2112 1686 2176 dic
1707 2112 1850 2177 nul-

301 2237 445 2301 lum
492 2234 731 2312 alium,
772 2233 909 2298 nisi
938 2232 1338 2318 Episcopum
1375 2232 1664 2296 chrisma
1695 2250 1850 2294 con-

296 2354 525 2436 ficere,
571 2367 693 2419 etc.
759 2363 823 2418 et
882 2352 1268 2417 Bracharen.
1324 2351 1371 2417 1.
1429 2347 1722 2425 citatum,
1789 2358 1849 2411 et

301 2467 688 2554 Hispalense
719 2470 798 2535 11.
839 2465 1252 2553 Respondent
1284 2465 1482 2552 aliqui
1516 2466 1658 2531 haec
1686 2467 1852 2529 Con-

80 2588 241 2638 ·onsio
302 2573 454 2641 cilia
522 2576 758 2642 factum
823 2596 950 2641 non
1010 2574 1392 2662 approbare,
1464 2571 1575 2638 sed
1635 2569 1850 2656 potius

84 2666 252 2763 23⁰⁸-
302 2692 813 2778 reprehendere,
859 2692 1011 2779 quia
1045 2691 1412 2778 prohibent.
1472 2692 1726 2766 Contra,
1774 2706 1850 2752 eo

300 2807 449 2893 ipso
504 2809 675 2896 quod
712 2810 951 2875 factum
1013 2808 1265 2874 irritum
1309 2805 1512 2872 fuisse
1563 2826 1688 2870 non
1739 2803 1849 2869 de·

294 2922 572 3002 clarent,
621 2945 831 3011 neque
866 2921 1282 3010 repetendam
1315 2941 1462 2986 esse
1493 2918 1850 2984 Confirma-

292 3040 541 3105 tionem
576 3039 808 3106 factam
852 3061 931 3105 ex
965 3038 1074 3105 tali
1116 3037 1494 3117 chrismate,
1543 3035 1850 3101 videntur

288 3176 672 3243 supponere
720 3176 867 3223 cum
902 3153 1198 3242 legitima
1230 3153 1512 3242 primum
1567 3149 1848 3219 auctori-

291 3285 427 3339 tate
459 3273 662 3340 fuisse
695 3272 1023 3339 inductam
1058 3270 1624 3350 consuetudinem,
1651 3290 1847 3357 quam

290 3389 616 3477 deinceps
664 3391 1013 3476 abrogant.
1047 3393 1176 3455 Nec
1225 3389 1439 3454 obstat
1477 3385 1649 3474 quod
1698 3384 1852 3451 dicit

292 3505 747 3572 Florentinum
816 3505 1162 3592 aliquando
1265 3525 1346 3571 ex
1429 3501 1852 3570 concessione

289 3621 482 3689 Sedis
542 3621 936 3708 Apostolicae
995 3620 1365 3707 simplicem
1438 3616 1847 3686 Sacerdotem

292 3738 462 3807 illud
523 3739 932 3805 ministrasse
1002 3737 1273 3825 (supple
1349 3738 1848 3803 Sacramentum

292 3854 826 3921 Confirmationis
847 3856 893 3941 ),
940 3851 1052 3919 sed
1084 3873 1166 3919 ex
1204 3851 1555 3919 chrismate
1586 3851 1665 3917 ab
1695 3851 1850 3937 Epi-

292 3992 498 4057 scopo
547 3984 949 4038 consecrato.
1022 3968 1484 4057 Respondetur
1533 3967 1656 4033 hoc
1723 3987 1851 4033 non

294 4088 604 4176 probare,
674 4087 832 4176 quin
901 4086 1220 4152 committi
1291 4097 1509 4173 posset
1576 4083 1851 4151 facultas

293 4204 687 4271 conficiendi
746 4204 1145 4283 chrismatis,
1211 4202 1359 4268 licet
1408 4223 1535 4267 non
1580 4200 1775 4268 fuerit
1818 4220 1853 4266 a

294 4320 466 4387 Sede
511 4318 878 4407 Apostolica
933 4332 1069 4386 tum
1128 4337 1463 4398 concessa,
1531 4316 1682 4404 quia
1724 4336 1852 4381 non

299 4437 569 4523 expedit
653 4436 1000 4504 extendere
1069 4434 1560 4503 concessionem
1632 4445 1855 4501 contra

294 4555 479 4641 jura,
553 4553 679 4619 nisi
743 4552 1127 4641 inquantum
1172 4572 1382 4645 ‘causa
1450 4572 1590 4618 eam
1650 4549 1858 4637 exigit

302 4668 619 4748 extendi3
682 4690 811 4735 non
844 4668 1199 4756 requiritur
1236 4679 1449 4734 autem
1491 4666 1750 4734 extendi
1793 4666 1859 4731 in

306 4806 386 4851 eo
417 4806 598 4867 casu,
648 4786 728 4852 ad
760 4806 957 4872 quem
1002 4784 1229 4850 alludit
1262 4784 1582 4865 Pontifex,
1617 4783 1728 4871 qui
1761 4792 1861 4848 est

312 4900 609 4988 Gregorii
647 4905 838 4989 Papa}
872 4901 950 4967 ad
988 4900 1409 4987 presbyteros
1441 4899 1506 4964 in
1539 4898 1856 4983 Sardinia,

312 5016 467 5107 quia
509 5019 575 5084 hi
617 5020 697 5085 dc
734 5018 905 5085 facili
937 5039 1017 5083 ex
1061 5019 1241 5097 urbe,
1276 5032 1388 5085 aut
1417 5018 1497 5083 ab
1528 5018 1672 5084 aliis
1702 5017 1863 5084 locis

316 5139 563 5207 vicinis
632 5152 985 5227 potuerunt
1063 5138 1349 5205 chrisma
1414 5149 1862 5204 consecratum

319 5256 673 5343 quotannis
714 5256 980 5323 habere.

120 5402 167 5455 6.
410 5373 491 5461 (f)
535 5375 619 5438 Et
650 5375 771 5439 hoc
812 5397 852 5438 a
893 5375 1203 5440 ministro
1238 5372 1493 5447 idoneo,
1529 5383 1651 5437 etc,
1691 5374 1866 5438 Hanc

318 5490 708 5577 particulam
738 5490 879 5578 ipse
917 5495 1151 5557 Doctor
1170 5490 1485 5576 explicat:
1530 5490 1859 5568 Minister,

318 5607 556 5695 inquit,
602 5620 693 5674 est
741 5609 1131 5695 Episcopus,
1196 5610 1297 5673 vel
1343 5609 1520 5673 alius
1556 5609 1666 5671 cui
1696 5629 1865 5673 com-

3380 439 3499 501 675

1967 602 2144 666 mitti
2168 603 2434 688 poterit,
2511 602 2656 668 ideo
2718 603 2970 669 dicitur
3010 603 3086 667 iu
3131 604 3435 688 yenerali
3464 624 3506 666 a

1964 715 2272 780 ministro
2359 716 2618 795 idonee,
2703 730 2825 784 etc.
2901 717 3291 804 Episcopum
3361 737 3507 783 esse

1965 829 2337 897 ministrum
2388 832 2787 898 ordinarium
2846 833 3042 920 hujus
3110 833 3509 900 Sacramenti

1960 942 2149 1011 docet
2184 946 2351 1015 infra
2406 949 2563 1016 dist.
2600 952 2709 1015 24.
2756 962 2980 1036 qucest.
3019 951 3242 1029 unica,
3281 962 3511 1037 estque

1960 1086 2108 1133 cum
2144 1066 2265 1131 hac
2295 1065 2684 1133 limitatione
2714 1066 3055 1133 definitum
3094 1066 3160 1133 in
3194 1067 3510 1133 Florenti·

1964 1200 2047 1245 no
2113 1192 2177 1248 et
2247 1181 2309 1247 in
2372 1181 2752 1248 Tridentino
2790 1203 2944 1250 sess.
3009 1189 3070 1249 7.
3119 1205 3268 1250 can.
3341 1187 3404 1248 3.
3452 1196 3510 1248 et

1960 1317 2113 1362 sess.
2159 1300 2267 1363 23.
2313 1320 2466 1385 cap.
2530 1305 2600 1364 4.
2654 1322 2800 1366 can.
2862 1304 2923 1367 7.
2962 1299 3071 1365 ubi
3113 1300 3352 1365 dicitur
3394 1322 3510 1386 po-

1963 1426 2261 1480 testatem
2345 1416 2721 1483 conferendi
2815 1417 3390 1484 Confirmationem
3449 1431 3513 1484 et

1965 1527 2238 1597 Ordines
2269 1552 2489 1598 sacros
2521 1533 2847 1618 pertinere
2890 1534 2970 1600 ad
3013 1533 3390 1621 EpiscopOS,
3429 1555 3511 1600 ex

1966 1646 2228 1732 proprio
2293 1646 2498 1734 gradu
2558 1658 2622 1713 et
2688 1648 3120 1730 ordinatione,
3184 1649 3294 1736 qui
3340 1671 3510 1736 proe-

1964 1760 2156 1847 cipue
2213 1762 2289 1829 ad
2348 1763 2641 1830 ordinem
2681 1764 3167 1832 hierarchicum
3207 1765 3512 1832 Ecclesiae

1964 1890 2288 1962 spectant.
2335 1884 2516 1946 Patet
2578 1901 2660 1946 ex
2692 1883 2830 1968 jam
2890 1882 3105 1948 citatis
3146 1882 3502 1961 Clemente,

1969 1993 2306 2080 Dionysio,
2346 1997 2628 2062 Eusebio
2662 2000 2830 2085 Papa
2860 2001 3049 2085 epist.
3086 2003 3157 2065 3.
3211 1999 3509 2066 Melchia-

1965 2112 2069 2187 de,
2117 2114 2520 2195 Innocentio,
2586 2119 2821 2199 Leone,
2867 2116 3142 2198 Gelasio,
3187 2116 3512 2203 Cypriano

1965 2231 2155 2314 epist.
2194 2233 2309 2296 73.
2354 2233 2822 2318 Clirysostomo
2855 2235 3086 2299 homil.
3128 2238 3232 2303 18.
3279 2231 3354 2299 in
3383 2236 3508 2299 Ac-

1967 2356 2058 2412 ta.
2110 2347 2190 2411 Et
2262 2368 2340 2412 ne
2402 2359 2770 2434 repetamus
2819 2349 3058 2429 denu0,
3112 2371 3258 2436 quae
3340 2350 3512 2416 dicta

1964 2474 2142 2543 sunt,
2191 2462 2539 2531 videantur
2606 2469 2852 2548 Patres,
2914 2487 3078 2553 quos
3135 2466 3507 2545 citavimuS,

1964 2577 2066 2643 vel
2107 2579 2441 2665 probando
2475 2581 2720 2668 requiri
2777 2582 3291 2649 benedictionem
3339 2582 3512 2648 chri-

1964 2695 2193 2760 smatis
2255 2696 2702 2783 Episcopalem
2769 2698 2870 2764 vel
2938 2698 3512 2764 confirmationem

1967 2830 2115 2876 esse
2155 2813 2687 2893 Sacramentum,
2750 2829 2813 2881 et
2853 2816 3219 2903 specialiter
3258 2814 3362 2881 illa
3402 2815 3514 2881 de-

1962 2941 2160 3009 creta,
2209 2930 2448 3016 quibus
2526 2943 2803 3018 negatur
2863 2933 3003 2999 haec
3061 2933 3331 3001 facultas
3368 2954 3514 3000 esse

1962 3055 2163 3120 penes
2195 3037 2600 3117 Sacerdotes,
2664 3052 2728 3104 et
2782 3040 3103 3106 reservari
3153 3042 3508 3127 ApostoliS,

1962 3162 2285 3219 eteorum
2328 3155 2822 3223 successoribus
2863 3177 2944 3223 ex
2984 3159 3129 3227 Act.
3165 3160 3229 3223 8.
3294 3169 3354 3224 et
3405 3162 3504 3225 19.

1965 3268 2073 3335 ubi
2108 3269 2521 3358 interpretes

2053 3385 2215 3452 Hinc
2266 3388 2633 3454 excluditur
2689 3410 2871 3455 error
2941 3387 3270 3472 Witclefi,
3333 3414 3508 3459 asse-

1966 3503 2171 3569 rentis
2210 3525 2468 3571 omnem
2510 3508 2921 3575 Sacerdotem
2954 3529 3100 3575 esse
3132 3510 3506 3577 ministrum

1962 3620 2491 3688 Confirmationis
2550 3623 3008 3705 sufficientem,
3074 3626 3138 3691 in
3200 3626 3500 3693 eumdem

1963 3737 2193 3803 incidit
2224 3738 2669 3807 Armachanus
2702 3742 2822 3805 lib.
2871 3746 2974 3806 11.
3013 3741 3097 3808 de
3125 3745 3507 3829 quwstioni-

1961 3855 2075 3920 bus
2112 3855 2575 3935 Armenorum,
2621 3878 2766 3942 cap.
2836 3862 2900 3936 4,
2946 3870 3009 3923 et
3059 3880 3194 3924 rem
3246 3859 3508 3926 dubiam

1963 3981 2186 4034 censet
2217 3969 2560 4036 Durandus
2616 3972 2740 4037 hac
2796 3971 2954 4039 dist.
3003 3984 3229 4059 qucest.
3274 3977 3338 4038 3.
3385 3977 3509 4039 No-

1965 4097 2172 4150 strum
2227 4090 2561 4152 Doctorem
2596 4086 2792 4153 etiam
2825 4087 2889 4153 in
2923 4088 3215 4154 eamdem
3251 4101 3511 4155 senten-

1966 4200 2121 4265 tiam
2154 4201 2416 4269 adducit
2449 4206 2684 4271 Suarez
2714 4204 2870 4270 dist.
2909 4208 3014 4271 36.
3065 4217 3215 4273 sect.
3273 4209 3335 4284 Ξ,
3399 4203 3513 4271 sed

1971 4317 2101 4383 fere
2147 4316 2341 4399 idem,
2394 4320 2629 4408 inquit,
2678 4320 2876 4387 sentit
2925 4324 3253 4389 ScotuS.E
3285 4334 3508 4388 contra

1971 4435 2164 4499 Sotus
2206 4436 2269 4500 in
2301 4437 2693 4503 contrariam
2732 4438 2818 4504 ita
2867 4437 3143 4522 divellit,
3198 4450 3378 4505 utne
3434 4461 3514 4505 ex

1972 4551 2457 4637 dispensatione
2497 4553 2689 4619 etiam
2725 4554 2896 4621 dicat
2957 4575 3147 4642 posse
3186 4556 3514 4622 Sacerdoti

1974 4668 2256 4755 simplici
2292 4669 2412 4735 hoc
2446 4670 2883 4738 ministerium
2911 4672 3306 4745 convenire:
3347 4686 3513 4739 uter·

1974 4805 2101 4871 que
2144 4784 2357 4871 magis
2397 4784 2651 4852 invenit
2692 4788 2864 4874 quod
2894 4786 3204 4874 adjiceret
3235 4790 3513 4871 Doctori,

1979 4921 2174 4988 quam
2214 4901 2383 4989 quod
2434 4923 2514 4967 ex
2550 4902 2660 4968 illo
2692 4904 2982 4973 referret.

2063 5018 2396 5085 Resolutio
2437 5019 2612 5085 enim
2653 5020 2945 5086 Doctoris
2986 5022 3050 5087 in
3098 5023 3216 5088 hac
3257 5024 3521 5109 quaesti·
3677 5055 3755 5104 87.

1982 5153 2105 5199 one
2144 5136 2517 5201 continetur
2548 5136 2611 5201 in
2646 5136 2778 5202 sola
2821 5137 3196 5206 definitione
3227 5140 3521 5226 assigna·
3577 5117 3843 5167 Doctorem

3553 5194 3651 5227 non
3679 5196 3785 5230 eSSe
3818 5197 3870 5229 111

1985 5261 2069 5329 ta,
2106 5262 2170 5315 et
2225 5256 2368 5341 ejus
2408 5252 2841 5339 explicatione
2881 5256 3210 5342 subjecta;
3255 5258 3525 5343 opponit
3580 5241 3852 5356 senigrfftia.

1980 5390 2195 5442 autem
2258 5392 2389 5443 tres
2431 5380 2737 5457 rationeS,
2800 5379 2877 5445 ad
2919 5401 3081 5467 quas
3141 5403 3260 5447 suo
3298 5382 3526 5450 ordine

1981 5492 2355 5577 respondet,
2385 5493 2574 5578 juxta
2615 5495 2948 5563 diversum
2996 5496 3259 5563 modum
3299 5499 3523 5567 dicen-

1981 5608 2046 5675 di
2077 5608 2376 5677 aliorum.
2425 5614 2492 5677 ln
2538 5613 2965 5699 responsione
3002 5630 3220 5682 autem
3269 5616 3347 5683 ad
3391 5630 3526 5684 ter-

3621 3421 3783 3471 Error

3563 3484 3816 3533 witelefi.
3837 3483 3863 3547 ’ζ

3563 3551 3615 3595 et
3644 3548 3824 3596 Arma-

3617 3608 3766 3658 chani
3776 3645 3791 3659 .
