4255 6375
649 1946 678 1995 5

533 1983 839 2057 Poeniienua

883 357 1002 418 436

881 521 1120 611 cepit,
1220 520 1315 591 ad
1425 521 1921 593 causandum
2017 521 2420 602 effectum,

882 656 1126 727 quam
1164 636 1336 710 cito
1385 636 1585 709 obex
1643 637 2004 710 tollitur.

965 754 1114 825 Sed
1154 758 1446 827 contra
1506 755 1721 828 istud
1781 757 2192 846 arguitur,
2239 756 2432 849 quia

872 890 1019 961 per
1084 870 1646 963 poenitentiam
1696 871 2016 944 deletur
2077 872 2238 945 ista
2283 874 2421 947 fic-

867 985 988 1057 tio
1043 1007 1188 1078 per
1249 991 1360 1067 te;
1397 996 1590 1060 'non
1654 992 1934 1061 autem
1981 993 2251 1081 potest
2292 991 2421 1063 de-

863 1099 1016 1172 leri
1061 1120 1306 1173 unum
1342 1107 1776 1194 peccatum
1812 1103 2188 1185 mortale,
2230 1105 2421 1196 quin

862 1216 1286 1292 deleantur
1363 1219 1658 1302 omnia,
1717 1218 1902 1311 quia
1982 1221 2418 1294 secundum

866 1338 1413 1428 Augustinum
1466 1364 1481 1408 t
1527 1342 1812 1427 Impia-m
1851 1354 1942 1407 esc
1980 1365 2021 1406 a
2056 1345 2189 1407 Deo
2219 1343 2419 1410 dimi-

866 1455 1049 1520 diam
1087 1478 1360 1542 sperare
1395 1458 1656 1522 veniam
1686 1483 1710 1537 ,·
1769 1474 1969 1545 ergo
2009 1475 2153 1546 peP
2189 1454 2418 1527 illam

868 1569 1427 1662 poenitentiam
1488 1570 1859 1642 delentur
1922 1570 2194 1642 omnia
2254 1570 2417 1643 alia

871 1689 1204 1778 peccata
1241 1712 1255 1767 ;
1293 1707 1452 1758 non
1506 1706 1705 1777 ergo
1777 1686 2050 1778 gratia
2094 1686 2415 1779 Baptis-

873 1801 1108 1873 malis
1158 1801 1364 1873 delet
1408 1801 1549 1874 illa
1599 1801 1787 1874 alia.
1946 1876 1957 1890 ,

961 1921 1187 1999 Item,
1245 1920 1556 1992 nullum
1631 1924 2051 2011 peccatum
2111 1924 2415 1993 morta-

572 2084 724 2118 sssss
728 2071 794 2120 ὼ
870 2032 965 2117 le,
1042 2036 1245 2127 quod
1316 2036 1527 2109 inest
1617 2040 1800 2127 post
1873 2034 2409 2128 Baptismum,

521 2131 696 2182 tabula
727 2139 839 2197 post

425 2243 429 2249 ,
550 2195 731 2244 nausra
773 2196 809 2246 i-

629 2274 715 2310 um
726 2298 737 2310 .

872 2153 1138 2240 potest
1179 2152 1430 2223 deleri
1479 2152 1975 2245 poenitentia,
2027 2152 2216 2245 quia
2268 2152 2412 2225 illa

863 2270 989 2338 est
1057 2269 1402 2340 secunda
1480 2269 1753 2341 tabula
1826 2274 2008 2360 post
2077 2268 2405 2341 naufra-

863 2384 1110 2475 gium,
1221 2385 1655 2458 secundum
1749 2384 2402 2475 Hieronymum;

862 2501 1002 2573 illa
1079 2508 1350 2574 autem
1393 2503 1555 2574 alia
1609 2506 1964 2594 peccata,
2032 2523 2205 2594 quae
2248 2523 2406 2576 non

859 2623 1044 2691 sunt
1112 2638 1364 2690 causa
1433 2617 1813 2697 fictionis,
1882 2620 2159 2692 insunt
2224 2623 2405 2710 post

853 2736 1410 2828 Baptismum;
1485 2756 1686 2828 ergo
1757 2757 1917 2810 non
1996 2736 2399 2817 delentur,

851 2852 1011 2924 nisi
1056 2874 1199 2945 per
1249 2854 1836 2946 poenitentiam:
1877 2853 2000 2925 vel
2038 2853 2105 2925 si
2140 2854 2404 2944 fingas

853 2969 994 3041 illa
1021 2970 1271 3042 deleri
1309 2990 1452 3062 per
1505 2971 2045 3062 Baptismum,
2087 2971 2402 3061 quando

849 3085 1179 3160 tollitur
1292 3087 1950 3179 impedimentum
2064 3088 2401 3160 effectus

848 3203 1282 3295 Baptismi,
1352 3223 1615 3295 quare
1697 3223 1851 3275 non
1936 3207 2202 3296 potest
2285 3203 2400 3276 ita

847 3320 989 3393 illa
1029 3319 1275 3400 fictio,
1352 3340 1526 3410 quae
1582 3319 1731 3390 fuit
1795 3319 2401 3412 causaimpedi·

848 3436 1123 3516 menti,
1177 3435 1382 3514 tolli,
1414 3436 1725 3526 quando
1760 3438 2026 3508 cessat
2070 3434 2395 3528 impedi-

849 3557 1208 3626 mentum
1270 3572 1413 3644 pcr
1476 3551 1740 3645 ipsum
1797 3552 2304 3644 Baptismum
2358 3560 2392 3625 ⁶?

936 3671 1017 3744 Si
1059 3671 1378 3743 dicatur
1447 3671 1540 3742 ad
1586 3669 1942 3764 primum
2012 3671 2389 3752 istorum,

539 3788 570 3835 ⁴1
670 3788 700 3820 ¹¹
755 3799 775 3808 ·
843 3787 1047 3877 quod
1118 3785 1614 3878 poenitentia,
1678 3790 2072 3876 quantum
2125 3791 2252 3860 est
2299 3785 2392 3857 de

585 3835 728 3884 dam.

845 3923 950 3983 se,
1017 3907 1294 3995 posset
1351 3903 1620 3975 delere
1687 3902 1963 3975 omnia
2027 3907 2388 3995 peccata,

840 4023 1115 4091 tamen
1176 4021 1485 4112 quando
1542 4019 2045 4112 praevenitur
2085 4020 2184 4091 ab
2243 4019 2389 4091 ali-

840 4155 995 4227 qua
1057 4156 1303 4208 causa
1389 4135 1864 4228 potentiori,
1945 4155 2107 4207 non
2182 4136 2390 4209 delet

839 4250 1016 4333 illa;
1092 4253 1224 4324 sed
1277 4253 1433 4325 ista
1487 4273 1734 4324 causa
1788 4257 1911 4325 est
1959 4251 2094 4324 hic
2149 4272 2389 4344 quan-

837 4374 1010 4442 tum
1062 4369 1156 4440 ad
1228 4369 1389 4440 alia
1452 4390 1592 4440 sex
1657 4372 2018 4461 peccata,
2075 4369 2389 4443 scilicet

833 4486 1106 4576 gratia
1150 4486 1709 4578 Baptismalis,
1768 4506 1943 4577 quae
1993 4486 2389 4577 praevenit

835 4600 1390 4694 paenitentiam
1488 4600 1612 4672 vel
1694 4601 2073 4673 effectum
2182 4602 2382 4694 ejus.

832 4719 1002 4790 Hoc
1056 4738 1217 4789 non
1271 4717 1590 4789 videtur
1635 4716 2151 4798 rationabile,
2199 4718 2388 4809 quia

830 4836 1053 4928 prius
1142 4835 1641 4907 naturaliter
1725 4833 2060 4907 tollitur
2131 4834 2381 4918 fictio,

830 4975 926 5045 qu
954 4972 1085 5024 am
1202 4971 1349 5044 per
1451 4950 1964 5042 Baptismum
2084 4950 2384 5044 aliquid

828 5070 1250 5147 causetur;
1291 5066 1424 5138 sed
1497 5067 1575 5138 in
1628 5065 1770 5138 illo
1827 5066 2092 5158 priori
2140 5087 2383 5160 opor-

830 5187 943 5256 tet
1038 5181 1339 5254 habere
1427 5201 1708 5253 veram
1790 5180 2374 5272 poenitentiam,

820 5299 1005 5391 quia
1064 5298 1286 5372 fictio
1331 5318 1492 5369 non
1562 5297 1888 5371 tollitur
1948 5296 2119 5368 sine
2179 5317 2376 5369 vera

826 5414 1329 5508 poenitentia,
1454 5414 1891 5487 secundum
1987 5414 2375 5504 Augusti-

822 5550 1040 5614 num,
1132 5550 1329 5603 vera
1405 5529 1883 5622 poenitentia
1948 5529 2182 5622 plene
2253 5551 2370 5602 re-

2065 359 2210 420 12113.
2260 360 2358 420 lv.
2388 358 2982 423 SENTENTIARUM

2547 521 2932 595 conciliat
2974 523 3165 604 Deo,
3215 528 3612 614 quantum
3649 523 3730 595 ad
3754 523 3935 600 omnia

2537 658 2734 730 ergo
2786 637 3255 730 Baptismus
3318 658 3477 711 non
3532 642 3776 731 potest
3831 659 3942 732 prae-

2535 756 2814 827 venire
2863 754 3239 829 effectum
3280 756 3773 847 poenitentiae,
3806 777 3942 848 quan·

2538 874 2709 943 tum
2769 870 2865 942 ad
2907 869 3208 962 aliquid
3239 870 3668 943 delendum
3712 870 3805 949 ibi.
3847 871 3941 943 imo

2536 987 3009 1080 poenitentia
3077 989 3469 1082 praevenit
3527 994 3855 1082 quantum
3898 991 3946 1060 ad

2539 1104 2843 1177 omnia.

2619 1224 2905 1297 Posset
2999 1242 3198 1315 ergo
3295 1223 3543 1297 aliter
3614 1223 3774 1306 dici,
3828 1223 3950 1314 quod

2536 1339 3009 1431 poenitentia
3064 1361 3262 1413 vera
3324 1337 3690 1433 perfecte
3724 1340 3949 1413 reconci-

2532 1452 2679 1528 liat
2711 1457 2903 1536 Deo,
2941 1460 3020 1528 et
3058 1476 3200 1548 per
3232 1476 3727 1548 consequens
3754 1455 3977 1528 nullum.

2532 1573 2959 1661 peccatum
3051 1572 3463 1663 relinquit.
3570 1573 3712 1646 Sed
3783 1577 3950 1645 tamen

2529 1705 2687 1758 non
2781 1706 3015 1759 omne
3128 1688 3334 1780 quod
3414 1688 3684 1769 infuit,
3752 1709 3854 1781 per
3906 1708 3950 1757 se

2529 1804 2790 1883 curat,
2867 1803 2999 1875 scd
3070 1808 3394 1876 tantum
3465 1804 3664 1877 illud
3706 1803 4016 1896 quodesti*

2527 1918 2932 2010 objectum
2998 1919 3514 2011 poenitentiae,
3581 1922 3674 1993 de
3710 1941 3828 2012 quo
3866 1918 3949 1989 sci·
3998 1886 4016 1921 ἦ

2524 2034 2711 2106 licet
2793 2034 3185 2126 poenitens
3264 2037 3631 2128 poenitet.
3710 2034 3950 2118 Quando-

2527 2172 2676 2242 que
2763 2156 3037 2224 autem
3095 2158 3427 2245 oportet
3499 2174 3725 2226 omne
3780 2171 3951 2245 pecca-

2528 2272 2700 2340 tum
2767 2267 2977 2360 quod
3018 2267 3360 2353 deletur,
3419 2291 3600 2342 esse
3673 2270 3952 2360 obJectum

2526 2383 3041 2473 poenitentiae,
3117 2387 3397 2477 utpote
3450 2385 3516 2457 si
3598 2384 3829 2457 omnia
3876 2381 3955 2454 illa

2522 2502 2856 2591 peccata
2926 2499 3089 2573 sint
3159 2504 3601 2574 commissa
3677 2506 3825 2594 post
3866 2499 3952 2568 Ba·

2526 2614 2937 2707 ptismum,
3016 2617 3486 2710 quandoque
3549 2624 3799 2693 autem
3858 2633 3952 2686 non

2519 2735 2870 2824 oportet,
2968 2735 3050 2804 ut
3153 2735 3234 2806 in
3338 2735 3765 2828 proposito.
3838 2734 3947 2804 Non

2516 2869 2716 2941 ergo
2817 2870 2963 2943 per
3061 2850 3457 2924 virtutem
3573 2848 3949 2946 poenitentiae

2513 2966 3041 3040 dimittuntur
3120 2966 3251 3040 hic
3349 2969 3620 3042 omnia
3692 2971 3945 3062 peccata,

2515 3084 2648 3156 sed
2747 3084 2827 3156 in
2923 3085 3405 3178 poenitentia
3508 3086 3947 3160 dimittuntur.

2512 3202 2816 3289 partim
2924 3223 3071 3295 per
3176 3204 3744 3296 poenitentiam,
3834 3220 3952 3294 par·

2511 3318 2658 3392 tim
2749 3340 2892 3411 per
2991 3320 3240 3392 aliam
3327 3340 3698 3402 causam;
3754 3324 3818 3392 et
3879 3316 3949 3387 sic.

2507 3453 2666 3505 non
2751 3433 3098 3509 habetur
3194 3435 3298 3508 ibi
3402 3436 3716 3509 dimidia
3784 3432 3945 3504 venia

2505 3555 3061 3641 peccatorum,
3137 3553 3268 3623 sed
3327 3557 3503 3626 tota
3545 3573 3589 3628 a
3635 3554 3800 3628 Deo,
3839 3566 3950 3618 non

2505 3667 2784 3736 tamen
2840 3667 3018 3738 tota
3054 3686 3199 3757 per
3234 3665 3786 3759 poenitentiam,
3824 3661 3945 3753 quia

2508 3800 2669 3852 non
2759 3781 3129 3873 oportuit
3215 3782 3305 3854 de
3389 3782 3760 3863 omnibus,
3835 3794 3949 3870 quae

2505 3895 2853 3975 inerant,
2972 3897 3327 3990 peccatis
3421 3898 3800 3990 poenitere.
3884 3892 3945 3963 Et

2508 4015 2944 4087 secundum
3043 4015 3194 4089 hoc
3290 4022 3510 4091 esset
3601 4013 3943 4089 dicendum.

2505 4133 2709 4222 quod
2780 4131 2921 4205 illa
2992 4153 3135 4205 sex
3195 4133 3590 4216 delentur,
3646 4137 3721 4206 et
3773 4148 3946 4224 quan-

2504 4253 2677 4321 tum
2765 4250 2859 4322 ad
2922 4250 3268 4343 culpam,
3335 4256 3415 4325 et
3488 4254 3829 4345 quantum
3886 4241 3943 4314 ad

2506 4385 2854 4457 poenam,
2900 4386 3045 4439 nec
3086 4368 3177 4441 de
3208 4367 3325 4440 eis
3373 4371 3687 4460 oportet
3731 4363 3946 4435 habere

2500 4482 3107 4564 contritionem,
3189 4504 3332 4557 nec
3412 4482 3943 4557 confessionem,

2499 4620 2643 4672 nec
2715 4600 3398 4685 satisfactionem,
3465 4603 3593 4676 sed
3639 4600 3860 4672 solum
3886 4592 3942 4662 de

2501 4717 2641 4789 illo
2704 4719 3081 4810 septimo,
3149 4722 3355 4811 quod
3437 4720 3585 4793 fuit
3618 4732 3833 4790 causa
3862 4709 3943 4782 fic-

2504 4831 2781 4907 tionis.

2586 4950 2701 5022 Ad
2753 4949 3185 5022 secundum
3260 4954 3533 5043 potest
3590 4947 3751 5027 dici,
3798 4933 4013 5056 quodf'

2499 5065 2771 5137 omnia
2842 5070 3173 5159 peccata
3246 5068 3645 5149 mortalia,
3701 5059 3828 5136 etsi
3864 5053 3998 5134 in·1³.=

2495 5186 2680 5254 sunt
2726 5187 2912 5274 post
2952 5182 3491 5275 Baptismum,
3538 5189 3773 5278 tamen
3818 5171 3928 5247 nul·
3987 5183 3992 5189 ·

2490 5300 2656 5372 lum
2720 5320 3006 5373 eorum
3050 5301 3202 5373 fuit
3271 5322 3545 5385 causa,
3598 5297 3765 5391 quin
3806 5265 4003 5385 jam}²3²

2487 5422 2760 5491 essent
2819 5418 3104 5490 deleta.
3182 5418 3386 5491 Illud
3455 5422 3703 5492 autem
3754 5394 3996 5501 septi-‘³³

2493 5551 2736 5615 mum,
2781 5530 2938 5605 fuit
2979 5551 3227 5605 causa
3259 5552 3514 5624 quare
3548 5549 3676 5604 nec
3708 5511 4009 5619 ipsum&
