4255 6375
774 391 893 452 674
2060 381 2202 442 LlB.
2239 381 2338 443 lV.
2370 381 2964 448 SENTENTIARUM

786 550 1045 616 diversa
1076 560 1175 614 est
1207 547 1565 615 secundum
1606 545 1940 611 diversum
1975 543 2175 610 ritum
2211 545 2330 608 Ec-

783 663 1170 742 clesiarum;
1240 683 1398 748 ergo
1440 661 1651 748 magis
1699 659 2004 744 congruit
2048 668 2337 744 potesta-

783 795 912 847 tem
951 801 1095 845 esse
1154 780 1219 844 in
1280 777 1565 845 Ecclesia
1612 773 1958 861 delegandi
2025 774 2193 838 hanc
2235 770 2335 837 sa-

782 897 1087 962 cultatem
1137 915 1331 982 quam
1373 892 1667 970 alteram,
1717 911 1866 979 quae
1925 903 2021 955 est
2077 889 2337 973 superi-

784 1014 916 1079 oris
945 1013 1230 1092 Ordinis,
1265 1027 1328 1076 et
1360 1010 1569 1098 magis
1608 1009 2066 1090 determinata,
2114 1019 2183 1071 ut
2226 1024 2334 1091 pa-

788 1143 904 1213 tet,
959 1130 1110 1217 quia
1178 1129 1443 1195 materia
1506 1139 1569 1194 et
1625 1128 1832 1193 forma
1908 1123 2337 1191 determinata

440 1272 593 1347 Quod
648 1289 760 1325 ma-
790 1247 1317 1324 suntachristo,
1380 1244 1550 1310 sicut
1589 1256 1651 1309 et
1709 1242 2007 1308 minister
2073 1238 2338 1306 ordina-

436 1354 516 1454 ⁸¹:
539 1338 763 1452 dfffflt
791 1364 948 1441 riuS,
1006 1383 1237 1448 nempe
1277 1359 1592 1448 Apostoli,
1636 1370 1701 1424 et
1737 1379 1962 1424 eorum
2002 1375 2340 1422 successo-

441 1469 763 1580 iiffiuiaixe
793 1501 921 1563 reS,
968 1492 1037 1547 ut
1077 1479 1368 1567 praedicti
1410 1482 1629 1544 Patres
1669 1489 1730 1542 et
1760 1475 2042 1541 Concilia
2084 1473 2331 1551 dicunt,

437 1590 760 1704 mgtfflb·
791 1607 854 1661 et
891 1594 1219 1682 colligitur
1267 1616 1345 1659 ex
1403 1594 1585 1658 Actis
1640 1614 1786 1678 cap.
1822 1594 1886 1657 8.
1940 1602 2000 1655 ct
2044 1593 2149 1655 19.
2223 1587 2333 1653 sed

474 1717 731 1772 Ecclesiae·
791 1723 1033 1800 quanto
1084 1712 1294 1797 magis
1334 1722 1433 1775 est
1464 1708 1798 1796 quidpiam
1832 1705 2333 1771 determinatum

784 1829 934 1915 jure
963 1827 1204 1900 divino,
1251 1839 1430 1892 tanto
1500 1825 1718 1890 minus
1775 1822 1946 1888 cadit
1986 1822 2107 1887 sub
2159 1833 2334 1906 pote-

789 1956 954 2010 state
994 1944 1339 2022 Ecclesiam
1371 1963 1528 2028 ergo
1558 1960 1704 2007 cum
1734 1937 2189 2006 determinatio
2231 1937 2310 2002 be

788 2059 1175 2126 nedictionis
1215 2070 1530 2146 quantum
1599 2056 1677 2122 ad
1710 2056 1983 2126 formam
2021 2067 2083 2120 et
2134 2053 2329 2118 ritum

782 2174 995 2242 subsit
1044 2174 1375 2254 Ecclesiae,
1434 2172 1645 2261 magis
1706 2184 1917 2259 potest
1973 2190 2116 2236 eam
2158 2168 2331 2235 dele·

781 2312 960 2378 gare,
999 2311 1192 2378 quam
1228 2291 1442 2377 ipsum
1477 2288 1916 2355 ministerium
1950 2289 2330 2352 Sacramen-

783 2407 855 2484 ti,
900 2407 1072 2494 quod
1121 2406 1423 2493 delegare
1452 2418 1686 2493 potest.

871 2523 1334 2602 Confirmatur,
1378 2522 1531 2609 quia
1563 2522 1617 2587 si
1659 2520 1968 2588 Ecclesiae
2008 2529 2183 2585 esset
2222 2517 2325 2582 de-

453 2650 726 2765 Oonttiigma·
784 2638 995 2725 legata
1072 2650 1358 2726 potestas
1427 2637 1810 2704 instituendi
1880 2640 2319 2712 Sacramenta,

622 2753 638 2767 “
784 2760 1272 2824 Sacramentum
1331 2768 1505 2823 esset
1574 2753 1959 2842 simpliciter
2006 2763 2322 2839 quantum

779 2874 858 2939 ad
937 2873 1418 2939 institutionem
1499 2885 1563 2938 et
1639 2868 2134 2937 destitutionem
2232 2867 2323 2932 rei

777 2989 1135 3069 sensibilis,
1192 2989 1255 3054 in
1288 2990 1433 3076 ejus
1474 2999 1837 3075 potestate;
1887 3005 2058 3050 nunc
2105 2995 2323 3048 autem

776 3105 919 3172 ideo
949 3128 1077 3172 non
1127 3117 1226 3171 est
1257 3105 1379 3172 sub
1412 3116 1733 3192 potestate
1792 3100 2124 3178 Ecclesiae,
2171 3097 2324 3189 quia

776 3223 882 3288 illa
950 3223 1270 3290 institutio
1324 3244 1454 3288 non
1525 3221 1646 3288 ruit
1701 3219 1759 3287 ei
1828 3239 2160 3297 concessa,
2207 3217 2320 3285 sed

774 3340 938 3406 ritus
979 3343 1569 3419 Sacramentorum,
1607 3338 1817 3425 qualis
1847 3352 1945 3403 est
1985 3336 2093 3402 illa
2129 3336 2323 3401 bene-

771 3455 966 3523 dictio
1010 3455 1202 3537 dicta,
1248 3470 1402 3523 sunt
1454 3454 1840 3543 simpliciter
1888 3453 1952 3518 in
2003 3464 2321 3539 potestate

775 3573 1105 3652 Ecclesiae,
1168 3595 1250 3639 ex
1289 3572 1580 3639 Trident.
1637 3593 1799 3637 sess,
1865 3574 1973 3636 al.
2033 3590 2177 3656 cap.
2252 3574 2314 3634 1.

772 3689 881 3756 ubi
932 3689 1253 3755 declarat:
1316 3692 1489 3755 hanc
1542 3698 1931 3775 potestatem
1999 3697 2318 3773 perpetuo

772 3807 850 3871 in
883 3808 1177 3871 Ecclesia
1223 3807 1451 3891 fuisse,
1500 3816 1570 3870 ut
1620 3808 1695 3870 in
1729 3807 2319 3869 Sacramentorum

769 3924 1286 4009 dispensatione,
1360 3922 1549 3987 salva
1626 3943 1851 3986 corum
1918 3920 2310 3997 substantia,

765 4050 1080 4105 statueret
1143 4040 1245 4104 vel
1293 4049 1599 4116 mutaret,
1638 4060 1781 4124 quoe
1812 4038 2319 4123 suscipientium

769 4156 1073 4231 utilitati,
1163 4177 1274 4220 seu
1345 4157 1640 4240 ipsorum
1723 4155 2317 4220 Sam-omentorum

767 4274 1201 4350 venerationi,
1255 4281 1379 4336 etc.
1447 4270 1656 4356 magis
1705 4269 2014 4355 expedire
2053 4268 2313 4357 judica-

767 4399 884 4453 ret.
933 4389 1065 4452 Hoc
1093 4399 1311 4452 autem
1354 4406 1556 4451 unum
1598 4407 1677 4451 ex
1737 4385 1867 4451 illis
1915 4407 2059 4452 esse
2100 4395 2314 4471 potest

768 4522 883 4587 pro
917 4522 1161 4581 rerum,
1200 4513 1567 4585 temporum
1590 4512 1662 4591 ‘et
1703 4501 1992 4566 locorum
2038 4500 2311 4566 varieta-

767 4630 851 4696 te,
894 4628 963 4684 ut
1006 4628 1201 4703 patet,
1248 4617 1399 4703 quia
1450 4616 1832 4697 necessitas,
1868 4638 2017 4703 quse
2067 4617 2314 4683 sufficit

767 4733 846 4801 ad
878 4731 1357 4819 delegationem
1393 4731 1767 4808 ministerii,
1831 4731 2074 4798 sufficit
2114 4733 2311 4798 etiam

766 4850 842 4916 ad
907 4848 1381 4936 delegationem
1445 4845 1766 4913 facultatis
1856 4848 2307 4926 benedicendi,

763 4987 957 5053 quam
995 4964 1510 5030 benedictionem
1565 4962 1701 5049 ipsa
1762 4964 2046 5030 Ecclesia
2095 4977 2310 5030 muta-

762 5107 832 5150 re
873 5094 1109 5169 potest,
1157 5091 1472 5166 quantum
1523 5080 1599 5146 ad
1647 5081 1918 5148 sormam
1954 5095 2017 5146 ct
2066 5081 2305 5159 ritum;

761 5221 943 5284 ergn,
990 5210 1113 5264 etc.

421 5353 722 5420 Responsio.
848 5314 1031 5379 Dices
1075 5311 1318 5399 requiri
1360 5332 1441 5377 ex
1473 5310 1694 5376 divina
1749 5311 2182 5391 institutione,
2239 5321 2308 5375 ut

439 5420 702 5533 Imft’lffrgfa‘
758 5429 1122 5496 benedictio
1156 5428 1259 5494 fiat
1303 5427 1383 5493 ab
1423 5428 1766 5513 Episcop0‚
1815 5427 1964 5492 licet
1996 5427 2200 5493 forma
2244 5438 2308 5492 et

755 5547 922 5614 ritus
973 5543 1393 5612 benedicendi
1428 5544 1641 5610 subsit
1671 5544 1998 5610 Ecclesiae.
2036 5548 2296 5626 Contra,

2454 541 2594 607 ideo
2628 543 2989 611 benedictio
3026 561 3274 633 spectat
3311 547 3396 613 de
3461 549 3856 634 congruitate
3882 548 3945 613 di·

2450 657 2625 724 vinae
2731 659 3164 727 institutionis
3219 664 3300 730 ad
3365 663 3781 750 Episcopum,
3839 664 3945 751 quia

2452 773 2887 839 ministerium
2928 787 3175 862 spectat
3236 779 3315 846 ad
3377 780 3622 865 ipsum,
3695 793 3945 866 tanquam

2447 888 2526 954 ad
2568 890 2975 959 hierarcham
3017 909 3080 960 et
3141 894 3572 973 ministrum;
3638 895 3749 962 sed
3803 897 3946 962 etiam

2447 1006 2725 1072 tenendo
2755 1009 2922 1076 hanc
2977 1011 3374 1090 facultatem,
3413 1011 3616 1077 etiam
3664 1032 3747 1077 ex
3781 1012 3948 1078 divina

2449 1120 2880 1203 institutione,
2947 1125 3373 1212 dispensante
3437 1127 3503 1192 in
3576 1147 3680 1192 ea·
3716 1127 3948 1195 Ecclesia

2448 1238 2725 1306 transire
2778 1241 2857 1306 ad
2905 1243 3350 1326 Sacerdotem,
3398 1245 3488 1310 ita
3530 1245 3732 1310 etiam
3797 1244 3944 1311 inter-

2447 1354 2682 1437 pretari
2743 1355 2934 1422 debet
2981 1357 3205 1426 divina
3248 1359 3608 1439 institutio,
3683 1375 3942 1446 quantum

2446 1468 2526 1533 ad
2562 1470 2993 1539 ministerium
3036 1474 3518 1542 benedictionis
3552 1476 3858 1555 similiter,
3902 1493 3948 1542 nt

2446 1586 2764 1651 committi
2804 1590 3009 1675 possit
3042 1602 3352 1677 tanquam
3402 1593 3791 1670 accessoria,
3834 1613 3944 1658 cum

2447 1701 2739 1786 ejusdem
2798 1706 3104 1790 potentiae
3194 1709 3278 1774 sit
3361 1708 3720 1796 disponere
3794 1723 3946 1775 mate·

2448 1817 2633 1898 riam,
2687 1822 2877 1908 cujus
2919 1835 3019 1888 est
3077 1823 3387 1892 inducere
3436 1826 3719 1892 formam
3775 1825 3944 1911 proxi·

2448 1954 2574 2001 me.

2533 2051 2797 2131 Quart0,
2892 2074 3017 2119 non
3086 2070 3185 2121 est
3252 2055 3749 2124 fundamentum
3812 2059 3943 2122 unde

2444 2178 2720 2251 negetur
2752 2169 2893 2234 hoec
2935 2170 3204 2238 facultas
3237 2193 3366 2237 non
3403 2194 3594 2259 posse
3642 2174 3937 2246 committi.

2444 2282 2569 2348 nisi
2637 2285 2791 2370 quia
2854 2307 3140 2353 canones
3209 2287 3484 2376 aliquot,
3553 2302 3622 2356 ut
3671 2290 3858 2370 citati,
3897 2291 3941 2355 id

2439 2397 2810 2480 prohibent,
2858 2401 3008 2487 quia
3051 2422 3286 2489 nempe
3316 2415 3572 2489 spectat
3603 2406 3684 2470 ad
3731 2407 3944 2491 Episco-

2437 2532 2618 2597 pum,
2656 2514 2769 2579 sed
2803 2536 2930 2580 non
2975 2516 3186 2583 solum
3246 2517 3310 2582 id
3350 2536 3665 2585 asserunt
3714 2522 3789 2587 de
3820 2541 3942 2585 mn-

2437 2626 2714 2695 fectione
2761 2630 3160 2712 chrismatiS,
3234 2633 3350 2701 sed
3421 2636 3619 2702 etiam
3690 2636 3764 2701 de
3802 2638 3945 2722 cujus

2440 2745 2802 2813 ministerio
2835 2748 2899 2813 in
2959 2752 3402 2833 SacramentO,
3450 2765 3523 2819 ut
3560 2753 3799 2820 dictum
3837 2767 3942 2820 est:

2437 2863 2549 2929 sed
2601 2866 2723 2931 hoc
2764 2867 2994 2954 recipit
3039 2868 3650 2955 interpretationem
3691 2892 3769 2938 ex
3831 2873 3944 2937 Flo-

2437 2983 2717 3063 rentin0,
2759 2995 2823 3050 et
2866 3006 2946 3051 ex
3007 2987 3173 3052 facto
3213 2987 3637 3069 Pontificum,
3695 3004 3763 3056 ut
3797 3011 3947 3056 cano-

2438 3119 2551 3165 nes
2611 3101 2897 3186 praedicti
2958 3104 3408 3190 prohibenteS,
3454 3107 3559 3173 vel
3619 3122 3943 3174 asserentes

2436 3235 2563 3280 non
2604 3215 2798 3283 licere
2847 3219 3203 3286 ministrari
3273 3223 3566 3289 chrisma
3601 3244 3639 3289 a
3670 3227 3940 3291 Sacenlo·

2433 3329 2628 3411 tibus,
2675 3333 3124 3422 intelligantur
3162 3339 3529 3405 secundum
3583 3340 3936 3415 facultatem.

2430 3468 2626 3534 quam
2689 3451 2882 3517 habet
2942 3452 3243 3520 minister
3294 3456 3697 3535 ordinarius,
3741 3473 3800 3525 et
3843 3477 3938 3524 nou

2431 3563 2496 3629 in
2545 3586 2698 3632 casu
2749 3567 3259 3654 dispensationis
3297 3587 3363 3637 et
3395 3571 3824 3662 delegationis
3852 3595 3938 3660 per

2429 3682 2782 3749 Ecclesiam
2813 3684 3087 3766 factam;
3134 3710 3291 3777 ergo
3332 3690 3534 3756 etiam
3580 3706 3842 3777 possunt
3869 3692 3938 3756 sic

2430 3804 2768 3870 commode
2823 3804 3121 3893 intelligi,
3197 3821 3518 3895 quantum
3580 3810 3661 3877 ad
3743 3831 3938 3898 propo·

2429 3931 2662 3985 situm.

2516 4033 2777 4100 Accedit
2842 4037 3061 4116 etiam,
3141 4037 3314 4125 quod
3412 4043 3926 4108 consecrationem

2425 4145 2727 4216 altarium
2765 4163 2828 4217 et
2859 4152 3296 4220 Ecclesiarum
3331 4157 3566 4223 eodem
3605 4156 3786 4224 modo
3812 4176 3926 4244 pro·

2425 4263 2650 4333 hibent
2689 4289 2972 4336 canones
3012 4268 3152 4336 sseri
3193 4292 3229 4337 a
3273 4292 3403 4339 non
3436 4275 3770 4363 Episcopo,
3807 4294 3923 4361 quae

2421 4383 2778 4465 prohibitio
2808 4386 3005 4452 etiam
3058 4386 3371 4454 fundatur
3409 4388 3479 4455 in
3531 4393 3681 4479 Jure
3716 4390 3915 4459 divim

2424 4509 2489 4563 et
2520 4518 2648 4565 non
2713 4501 2927 4567 solum
3004 4502 3488 4584 EcclesiasticO,
3562 4520 3631 4574 ut
3674 4522 3918 4573 servetur

2423 4614 2678 4683 debitus
2708 4617 2867 4683 ordo
2911 4619 3384 4702 hierarcliicus,
3441 4621 3845 4710 dependentia
3869 4632 3914 4685 et

2422 4730 2638 4799 debita
2707 4735 3025 4820 subjectio
3111 4737 3482 4823 Presbyteri
3551 4741 3631 4806 ad
3711 4740 3914 4827 Episco-

2421 4868 2601 4932 pum,
2650 4860 2719 4913 ut
2752 4852 2829 4914 D.
2884 4851 3236 4936 Dionysius
3261 4854 3325 4918 in
3364 4856 3678 4941 proedicto
3709 4878 3834 4942 cap.
3861 4858 3907 4918 5.

2425 4962 2752 5028 insinuat:
2827 4966 3173 5052 Praecipue
3255 4991 3434 5047 vere,
3492 4971 3718 5060 inquit,
3791 4971 3908 5034 huic

2422 5080 2655 5146 ordini
2691 5082 3133 5163 hierarchice,
3195 5108 3346 5171 prce
3401 5093 3658 5156 cceteris
3698 5087 3906 5154 ordini·

2419 5197 2555 5275 bus,
2616 5198 2857 5265 divina
2919 5201 3029 5264 lex
3102 5201 3480 5270 diviniores
3543 5204 3910 5272 effert-monins

2414 5313 2802 5398 assiffltaoit.
2875 5315 3198 5390 Quocirca
3239 5318 3483 5387 diuina
3539 5324 3649 5389 les:
3701 5340 3912 5387 samm

2415 5429 2983 5495 hierarchicarum
3083 5433 3408 5501 ordinum
3505 5439 3907 5507 cccv-eutonium

2415 5548 2435 5631 (
2469 5545 2531 5611 id
2559 5558 2679 5626 est,
2725 5545 3250 5635 ordinationem)
3282 5551 3643 5644 divinique
3669 5575 3908 5645 unyuefl·

4092 3029 4094 3168 l

4086 3986 4089 4126 1
