4255 6375
515 756 742 808 debitum

517 818 734 887 justitian
810 818 875 875 et
923 814 1245 898 quomodo
1287 832 1623 904 peccatum
1666 824 1760 891 sic
1790 825 2180 896 desineret?
2233 837 2356 900 Re-

529 888 719 950 posset.

2032 428 2177 494 LlB.
2210 434 2309 496 lv.
2342 436 2934 509 SRN'I'ENTIARUM

2465 857 2680 907 onem.
2760 845 3042 934 Intelligi
3110 849 3305 916 etiam
3367 862 3582 937 potest
3631 855 3853 919 Doctor
3916 854 3988 920 de

811 918 1170 1004 spondetur
1216 923 1529 1013 breviter,
1573 930 1742 999 sicut
1774 936 1983 1020 potuit
2013 936 2092 1005 de
2124 952 2355 1026 poten·
2466 953 2708 1038 debito,
2756 972 2826 1026 ut
2859 961 3214 1032 includitur
3253 965 3319 1032 in
3370 967 3513 1054 ipso
3545 983 3824 1054 peccato.

810 1032 897 1098 tia
928 1035 1222 1105 absoluta
1290 1043 1577 1112 eximere
1616 1068 1651 1113 a
1701 1048 1846 1137 lege
1877 1053 2233 1124 universali
2294 1072 2356 1126 et

811 1163 1020 1236 pactO,
1060 1156 1124 1222 in
1158 1179 1286 1246 quo
1328 1164 1571 1248 posteri
1622 1166 1850 1234 Adami
1902 1169 2349 1257 includuntur,

811 1267 1095 1356 aliquem
1128 1295 1208 1340 ex
1250 1275 1409 1364 ipsis
1440 1280 1772 1363 eximisse‚
1820 1284 1907 1352 ita
1958 1300 2027 1354 ut
2076 1310 2203 1356 non
2255 1292 2350 1358 in-

806 1385 1203 1473 cluderetur,
1259 1392 1343 1461 ita
1418 1397 1614 1464 etiam
1694 1399 2019 1470 inclusum
2082 1406 2352 1475 indicto

806 1513 1018 1587 pacto,
1072 1519 1219 1590 post
1277 1509 1611 1580 incursum
1671 1515 1991 1599 debitum,
2066 1534 2278 1608 potest
2315 1546 2351 1592 a

804 1618 952 1704 lege
1008 1621 1350 1692 absolvere
1399 1627 1871 1716 dispensative,
1914 1640 2346 1724 comprehen-

802 1756 947 1801 sum
992 1735 1056 1803 in
1101 1737 1239 1825 ipsa
1271 1742 1442 1830 lege,
1502 1746 1671 1814 sicut
1719 1763 1932 1836 potest
1964 1754 2346 1825 damnatum

801 1852 882 1919 de
912 1858 1197 1941 potentia
1230 1861 1527 1929 absoluta
1559 1866 1838 1949 salvare,
1893 1881 1963 1935 ut
2024 1871 2181 1939 dicit
2221 1877 2346 1941 Do-

804 1980 943 2036 ctor
975 1974 1047 2039 in
1091 1979 1150 2040 1.
1204 1976 1391 2045 d.43.
1429 1993 1655 2066 qurest.
1696 1986 2053 2075 um‘ca‚qua
2084 1988 2343 2077 dispen-

802 2086 1053 2153 satione
1119 2090 1350 2174 posita,
1413 2095 1749 2165 tolleretur
1796 2099 2084 2170 debitum
2150 2106 2341 2194 legiS,

799 2222 947 2288 quae
986 2216 1085 2271 est
1132 2208 1276 2294 ejus
1306 2209 1622 2298 obligatio
1690 2219 2060 2304 respective
2121 2223 2201 2290 ad
2243 2224 2344 2291 di-

797 2334 1202 2405 spensatum.
1277 2327 1371 2393 Ex
1459 2328 1582 2395 hoc
1613 2342 1787 2415 patet
1853 2334 1930 2400 ad
1992 2340 2341 2409 secundam

797 2434 1200 2519 petitionem,
1251 2442 1401 2527 quia
1433 2445 1776 2532 originale,
1815 2449 1964 2517 licet
2003 2453 2086 2519 sit
2127 2456 2342 2541 priva·

794 2550 884 2615 tio
908 2551 1187 2636 justitiae
1218 2557 1589 2644 originaliS,
1646 2562 1709 2629 in
1756 2576 2008 2633 tantum
2051 2582 2151 2637 est
2196 2594 2343 2659 pec-

793 2676 1037 2746 catum,
1076 2668 1463 2756 inquantum
1499 2674 1809 2745 fundatur
1847 2681 1911 2747 in
1955 2683 2172 2751 debito
2206 2710 2338 2755 mo-

793 2780 936 2862 rali,
974 2804 1053 2849 ex
1087 2785 1484 2874 obligatione
1524 2795 1691 2878 pacti
1742 2809 1805 2862 et
1860 2797 2024 2885 legis
2056 2802 2336 2873 habendi

786 2898 1111 2985 justitiam
1153 2925 1172 2994 3
1212 2904 1468 2973 sublato
1502 2929 1658 2995 ergo
1706 2910 1831 2978 hoc
1888 2914 2131 2997 debito,
2169 2919 2338 2987 desi-

794 3027 978 3082 neret
1007 3018 1289 3102 privatio
1329 3022 1394 3088 in
1426 3046 1561 3090 esse
1609 3030 1877 3111 peccati,
1943 3044 2005 3100 et
2047 3050 2338 3105 maneret

791 3142 1040 3203 tantum
1084 3137 1149 3205 in
1181 3160 1315 3206 esse
1364 3144 1757 3231 negationis,
1805 3149 1953 3237 quia
2006 3151 2337 3225 desineret

744 3346 751 3351 .
789 3250 932 3337 ejus
969 3252 1289 3324 debitum.

877 3367 1083 3450 DiceS,
1132 3374 1267 3460 jam
1332 3373 1669 3445 incursum
1709 3392 1808 3448 est
1857 3397 2219 3470 peccatum,
2266 3403 2336 3458 ut

783 3489 1211 3573 supponitur,
1259 3514 1475 3581 neque
1523 3494 1925 3584 dispensatio
1967 3502 2072 3571 illa
2132 3507 2334 3595 impe-

783 3600 878 3667 dit
945 3606 1104 3691 quin
1164 3608 1362 3676 fuerit
1407 3612 1800 3696 incursum;
1872 3639 2031 3707 ergo
2075 3643 2337 3712 semper

783 3731 1095 3800 maneret,
1170 3723 1377 3792 donec
1425 3728 1866 3801 remitteretur
1923 3735 2138 3822 ipsum
2188 3762 2333 3827 pec-

781 3846 998 3901 catum
1038 3836 1305 3907 directe.
1351 3845 1805 3930 Respondetur
1835 3863 2170 3936 peccatum
2203 3876 2332 3923 non

783 3950 995 4016 solum
1040 3952 1103 4019 in
1132 3956 1311 4037 sieri,
1339 3957 1664 4027 sedetiam
1702 3961 1766 4029 in
1808 3966 1905 4031 sui
1940 3988 2332 4054 permanen-

781 4067 868 4134 tia
910 4068 1276 4156 dependere
1315 4094 1349 4140 a
1391 4075 1535 4163 lege
1574 4078 1822 4161 divina,
1894 4095 1957 4148 et
2019 4087 2163 4174 ejus
2223 4088 2331 4155 de·

783 4184 958 4268 bito;
1014 4187 1191 4254 unde
1231 4210 1306 4256 eo
1356 4191 1499 4279 ipso
1548 4197 1719 4283 quod
1744 4199 1879 4286 jam
1922 4199 2180 4270 desinat
2219 4226 2334 4292 per

781 4300 1338 4388 dispensationem
1410 4327 1917 4400 consequentem
1993 4330 2327 4405 peccatum

780 4418 1119 4486 incursum
1157 4442 1430 4506 persona
1485 4428 1954 4513 comprehendi
2005 4435 2125 4501 sub
2158 4435 2324 4524 lege,

779 4533 1021 4601 desinit
1080 4536 1275 4603 etiam
1328 4538 1647 4626 debitum,
1708 4546 1770 4611 in
1833 4568 1962 4635 quo
2021 4549 2333 4621 fundatur

779 4649 983 4733 ctiam,
1019 4664 1380 4738 peccatum,
1417 4658 1566 4744 quia
1599 4657 1706 4727 illa
1747 4661 2144 4749 dispensatio
2175 4689 2331 4736 exe-

781 4765 866 4831 rit
923 4768 1101 4834 vires
1141 4772 1506 4856 respective
1543 4775 1622 4842 ad
1681 4776 1920 4865 legem,
1965 4781 2161 4850 etiam
2214 4808 2331 4873 pro

778 4892 1075 4968 tempore
1116 4884 1359 4954 incursi
1403 4892 1671 4975 peccati,
1710 4892 1775 4959 in
1825 4896 2053 4964 ordine
2119 4900 2198 4967 ad
2231 4924 2326 4970 re-

782 4997 1173 5068 laxationem
1218 5006 1386 5092 eju8‚
1425 5021 1740 5093 quantum
1782 5010 1861 5077 ad
1919 5018 2113 5083 omne
2144 5016 2330 5086 debi-

780 5125 917 5180 tum
953 5117 1124 5204 quod
1161 5120 1431 5201 inducit,
1470 5133 1532 5188 et
1564 5124 1733 5211 quod
1765 5147 1845 5192 ex
1887 5129 2116 5198 effectu
2162 5133 2327 5221 legis

782 5230 1139 5301 incurritur
1170 5237 1250 5302 de
1282 5237 1449 5306 facto
1488 5263 1503 5319 ;
1539 5252 1603 5307 et
1633 5242 1730 5309 sic
1796 5246 1992 5312 etiam
2043 5251 2168 5317 erit
2228 5273 2324 5320 re-

783 5347 1011 5413 missio
1061 5349 1303 5419 directa
1336 5358 1606 5441 peccati,
1655 5361 1806 5446 quia
1848 5384 1965 5449 per
1996 5364 2326 5453 dispensa-

782 5463 1038 5530 tionem
1108 5468 1284 5535 lllam
1356 5493 1482 5540 non
1574 5475 1648 5542 fit
1743 5478 1940 5547 homo
1997 5482 2324 5555 obnoxius

784 5577 1091 5671 deinceps
1142 5584 1297 5677 legi,
1371 5590 1474 5656 vel
1554 5594 1763 5680 quoad
1806 5616 1877 5664 se
1932 5597 2037 5666 vel
2112 5604 2320 5689 quoad

3036 1212 3436 1273 SCHOLIUM.

2533 1414 2918 1472 Sententiam
2970 1423 3351 1477 asserentem
3401 1421 3479 1478 de
3527 1424 3690 1481 racto
3727 1426 3998 1483 Circum-

2460 1511 2763 1569 clsionem
2831 1514 3141 1574 delevisse
3204 1520 3519 1590 originale
3595 1524 3732 1580 sine
3788 1528 3994 1594 gratiae

2461 1609 2799 1679 infusione,
2859 1613 3115 1673 refutat.
3150 1618 3378 1687 Primo,
3411 1623 3560 1691 quia
3591 1621 3667 1678 de
3700 1624 3856 1680 racto
3887 1639 3998 1681 non

2460 1708 2645 1766 datur
2677 1710 2955 1770 medIum
2998 1715 3168 1772 inter
3217 1716 3422 1774 fllium
3471 1723 3651 1791 regni
3702 1727 3762 1780 et
3805 1722 4001 1795 perdi-

2458 1807 2667 1863 tionis.
2719 1809 3020 1881 Secundo,
3071 1815 3493 1886 principalius
3540 1818 3808 1877 intendit
3850 1824 4001 1877 Deus

2461 1907 2726 1976 gratiam
2785 1906 2961 1983 dare,
3010 1926 3198 1983 quam
3264 1916 3504 1984 peccati
3553 1919 4000 1989 expulsionem.

2457 2004 2684 2073 Tertio,
2737 2007 3133 2066 Sacramenta
3181 2011 3529 2084 impropria
3577 2014 3742 2086 legis
3780 2019 4000 2074 veteris

2456 2100 2687 2162 dabant
2742 2105 3014 2176 gratiam
3074 2123 3148 2163 ex
3198 2123 3387 2181 opere
3443 2115 3799 2188 operantis;
3860 2131 4003 2186 ergo

2456 2202 2711 2272 propria
2759 2201 2990 2261 dabant
3036 2219 3113 2261 ex
3169 2212 3441 2278 operato.
3503 2210 3703 2267 Solvit
3760 2213 3892 2269 loca
3939 2215 3999 2270 in

2454 2300 2862 2368 contrarium,
2909 2302 3074 2374 quod
3131 2305 3471 2375 procedant
3509 2305 3586 2363 de
3639 2309 4000 2382 impropriis

2455 2393 2876 2453 sacramentis
2931 2399 3093 2469 legis
3155 2403 3409 2459 veteris.
3468 2400 3643 2468 Quod
3691 2407 3744 2460 si
3795 2406 4001 2478 aliqua

2454 2496 2793 2566 loquantur
2834 2498 3021 2554 etiam
3061 2497 3137 2554 de
3176 2500 3684 2568 Circumcisioue‚
3737 2504 4002 2574 triplici·

2451 2598 2549 2652 ter
2587 2594 2920 2667 respondet
2956 2596 3034 2654 ad
3072 2614 3164 2655 ea.
3208 2599 3379 2668 Quod
3418 2616 3563 2658 vere
3595 2603 4002 2659 circumcisio

2451 2693 2742 2752 cau-sabat
2792 2697 3073 2766 gratiam,
3124 2702 3337 2757 tenent
3378 2703 3580 2757 Alens.
3636 2705 3710 2758 D.
3765 2706 4002 2759 Bonan.

2450 2792 2747 2849 Richard.
2803 2799 3096 2853 Dur-and.
3148 2801 3435 2870 Mayron.
3508 2802 3698 2858 Gabr.
3743 2803 4000 2866 Rumon,

2449 2892 2681 2958 Major.
2714 2896 2904 2952 Suar.
2943 2898 3114 2954 citati
3147 2903 3208 2956 et
3236 2903 3415 2956 Abzcl.
3447 2899 3590 2957 Jud.
3621 2916 3677 2958 c.
3720 2901 3786 2957 13
3823 2916 3885 2972 q.
3915 2903 3998 2956 41.

2448 2987 2663 3046 Matth.
2694 2991 2748 3047 3.
2783 3009 2843 3063 q.
2877 2993 2964 3050 46.
3008 2997 3133 3050 ΕΛ.
3172 2998 3227 3052 4.
3271 2995 3333 3054 d.
3377 3002 3433 3055 2.
3473 3015 3533 3070 q.
3575 3002 3625 3056 1.
3658 3015 3716 3054 a.
3757 3000 3821 3055 4.
3864 2998 4002 3055 licet

2446 3087 2580 3157 ipse
2611 3094 2670 3146 et
2698 3094 2894 3149 Suar.
2928 3094 2995 3150 in
3030 3094 3242 3153 verbis
3263 3095 3560 3154 differant
3592 3098 3668 3155 ab
3697 3099 3871 3155 aliis,

2535 3273 2650 3344 De
2727 3275 3095 3365 potentia
3172 3298 3369 3350 vero
3442 3280 3828 3353 ordinata
3920 3283 3996 3371 (i)
4109 3331 4120 3377 s

2447 3392 2807 3481 ponitur,
2879 3395 3080 3487 quod
3148 3396 3398 3469 etiam
3474 3398 3565 3470 de
3633 3398 3859 3473 facto
3921 3396 4120 3507 in21¹g

2446 3506 3084 3582 circumcisione
3134 3512 3344 3586 delet
3385 3514 3708 3606 culpam
3744 3516 3994 3608 origi·
4018 3535 4120 3634 {2ss

2444 3623 2708 3694 nalem
2767 3623 2939 3698 sine
2993 3625 3394 3700 infusione
3437 3629 3755 3720 gratiae,
3813 3653 3979 3725 pro·
4021 3646 4109 3694 ‹su—t-

2435 3743 2628 3833 pter
2677 3744 3220 3819 auctoritates
3266 3750 3779 3832 Sanctorum,
3825 3772 3994 3844 quae
4089 3723 4120 3771 ᾧ

2441 3857 2819 3932 videntur
2851 3879 3156 3951 negare
3198 3864 3560 3952 gratiam
3609 3885 3657 3937 a
3710 3868 3996 3940 Sacra·

2453 3972 2748 4045 mentis
2779 3975 3087 4048 veteris
3136 3976 3368 4069 legis,
3416 3983 3504 4053 ut
3563 3979 3994 4055 deductum

2443 4081 2568 4151 est
2625 4083 3121 4172 opponendo.
3215 4085 3374 4157 Alii
3427 4086 3727 4166 dicunt,
3791 4090 3998 4181 quod

2443 4193 3016 4288 principaliter
3051 4198 3431 4275 instituta
3463 4203 3614 4275 fuit
3654 4210 4001 4298 propter

2440 4309 2998 4385 dimissionem
3043 4313 3499 4407 originalis,
3561 4338 3661 4390 ex
3729 4339 4001 4392 conse-

2444 4428 2718 4522 quenti
2789 4432 3061 4502 autem
3134 4432 3229 4503 ad
3299 4432 3657 4524 gratiam
3736 4435 3997 4508 confe-

2445 4548 2800 4627 rendam;
2864 4552 2945 4621 et
2997 4568 3147 4639 pro
3197 4551 3428 4624 tanto
3481 4551 3788 4625 dicitur
3847 4574 3998 4625 non

2443 4661 2818 4737 conferre
2901 4663 3286 4754 gratiam,
3386 4668 3574 4759 quia
3658 4686 3830 4741 non
3905 4690 3993 4742 ex

2443 4776 2877 4872 principali
2930 4777 3472 4865 institutione,
3521 4784 3656 4857 sed
3705 4804 3993 4858 conco-

2429 4896 2856 4970 *mitanten

2527 5016 2800 5097 Quoad
2860 5016 3011 5090 hoc
3072 5020 3304 5090 teneo
3368 5018 3574 5109 quod
3643 5038 3812 5090 non
3870 5021 3984 5091 est

2440 5128 2822 5222 possibile
2927 5133 3020 5206 de
3118 5134 3484 5226 potentia
3582 5133 3984 5217 ordinata,

2437 5249 2760 5341 culpam
2851 5249 3365 5341 originalem,
3420 5270 3565 5324 nec
3625 5251 3979 5345 aliquam

4006 5080 4120 5137 nos-14

2425 5364 2681 5438 ‘aliam
2734 5367 3166 5441 mortalem
3211 5368 3516 5442 dimitti
3566 5369 3741 5441 sine
3796 5369 3982 5442 insu-

2438 5480 2664 5553 sione
2725 5482 3042 5573 gratiae,
3117 5483 3304 5575 quia
3362 5483 3553 5557 licet
3615 5485 3979 5558 absolute.

2423 5596 2612 5670 sine
2709 5599 3353 5677 contradictione
3446 5601 3712 5705 possit
3806 5621 3978 5674 esse
