4255 6375
650 405 734 485 36
1812 408 1956 471 LIB.
2008 408 2103 470 lV.
2153 405 2752 472 SEN'I'ENTIARUM

739 569 1114 632 Secundum
1166 572 1367 634 etiam
1408 573 1566 635 nihil
1614 572 1847 646 salvat,
1897 572 2047 650 quia
2081 588 2214 631 non

662 689 873 766 magis
942 698 1269 769 repugnat
1342 692 1773 753 instrumento
1854 706 2054 769 agere
2131 703 2213 749 ex

662 804 868 866 forma
918 807 1173 884 propria
1224 807 1757 886 independenter
1809 825 1846 869 a
1912 806 2211 878 materia,

660 940 859 1002 quam
917 940 1119 1004 agere
1177 942 1299 1003 per
1352 928 1655 988 virtutem
1701 926 2089 1005 impressam
2148 928 2213 984 et

660 1040 1202 1103 communicatam
1253 1040 1789 1119 independenter
1833 1059 1869 1102 a
1913 1042 2209 1111 materia,

376 1188 563 1239 Forma
657 1152 806 1215 ideo
830 1170 1115 1233 namque
1138 1158 1418 1233 primum
1442 1162 1793 1235 repugnat,
1821 1157 1971 1234 quia
2002 1154 2210 1217 forma

338 1251 604 1387 ἳζξὲζζέξζ
657 1269 877 1332 innata
949 1279 1014 1333 et
1084 1275 1346 1351 propria
1417 1274 1853 1346 instrumenti,
1930 1275 1999 1334 in
2060 1285 2214 1332 esse

343 1380 598 1489 0223?-
656 1385 997 1465 dependet
1053 1405 1089 1449 a
1146 1391 1444 1463 materia,
1504 1392 1609 1452 vel
1668 1391 1819 1468 quia
1864 1394 1965 1451 est
2011 1405 2213 1450 causa

379 1502 556 1613 iffi?
664 1508 903 1575 creata,
968 1505 1159 1584 cujus
1227 1508 1395 1568 actio
1457 1504 1796 1583 dependet
1849 1521 2117 1583 semper
2177 1522 2213 1566 a

317 1626 605 1698 dependept
661 1624 988 1702 subjecto,
1055 1624 1176 1686 sed
1230 1624 1516 1703 primum
1574 1622 1798 1684 deficit
1852 1625 1917 1684 in
1978 1627 2216 1683 instru-

315 1705 349 1739 ⁸
384 1695 627 1741 materna.
663 1741 901 1801 mentis
950 1741 1395 1819 spiritualibus
1447 1748 1512 1804 et
1553 1740 2094 1812 subsistentibuS,
2144 1743 2216 1798 ut

659 1856 914 1932 Angelo
959 1860 1072 1917 aut
1102 1861 1317 1919 anima
1348 1861 1675 1933 separata,

432 1965 514 2016 31.
741 1968 1100 2047 Loquendo
1134 1973 1330 2032 etiam
1360 1970 1444 2032 de
1484 1967 1931 2032 materialibus
1978 1970 2215 2032 instru-

659 2087 922 2157 meum,
976 2086 1252 2162 perinde
1300 2085 1637 2148 concludit
1680 2093 2000 2165 praetensa
2053 2087 2216 2147 ratio

662 2201 746 2262 de
790 2202 1047 2261 actione
1113 2202 1527 2265 instrumenti
1592 2202 1994 2279 dispositiva,
2070 2219 2218 2264 eam

664 2315 1050 2394 dependere
1082 2333 1117 2376 a
1149 2318 1447 2393 materia,
1480 2335 1555 2377 ac
1589 2316 1671 2378 de
1717 2334 1791 2378 ea
1846 2333 1996 2396 quae
2052 2332 2216 2377 con·

663 2434 841 2492 venit
905 2449 1023 2508 per
1104 2435 1412 2495 virtutem
1479 2433 1871 2510 impressam
1927 2449 1960 2492 a
2020 2450 2216 2494 causa

662 2548 1028 2626 principali,
1077 2549 1228 2627 quia
1272 2549 1407 2610 haec
1454 2549 1657 2610 virtus
1688 2548 1860 2609 inest
1892 2553 1959 2609 et
1991 2548 2217 2626 recipi-

665 2668 771 2731 tur
810 2663 875 2724 in
917 2666 1058 2741 ipso
1091 2665 1556 2738 instrumentO,
1592 2670 1657 2725 et
1689 2664 2013 2743 quidquid
2045 2666 2214 2726 reci-

663 2780 839 2857 pitur
882 2780 948 2841 in
1006 2781 1251 2860 aliqu0,
1331 2797 1452 2858 per
1507 2781 1780 2842 modum
1843 2781 2219 2858 recipientis

662 2897 1000 2973 recipitur,
1048 2913 1288 2973 nempe
1321 2896 1516 2959 modo
1550 2904 1822 2959 extenso
1857 2905 1922 2960 et
1966 2899 2221 2977 quanti-

669 3011 891 3083 tativo,
954 3017 1020 3073 et
1069 3027 1189 3089 per
1234 3009 1503 3073 modum
1551 3012 1909 3074 accidentis
1952 3014 2223 3076 inhaeret

666 3124 1097 3187 instrumento
1131 3128 1486 3204 materiali;
1526 3145 1682 3209 ergo
1721 3131 1996 3207 perinde
2028 3150 2218 3211 repu-

666 3249 826 3318 gnat
868 3243 989 3319 ipsi
1023 3260 1223 3322 agere
1261 3245 1798 3323 independenter
1841 3264 1876 3308 a
1919 3252 2217 3324 materia,

664 3358 771 3419 vel
802 3359 1120 3437 attingere
1155 3359 1469 3421 effectum
1514 3361 1654 3422 sine
1692 3362 1801 3423 tali
1834 3361 2220 3440 dependen-

671 3477 795 3548 tia;
847 3491 1005 3554 ergo
1062 3474 1300 3536 frustra
1341 3485 1687 3540 recurrunt
1730 3477 2087 3540 adversarii
2135 3477 2220 3538 ad

666 3591 993 3654 actionem
1026 3589 1471 3668 dispositivam
1505 3593 1945 3664 instrumenti,
1992 3599 2065 3654 ut
2094 3597 2220 3656 sal-

664 3711 821 3772 vent
851 3705 1152 3766 ordinem
1181 3705 1266 3767 ad
1296 3709 1656 3781 materiam,
1691 3724 1837 3768 cum
1869 3710 1932 3768 in
1963 3710 2219 3772 actione

665 3823 890 3895 altera,
961 3840 1089 3902 qua
1160 3825 1416 3904 attingit
1480 3826 1790 3886 effectum
1848 3828 2220 3906 principalis

665 3940 947 4018 agentis,
982 3939 1152 4001 idem
1194 3957 1457 4004 servare
1492 3942 1804 4005 debeant.

747 4057 816 4116 ln
870 4060 1153 4135 utroque
1212 4063 1427 4119 autem
1487 4061 1731 4137 petitur
1799 4060 2218 4137 principium,

596 4181 606 4190 ·
668 4170 818 4248 quia
875 4171 1028 4232 licet
1081 4173 1584 4236 instrumentum
1647 4174 1728 4236 de
1793 4179 2089 4254 potentia
2154 4184 2220 4240 et

603 4270 643 4344 .’
668 4301 987 4348 concursu
1016 4287 1379 4363 ordinariis,
1428 4297 1720 4369 nequeat
1762 4292 2009 4354 habere
2062 4294 2216 4355 effe-

667 4404 842 4460 ctum
874 4398 1099 4461 formae
1146 4402 1481 4478 naturalis,
1534 4404 1764 4466 demus
1798 4407 1991 4467 talem
2040 4423 2213 4484 esse,

662 4523 775 4578 aut
804 4524 983 4579 certe
1016 4519 1322 4581 effectum
1356 4523 1682 4601 attingere
1725 4539 1937 4584 causae
1979 4523 2212 4600 princi-

661 4632 827 4710 palis
847 4631 937 4713 (in
971 4651 1100 4712 quo
1137 4637 1377 4712 praesati
1410 4639 1723 4698 Doctores
1758 4654 1889 4698 non
1920 4641 2218 4701 statuunt

665 4745 1181 4823 dependentiam
1213 4750 1296 4811 ad
1330 4751 1693 4823 materiam,
1728 4751 1846 4813 sed
1869 4759 2218 4815 recurrunt

665 4860 751 4923 ad
781 4864 1092 4939 priorem,
1136 4869 1207 4925 ut
1247 4883 1513 4927 causam
1560 4868 2034 4946 repugnantiae,
2085 4885 2215 4946 qua

662 4976 917 5039 sublata
960 4978 1309 5043 admittunt
1354 4979 1746 5062 secundum)
1806 4999 1938 5044 non
1986 4985 2209 5061 sequi-

668 5096 791 5166 tur,
843 5096 1001 5172 quin
1050 5096 1116 5156 in
1168 5096 1293 5158 alio
1342 5096 1573 5159 ordine
1638 5098 1977 5172 causandi,
2032 5104 2097 5160 et
2149 5100 2215 5160 in

668 5205 923 5269 diverso
970 5226 1320 5282 concursu,
1377 5213 1488 5291 qui
1534 5212 1671 5276 dari
1718 5214 1925 5291 possit
1967 5212 2049 5274 de
2093 5231 2212 5291 po-

662 5326 866 5385 tentia
920 5324 1242 5399 absoluta,
1294 5342 1427 5388 non
1485 5327 1688 5405 possit
1744 5329 1928 5388 aliter
1982 5344 2208 5408 agere,

660 5437 844 5498 verbi
869 5441 1102 5517 gratia,
1151 5440 1207 5500 si
1233 5441 1426 5503 homo
1456 5458 1813 5522 generans,
1861 5448 1931 5503 ut
1974 5445 2212 5503 instru-

658 5562 960 5620 mentum
990 5566 1301 5636 respectu
1353 5565 1702 5627 creationis
1756 5564 1995 5624 animae
2054 5563 2208 5625 rati-

342 594 492 647 Actio
528 592 602 666 in-

315 663 582 725 strumenti
596 697 607 708 .

384 2826 577 2879 Eodem

410 2892 562 2942 modo

405 2955 561 3005 etiam

357 3016 610 3089 dependet

350 3088 486 3132 actio
522 3095 612 3145 per

319 3149 593 3209 utrumque
604 3181 617 3196 .

2329 571 2560 643 onaliS,
2622 587 2742 647 per
2809 568 3085 632 formam
3141 568 3510 633 naturalem
3570 560 3877 640 disponat

2327 706 2588 767 corpuS,
2651 685 2893 750 deinde
2940 689 3218 767 attingat
3282 687 3679 746 creationem
3743 678 3875 738 ani-

2322 821 2467 877 mae,
2528 809 2681 866 tunc
2726 803 3016 865 solvatur
3070 806 3275 864 totum
3337 795 3517 878 quod
3576 794 3871 873 exigunt.

2321 925 2412 985 Ex
2466 924 2567 985 his
2627 938 2786 998 ergo
2846 924 3052 999 patet,
3123 917 3643 999 propositionem
3701 910 3876 974 illam

2324 1042 2618 1101 Doctoris
2675 1054 2897 1099 veram
2958 1053 3129 1109 esse,
3183 1035 3334 1114 quia
3378 1050 3601 1111 neque
3644 1032 3877 1093 instru-

2322 1162 2619 1218 mentum
2691 1162 3097 1233 assumptum
3155 1156 3289 1233 agit
3347 1150 3732 1232 dispositive
3789 1148 3873 1210 ad

2326 1273 2634 1336 effectum
2666 1272 3117 1350 principalem.

2405 1390 2666 1454 Eaedem
2698 1391 2985 1452 rationes
3029 1388 3279 1450 faciunt
3329 1394 3556 1452 contra
3613 1386 3873 1465 Cajeta-
3909 1387 4184 1499 ssxgffiur

2322 1524 2505 1581 num,
2542 1509 2837 1587 quamvis
2865 1507 2972 1568 ille
3002 1522 3202 1568 unam
3244 1504 3574 1566 actionem
3627 1503 3879 1565 consti·
3934 1513 4173 1580 Cajetani.

2324 1625 2469 1697 tuit,
2529 1630 2597 1685 et
2653 1622 3005 1685 efficaciam
3064 1639 3142 1684 ac
3200 1621 3507 1683 virtutem
3550 1617 3874 1697 propriam

2325 1741 2742 1802 instrumenti
2797 1737 3149 1801 intendere
3198 1738 3370 1800 dicat
3440 1736 3526 1797 ad
3583 1734 3878 1809 modum,

2331 1860 2550 1917 tamen
2605 1856 2839 1918 modus
2889 1855 2998 1917 ille
3043 1853 3432 1933 separabilis
3487 1857 3589 1915 est
3633 1868 3673 1912 a
3725 1851 3884 1912 sub·

2328 1975 2562 2033 stantia
2595 1974 2888 2046 actioniS,
2920 1978 2993 2035 ut
3020 1972 3278 2051 attingit
3311 1972 3664 2033 terminum
3697 1966 3885 2044 prin-

2330 2088 2630 2165 cipalem.
2669 2091 2932 2150 Rectius
2973 2088 3468 2166 philosophatur
3509 2083 3876 2146 Ferrarien-

2328 2206 2440 2278 siS,
2473 2207 2771 2283 relinquo
2817 2206 3013 2267 etiam
3054 2220 3196 2284 quae
3234 2206 3473 2264 ibidem
3527 2199 3877 2279 particula-

2326 2324 2486 2385 riter
2530 2324 2706 2386 dicat
2766 2324 3144 2406 CajetanuS,
3204 2330 3269 2385 et
3316 2327 3470 2383 sunt
3512 2319 3717 2382 facilis
3768 2319 3882 2380 im-

2328 2442 2776 2520 pugnationiS.

2409 2559 2526 2619 Alii
2558 2558 2743 2619 aliter
2772 2561 3285 2635 interpretantur
3337 2555 3740 2633 praemissam
3786 2571 3882 2615 ra·

2332 2675 2577 2735 tionem
2609 2676 2685 2735 D.
2717 2675 3006 2747 Thomae,
3053 2690 3293 2750 nempe
3337 2675 3666 2733 actionem
3707 2670 3884 2733 illam

2332 2790 2779 2868 dispositivam
2838 2808 2985 2852 esse
3050 2789 3669 2853 determinationem
3721 2786 3877 2846 acti·

2332 2906 2478 2966 onis
2511 2923 2720 2968 causae
2750 2907 3151 2983 principalis,
3205 2911 3270 2967 et
3312 2904 3588 2983 intelligi
3637 2919 3888 2981 propo-

2331 3023 2636 3084 sitionem
2672 3022 2753 3084 de
2785 3023 3219 3085 instrumento
3252 3021 3531 3083 naturali
3583 3024 3839 3081 tantum
3867 3037 3883 3090 ;

2334 3138 2452 3201 sed
2487 3140 2612 3201 hoc
2658 3139 2740 3201 ad
2772 3142 3097 3203 intentum
3129 3142 3204 3201 D.
3253 3138 3513 3200 Thomae
3543 3151 3675 3200 non
3708 3134 3884 3209 facit,

2335 3258 2446 3336 qui
2517 3258 2795 3320 intendit
2839 3257 3033 3319 illam
3079 3257 3570 3335 dispositionem
3641 3255 3883 3316 factam

2332 3374 2413 3434 ab
2483 3374 2915 3435 instrumento
2986 3389 3105 3450 per
3170 3371 3445 3433 formam
3525 3371 3883 3447 propriam,

2334 3504 2480 3548 esse
2540 3489 2707 3550 circa
2767 3488 3127 3560 materiam,
3184 3491 3251 3548 et
3298 3504 3432 3548 non
3491 3482 3886 3545 determina·

2336 3605 2579 3664 tionem
2640 3605 2925 3682 aliquam
2984 3604 3154 3663 circa
3206 3603 3516 3663 effectum
3573 3604 3685 3660 aut
3732 3599 3885 3660 acti·

2331 3736 2528 3780 onem
2561 3735 2769 3780 causae
2814 3718 3210 3796 principalis,
3247 3716 3367 3778 sed
3399 3716 3662 3777 omnino
3711 3728 3882 3792 prae-

2330 3836 2519 3909 viam,
2549 3839 2616 3898 in
2647 3852 2776 3914 quo
2811 3852 3031 3914 neque
3064 3835 3418 3915 Cajetanus
3449 3832 3602 3893 mihi
3628 3830 3889 3892 videtur

2332 3962 2507 4017 recte
2539 3956 2802 4033 assequi
2834 3958 3127 4015 mentem
3158 3953 3367 4014 sancti
3402 3951 3725 4020 Doctoris,
3772 3949 3884 4028 qui

2327 4071 2609 4133 intendit
2661 4089 2741 4132 ex
2788 4070 3055 4150 praefato
3106 4067 3540 4133 fundamento
3574 4069 3886 4149 colligere

2329 4199 2462 4247 non
2524 4203 2716 4264 posse
2775 4190 3145 4248 creaturam
3189 4184 3458 4260 assumi,
3519 4189 3591 4247 ut
3647 4185 3884 4245 instru-

2328 4309 2625 4365 mentum
2705 4303 3074 4374 creationiS,
3149 4303 3300 4379 quia
3373 4301 3883 4362 instrumentum

2330 4420 2531 4482 debet
2560 4435 2761 4499 agere
2793 4419 3176 4496 dispositive
3217 4419 3387 4478 circa
3431 4418 3774 4478 materiam
3807 4431 3889 4476 ex

2327 4535 2535 4597 forma
2579 4540 2890 4613 propria;
2944 4537 3215 4597 materia
3267 4539 3490 4594 autem
3543 4547 3675 4594 non
3726 4549 3883 4610 sup·

2326 4654 2591 4731 ponitur
2620 4651 2705 4713 ad
2739 4653 3166 4713 creationem.

3913 3235 4096 3286 Sensus
4135 3237 4192 3287 D.

3963 3299 4173 3352 Thema,

2902 4862 2985 4919 SC
2994 4862 3301 4921 HOLIUM.

2400 5076 2625 5146 Rejicit
2663 5074 3002 5132 secundam
3052 5075 3360 5132 rationem
3391 5074 3467 5131 de
3499 5075 3747 5134 infinita
3776 5078 3882 5134 di-

2327 5176 2572 5240 stantia,
2605 5176 2753 5244 quia
2783 5172 3076 5230 distantia
3105 5177 3273 5230 tanta
3305 5177 3416 5241 est,
3449 5179 3754 5244 quantum
3787 5182 3880 5233 est

2328 5274 2606 5330 medium
2639 5274 3041 5344 interjacenS,
3076 5272 3179 5328 vel
3214 5273 3266 5328 si
3301 5287 3421 5328 non
3453 5278 3546 5329 est
3576 5274 3877 5342 medium,

2325 5377 2627 5444 quantum
2676 5376 2772 5428 est
2819 5375 3184 5438 extremum,
3263 5376 3323 5427 et
3377 5385 3559 5427 omne
3597 5387 3710 5428 ens
3751 5387 3884 5429 cre-

2322 5471 2486 5527 abile
2515 5472 2866 5542 oppositum
2927 5469 3146 5532 nihilo,
3202 5472 3295 5527 est
3342 5469 3617 5539 finitum,
3683 5471 3881 5543 igitur

2321 5567 2619 5627 distantia
2649 5569 2787 5639 eJus
2816 5584 2852 5625 a
2883 5568 3107 5637 nihilo,
3139 5566 3335 5624 finita.
