4255 6375
591 345 669 408 56
1756 345 1900 407 LlB.
1937 345 2037 405 lv.
2072 344 2666 411 SENTENTIARUM

593 505 755 580 ista
833 532 849 575 t
933 508 1037 575 Ad
1118 508 1566 595 quodcumque
1638 506 2140 594 prod-licendum

594 638 786 692 eoelra
868 626 1221 713 Amyclam,
1316 627 1687 691 necessario
1770 624 2145 710 requiritur

592 744 955 810 intellectio
1001 743 1243 829 Anqeli
1300 753 1616 828 tanquam
1684 742 1993 827 proevia,·
2061 740 2140 808 et

592 856 964 947 sequitur
1012 855 1461 948 principale
1515 854 1936 935 intentum,
1995 854 2142 926 sci-

589 973 782 1046 licet
843 975 1047 1065 quod
1100 974 1321 1044 nulla
1372 972 1831 1045 substantia
1874 972 2141 1063 potest

591 1090 862 1162 creari
905 1089 1003 1161 ab
1043 1091 1377 1181 AngelO.

682 1208 961 1282 Prima
995 1207 1451 1302 propositio
1488 1208 1907 1301 probatur,
1955 1207 2143 1299 quia

595 1327 731 1400 ille
781 1331 1012 1402 actus
1055 1327 1522 1400 necessario
1578 1326 1933 1419 praevius
1985 1330 2144 1398 ter-

596 1446 817 1520 mino
899 1445 1370 1528 creationiS,
1462 1449 1602 1520 aut
1690 1443 2146 1537 requiritur

593 1566 982 1653 tanquam
1015 1567 1245 1636 actus
1299 1561 1821 1656 productivus
1861 1562 2145 1634 termi-

590 1675 716 1756 ni;
790 1681 929 1750 aut
989 1681 1375 1769 tanquam
1442 1677 1789 1749 formale
1854 1675 2144 1768 princi-

594 1792 813 1885 pium
859 1795 1429 1886 productivum
1462 1793 1818 1867 termini.
1859 1796 2143 1865 Exem-

594 1909 817 2003 plum
908 1909 1175 2002 primi,
1262 1909 1685 1982 calefactio
1767 1911 2140 2001 respectu

594 2026 900 2098 caloris
953 2025 1205 2117 geniti
1242 2024 1322 2097 in
1371 2025 1620 2117 ligno.
1660 2025 2142 2118 Exemplum

596 2142 946 2226 secundi,
1026 2142 1259 2215 calor
1335 2142 1413 2214 in
1482 2143 1690 2233 igne,
1765 2147 2141 2234 respectu

595 2254 1157 2329 calefactionis
1199 2257 1425 2349 ligni.
1475 2260 1653 2331 Non
1689 2257 2145 2348 requiritur

599 2373 869 2466 primo
923 2375 1180 2454 modo,
1228 2374 1415 2465 quia
1466 2379 1698 2447 actus
1744 2372 2146 2467 producti-

590 2510 741 2561 vus
819 2489 1205 2581 alicujus,
1294 2492 1372 2561 et
1452 2493 1682 2562 actus
1776 2489 2146 2562 formalis

593 2605 990 2700 producti,
1066 2609 1253 2678 sunt
1299 2604 1379 2676 in
1428 2607 1744 2688 eodem;
1798 2626 1996 2698 ergo
2050 2608 2146 2678 ad

594 2725 1190 2818 producendum
1261 2723 1561 2817 aliquid
1639 2728 1901 2807 extra,
1983 2746 2146 2797 non

596 2842 1049 2936 requiritur
1085 2845 1318 2916 actus
1351 2843 1803 2915 immanens
1840 2843 2140 2934 agenti,

594 2964 982 3053 tanquam
1042 2963 1273 3032 actus
1351 2959 1899 3052 productivus.
1980 2962 2146 3032 Nec

597 3074 942 3146 secundo
980 3074 1237 3157 mod0,
1286 3074 1476 3166 quia
1525 3080 1754 3148 actus
1791 3073 2148 3146 acciden-

591 3191 785 3266 talis
821 3212 982 3264 non
1039 3196 1308 3284 potest
1338 3213 1516 3264 esse
1549 3191 1894 3264 formale
1928 3192 2143 3284 prin-

593 3308 898 3401 cipium
989 3310 1469 3402 producendi
1572 3309 2141 3382 substantiam.

592 3426 820 3508 Tum,
877 3424 1062 3517 quia
1106 3426 1475 3498 accidens
1515 3423 1984 3497 necessario
2029 3446 2147 3498 re-

595 3541 851 3635 quirit
941 3543 1394 3635 potentiam
1484 3542 1980 3633 receptivam
2068 3541 2148 3614 in

594 3659 979 3740 essendo;
1047 3658 1308 3731 omnis
1378 3663 1650 3732 autem
1707 3657 1979 3730 forma
2030 3679 2149 3730 re-

595 3773 924 3868 quirens
993 3774 1444 3869 potentiam
1498 3774 1995 3868 receptivam
2066 3775 2145 3848 in

591 3893 954 3983 essendo,
1003 3892 1072 3964 si
1130 3896 1255 3965 est
1320 3891 1611 3974 activa,
1674 3893 2144 3966 necessario

595 4005 948 4097 requirit
1026 4006 1475 4099 potentiam
1559 4007 1971 4099 passivam
2068 4007 2148 4078 in

595 4122 927 4216 agendo,
979 4122 1343 4214 alioquin
1384 4123 1654 4195 forma
1692 4124 2147 4195 terminans

597 4239 1029 4322 actionem,
1102 4245 1318 4313 esset
1379 4240 1838 4314 absolutior
1899 4261 1945 4313 a
1990 4263 2149 4315 ma-

592 4357 842 4437 teria,
952 4376 1193 4450 quam
1279 4356 1548 4429 forma
1645 4358 2149 4452 principians

594 4479 896 4559 actum,
936 4475 1140 4568 quod
1171 4479 1295 4548 est
1326 4474 1923 4558 inconveniens,
1963 4476 2151 4569 quia

599 4590 1005 4665 absolutio
1057 4610 1105 4661 a
1163 4591 1514 4664 materia
1562 4589 2150 4683 perfectionem

602 4708 932 4800 arguit3
1040 4708 1172 4779 sed
1260 4707 1633 4780 formalis
1747 4707 2149 4781 terminus

601 4824 952 4899 actionis
1035 4844 1198 4896 non
1271 4828 1539 4917 potest
1624 4845 1803 4898 esse
1888 4825 2152 4916 perfe-

601 4943 816 5016 ctior
902 4940 1236 5016 formali
1336 4940 1738 5033 principio
1834 4942 2145 5032 agendi.

598 5061 826 5144 Tum,
889 5058 1080 5152 quia
1146 5056 1515 5130 accidens
1582 5059 1704 5128 est
1777 5056 2148 5149 imperfe-

598 5175 811 5248 ctius
845 5195 1084 5267 quam
1119 5172 1579 5247 substantia
1623 5176 1684 5246 7.
1735 5175 1887 5242 Met.
1947 5172 2150 5244 nihil

597 5294 871 5363 autem
904 5294 1028 5365 est
1059 5291 1409 5365 formale
1442 5289 1936 5384 principium
1970 5309 2151 5383 pro-

597 5407 931 5481 ducendi
990 5407 1288 5501 aliquid
1350 5406 1791 5509 perfectius
1835 5405 2147 5500 seipso;

594 5524 663 5597 si
696 5522 911 5597 enim
946 5524 1285 5598 univoce
1317 5526 1735 5616 producat,
1771 5527 1895 5597 est
1927 5543 2153 5616 aeque

300 5036 404 5084 ext.
442 5033 490 5084 2.
524 5038 575 5085 et

346 5095 484 5149 inde.

2257 502 2756 596 perfectum,
2821 506 2897 577 si
2964 504 3400 597 aequivoce,
3473 502 3806 594 oportet

2258 622 2462 711 quod
2496 621 2602 694 sit
2653 622 3120 714 perfectius.
4003 711 4010 719 1

2346 739 2489 810 Sed
2567 760 2978 832 nunquam
3051 734 3614 832 imperfectius
3701 736 3920 847 (n)D‘
3979 730 4164 844 ξιξ-Μ.

2256 855 2700 945 producere
2787 859 3055 949 potest
3149 854 3594 948 perfectius
3693 871 3805 923 se.

2256 973 2824 1064 Respondetur
2858 972 3013 1055 hic,
3053 971 3259 1065 quod
3305 970 3674 1044 accidens
3729 968 3809 1038 in

2253 1086 2562 1160 virtute
2659 1087 3171 1169 substantiae,
3270 1088 3542 1178 potest
3631 1101 3807 1154 esse

2257 1204 2752 1297 principium
2857 1202 3344 1298 producendi
3442 1202 3812 1273 substan-

2257 1323 2482 1403 tiam,
2523 1327 2907 1414 tanquam
2953 1321 3590 1393 instrumentum
3636 1316 3811 1389 sub·

2257 1439 2608 1520 stantiae,
2679 1439 2869 1511 licet
2936 1458 3099 1510 non
3166 1436 3428 1530 possit
3496 1436 3574 1508 in
3632 1454 3813 1528 pro·

2256 1556 2438 1649 pria
2468 1556 2801 1628 virtute.
2851 1554 3331 1646 Exemplum
3371 1553 3463 1624 de
3504 1551 3808 1629 calore,

2258 1674 2391 1766 qui
2460 1677 2585 1747 est
2653 1672 3290 1745 instrumentum
3356 1669 3649 1740 animae
3733 1668 3811 1741 in

2259 1790 2714 1882 generando
2749 1808 3105 1868 carnem,
3138 1789 3204 1859 2.
3242 1790 3324 1855 de
3362 1790 3630 1855 Anima.

2346 1917 2654 1988 Contra
2727 1910 2878 1983 hoc
2949 1929 3209 2001 arguo
3279 1908 3396 1981 sic
3469 1936 3484 1978 t
3552 1910 3807 1983 Omne
3866 1950 4138 2005 12²„th-

2257 2031 2920 2110 instrumentum,
2998 2028 3124 2100 vel
3194 2046 3438 2119 agens
3498 2026 3578 2098 in
3644 2025 3812 2096 vir-

2255 2150 2430 2221 tute
2461 2145 2828 2226 alterius,
2867 2147 3005 2215 aut
3040 2143 3373 2234 attingit
3423 2142 3811 2217 effectum

2258 2263 2824 2360 principalem,
2878 2262 3006 2335 vel
3046 2259 3397 2354 disponit
3449 2260 3544 2332 ad
3595 2260 3817 2352 prin-

2258 2381 2602 2473 cipalem
2667 2378 3142 2459 terminum3
3200 2378 3331 2449 sed
3385 2377 3465 2448 in
3514 2396 3814 2470 propo-

2259 2497 2419 2569 sito
2452 2498 2831 2568 neutrum
2870 2497 3136 2585 potest
3168 2492 3370 2573 dari,
3400 2512 3561 2563 non
3594 2491 3815 2563 enim

2259 2615 2530 2705 potest
2572 2610 2938 2683 accidens
2981 2610 3390 2701 attingere
3427 2608 3813 2681 effectum

2260 2728 2797 2822 principalem
2841 2726 3157 2818 agentis
3197 2728 3326 2799 vel
3377 2726 3812 2819 producen-
3846 2739 4144 2851 Αωξιῖἒω

2257 2843 2367 2916 tis
2418 2843 2778 2916 creantis
2841 2844 3407 2924 substantiam,
3482 2842 3672 2934 quia
3741 2842 3813 2913 si
3880 2866 4133 2927 attingunt

3893 2928 4124 2976 effectum

2264 2960 2711 3056 principale
2771 2979 3018 3050 agens
3060 2963 3275 3032 esset
3337 2979 3582 3051 agens
3633 2959 3812 3030 uni·
3871 2991 4130 3055 princip,-

2260 3097 2576 3157 vocum,
2632 3080 2822 3149 tunc
2856 3095 3013 3148 non
3049 3074 3513 3148 necessario
3550 3075 3812 3166 requi·
3842 3055 4151 3165 suhssffiffl,

2266 3198 2487 3267 reret
2549 3192 2847 3285 aliquid
2907 3212 3151 3284 agens
3196 3192 3543 3263 medium
3593 3192 3814 3263 inter
3869 3180 4124 3292 sggffinf,

2261 3309 2614 3382 formam
2651 3329 2882 3380 suam
2932 3312 3011 3381 et
3070 3306 3495 3388 effectum;
3561 3326 3811 3399 agens
3841 3305 3897 3353 ‘¹-
3932 3305 4010 3354 ¹2·
4038 3303 4152 3367 ¹1·³·

2261 3432 2535 3501 autem
2602 3425 3105 3517 aequivocum
3180 3428 3302 3497 est
3371 3421 3813 3516 perfectius

2263 3544 2655 3623 univoco;
2708 3561 2905 3633 ergo
2950 3560 3110 3612 non
3167 3541 3636 3612 necessario
3701 3561 3820 3612 re·

2265 3657 2512 3749 quirit
2577 3657 2742 3730 tale
2803 3656 3174 3738 medium,
3227 3659 3305 3728 et
3344 3676 3490 3748 per
3542 3677 3813 3729 conse-

2264 3793 2513 3863 quens
2581 3793 2741 3845 non
2823 3772 3062 3846 habet
3150 3773 3816 3854 instrumentum,

2264 3909 2408 3982 per
2481 3891 2682 3982 quod
2726 3890 3083 3980 attingat
3127 3891 3607 3971 tcr1ninum3
3671 3910 3820 3963 nec

2264 4009 2533 4098 potest
2584 4005 2953 4077 accidens
2991 4026 3168 4077 esse
3229 4010 3615 4098 tanquam
3657 4005 3820 4078 dis·

2266 4126 2567 4217 positio
2662 4126 2992 4218 praevia,
3067 4126 3253 4218 quia
3338 4126 3538 4198 nihil
3619 4147 3823 4218 prae·

2265 4242 2753 4334 supponitur
2811 4242 3239 4325 creationi,
3294 4243 3501 4333 quod
3556 4242 3821 4334 dispo·

2263 4361 2538 4430 natur.

2355 4477 2909 4553 Confirmatur
2952 4477 3188 4558 istud,
3228 4476 3414 4569 quia
3449 4477 3580 4549 ubi
3617 4477 3822 4550 acci·
3879 4483 4138 4596 nglmogg

2263 4594 2534 4668 dentia
2595 4597 2780 4667 sunt
2843 4593 3390 4667 instrumenta
3443 4593 3819 4667 substan·
3865 4564 4128 4676 ἓῗξξιοῖῗωι
4221 4611 4222 4680 j

2265 4711 2400 4784 tiae
2453 4710 2944 4802 generantis,
2997 4730 3157 4781 non
3199 4711 3614 4800 attingunt
3655 4713 3818 4782 ter·
3848 4675 4145 4785 gagaggan-

2266 4828 2572 4900 minum
2651 4825 3212 4918 principalem,
3287 4827 3419 4898 sed
3496 4831 3817 4901 tantum

2265 4942 2693 5035 quamdam
2727 4941 3342 5033 dispositionem
3393 4942 3812 5033 praeviam,

2266 5063 2353 5133 ut
2387 5061 2610 5151 patet
2641 5058 2732 5129 de
2773 5057 3303 5148 qualitatibus
3354 5056 3820 5130 alterativis

2264 5175 2879 5253 elementorum,
2938 5193 3111 5264 quae
3177 5193 3337 5245 non
3397 5173 3815 5264 attingunt

2265 5292 2615 5364 formam
2704 5289 3359 5372 substantialem,
3453 5290 3820 5382 alioquin

2267 5405 2616 5500 qualitas
2660 5407 2875 5478 esset
2919 5404 3409 5497 principium
3459 5405 3820 5478 activum

2268 5520 2730 5594 immediate
2809 5521 2889 5592 in
2968 5520 3402 5614 materiam
3479 5520 3823 5614 recepti-
