4255 6375
1405 383 1607 446 Dlsr.
1643 382 1743 445 111.
1778 378 2139 457 QUAES'rlo
2174 382 2273 447 lv.
3320 390 3439 454 367

273 537 630 632 Scripturas
667 540 946 631 divinas,
984 545 1348 611 admissum
1393 546 1606 631 fucrit
1657 546 1786 611 ali·
1898 510 2298 617 conversa
2348 542 2431 616 in
2486 545 2529 616 J
2539 546 2761 619 udaea
2812 546 3294 622 observabat
3337 548 3448 622 le-

188 702 247 747 ur,
270 666 419 749 quod
472 662 908 741 mendacium,
972 675 1567 748 quantumcumque
1629 683 1788 748 par·

189 826 204 858 2
273 801 401 845 vum
447 800 558 844 seu
595 781 1000 863 officiosum,
1042 780 1224 845 nihil
1270 789 1566 844 remanet
1605 779 1679 842 in
1709 797 1788 841 ea

189 888 245 921 ¹¹¹¹
267 893 477 971 solidoe
523 896 846 973 veritati&
893 916 1022 981 qua
1068 894 1502 960 convincatur
1550 892 1783 958 adver·

188 1014 244 1057 Μ’
267 1011 487 1077 sarius.
529 1010 870 1096 Quidquid
899 1013 1074 1077 enim
1106 1023 1337 1076 contra
1365 1012 1584 1097 ipsum
1622 1008 1783 1075 olle-

193 1068 219 1117 t.

189 1137 224 1234 [¹¹
261 1138 465 1213 qatum
502 1128 735 1211 fuerit,
779 1126 1197 1214 respondebit
1229 1125 1405 1194 illud
1441 1124 1784 1193 mendaci-

1901 677 2109 750 gem,
2149 664 2295 729 Act.
2331 662 2443 733 21.

1986 777 2151 849 Nec
2182 776 2504 851 videtur
2546 780 2749 871 quod
2786 778 3448 873 reprehensibilis

1897 897 2105 974 erat,
2178 893 2367 985 quia
2436 894 2552 968 sic
2605 895 3091 971 observabat
3158 897 3445 989 legem,

1899 1008 2213 1083 scilicet
2267 1010 2343 1082 in
2393 1010 2916 1086 discernendo
2960 1014 3207 1097 cibos,
3262 1014 3453 1106 quia

1897 1128 1975 1197 et
2008 1125 2159 1199 hoc
2194 1147 2354 1199 non
2395 1128 2656 1218 magis
2698 1126 2851 1200 fuit
2897 1130 3446 1213 mortiferum,

262 1254 348 1308 ter
373 1264 501 1309 esse
538 1242 811 1323 dictum,
817 1246 1038 1329 jocose
1080 1244 1178 1309 vel
1216 1243 1535 1327 officiose,
1581 1250 1650 1306 ut
1693 1250 1785 1305 est

259 1358 418 1424 illud
443 1359 658 1437 aliud,
718 1359 892 1447 quod
935 1358 1318 1424 conceditur
1366 1359 1460 1423 ita
1501 1377 1635 1424 esse
1673 1355 1784 1421 di-

257 1488 434 1542 ctum.
499 1473 716 1544 Unde
774 1472 967 1545 dicit
1034 1472 1320 1544 ibidem
1413 1469 1784 1561 Augusti·

257 1610 392 1661 nus
459 1616 475 1660 :
550 1594 665 1658 His
717 1594 881 1658 solis
937 1591 1128 1658 libris
1180 1592 1606 1676 scriptorum,
1669 1589 1785 1675 qui

258 1708 573 1774 canonici
621 1709 1082 1786 nominantur,
1128 1707 1301 1772 hanc
1337 1705 1553 1772 didici
1602 1706 1784 1787 ferre

251 1825 699 1902 reverentiam,
736 1823 912 1910 quod
952 1824 1209 1889 nullum
1251 1843 1476 1887 eorum
1519 1821 1591 1885 in
1620 1821 1786 1885 scri-

252 1939 444 2005 bendo
474 1960 753 2019 errasse,
804 1940 1189 2022 firmissime
1235 1938 1524 2004 credam.
1584 1937 1783 2007 Cum

249 2069 433 2141 ergo
469 2050 767 2123 Paulus
801 2050 893 2122 ad
932 2053 1079 2119 Gal.
1114 2052 1181 2122 2.
1221 2069 1393 2141 quae
1423 2051 1545 2121 est
1590 2066 1783 2140 pars

252 2167 686 2259 Scripturae
737 2166 1189 2250 Canonicae,
1236 2164 1387 2238 hoc
1419 2164 1726 2237 scribat
1763 2186 1776 2229 :

254 2288 317 2352 In
353 2288 595 2371 faciem
647 2290 710 2353 ei
754 2288 993 2365 restiti,
1039 2288 1199 2373 quia
1245 2283 1787 2372 reprehensibilis

247 2415 397 2485 erat,
473 2407 553 2475 et
597 2400 859 2474 subdit
908 2427 924 2471 ε
983 2404 1148 2469 Cum
1186 2414 1405 2467 autem
1443 2400 1777 2479 vidissem,

246 2521 409 2606 quod
473 2541 610 2586 non
655 2532 830 2586 recte
884 2520 1251 2586 ambularet
1300 2517 1391 2582 ad
1437 2516 1786 2582 veritatem

243 2635 616 2722 Evanyelii,
698 2652 1023 2705 necesse
1092 2635 1217 2704 est
1284 2629 1551 2702 dicere
1627 2626 1785 2701 ista

244 2748 482 2821 verba
547 2770 724 2821 esse
793 2747 1281 2840 simpliciter
1352 2765 1587 2827 vera,
1660 2742 1784 2815 vel

240 2866 489 2937 totius
523 2865 971 2958 Scripturae
1021 2860 1476 2936 auctoritas
1526 2857 1786 2934 auser-

246 2985 495 3054 retur.
554 2980 1090 3064 Quaerendum
1147 2982 1271 3052 est
1330 2997 1529 3070 ergo
1610 2974 1787 3067 quis

244 3098 344 3171 sit
386 3098 849 3172 intellectus
913 3095 1259 3170 istorum
1318 3094 1784 3175 verborum,

244 3220 325 3289 ut
357 3236 554 3288 vera
588 3215 776 3296 sint,
814 3234 971 3286 non
1022 3212 1235 3285 enim
1289 3214 1555 3304 potest
1604 3210 1786 3293 dici,

245 3331 444 3422 quod
536 3333 726 3403 tunc
829 3326 1493 3422 reprehensibilis
1580 3330 1785 3406 erat,

244 3447 425 3538 quia
505 3446 886 3519 servabat
952 3448 1142 3517 tunc
1214 3443 1523 3534 legem;
1603 3460 1788 3513 nam

245 3573 425 3660 post
486 3567 679 3640 illud
749 3566 1084 3647 factum,
1154 3562 1404 3637 etiam
1491 3561 1790 3633 Paulus

188 3747 192 3756 .
244 3683 753 3758 circumcidit
863 3681 1376 3754 Timotheum
1431 3704 1446 3761 ;
1580 3677 1793 3752 istud

245 3804 455 3875 enim
538 3801 693 3875 fuit
767 3799 1073 3874 factum
1144 3799 1310 3871 cito
1387 3799 1567 3889 post
1635 3799 1793 3868 ter-

189 3917 444 3991 'tium
518 3914 995 3998 Concilium,
1087 3912 1464 3985 Barnaba
1540 3911 1793 3983 adhuc

242 4036 643 4110 existente
691 4055 875 4107 cum
928 4034 1180 4105 Paulo
1216 4031 1298 4103 in
1332 4027 1788 4110 Antiochia,

242 4154 421 4243 post
483 4148 1036 4223 reversionem
1084 4165 1370 4218 eorum
1418 4143 1510 4216 de
1562 4144 1794 4215 Jeru-

1898 1261 2138 1333 quam
2208 1242 2371 1314 alia
2440 1243 2760 1335 legalia,
2787 1243 3099 1317 scilicet
3169 1245 3451 1338 purifi-

1895 1356 2112 1433 catio
2153 1362 2234 1432 et
2267 1357 2751 1450 hujusmodi.

1981 1475 2126 1547 Vel
2168 1496 2365 1568 ergo
2419 1476 2732 1551 dicetur
2788 1476 3444 1569 reprehensibilis
3585 1482 3664 1533 15-

1896 1589 2172 1673 fuisse,
2239 1591 2427 1682 quia
2488 1592 2568 1663 in
2633 1591 2772 1664 illo
2823 1598 3008 1669 actu
3063 1592 3440 1667 observa·
3539 1543 3735 1659 ἳὲἷὲῗιι

1894 1705 2029 1777 bat
2073 1707 2357 1798 legem,
2415 1707 2955 1781 subtrahendo
3010 1732 3093 1782 se
3144 1732 3190 1783 a
3239 1715 3441 1784 Gen-
3471 1671 3798 1806 ”eprggissm'

1896 1821 2112 1895 tibus
2183 1822 2264 1893 in
2321 1823 2499 1896 cibo
2568 1826 2645 1895 et
2710 1828 2944 1917 potu;
3019 1826 3224 1916 quod
3293 1825 3442 1899 hoc
3559 1797 3725 1847 ΡΜ·

1896 1957 2055 2009 non
2088 1943 2271 2013 erat
2319 1938 2796 2022 faciendum,
2850 1940 3170 2015 videtur
3218 1943 3447 2035 prius

1899 2053 2047 2127 sibi
2103 2052 2354 2127 fuisse
2404 2056 2707 2130 dictum
2747 2078 2794 2129 a
2835 2059 3001 2130 Deo
3036 2064 3176 2127 Act.
3214 2062 3322 2133 10.
3357 2059 3449 2131 de

1901 2170 2306 2251 Cornelio,
2342 2172 2466 2244 vel
2501 2173 2690 2263 quia
2724 2173 2951 2266 prius
2985 2195 3143 2247 non
3182 2174 3450 2247 obser-

1895 2308 2096 2360 vans
2148 2288 2408 2380 legem
2469 2289 2548 2361 in
2600 2289 2749 2362 hoc
2841 2310 3123 2364 coram
3183 2291 3454 2365 Genti-
3508 2304 3515 2347 ἑ

1896 2404 2066 2487 bus,
2170 2409 2455 2497 postea
2527 2405 3034 2480 venientibus
3122 2409 3446 2493 Judaeis‚

1896 2521 2145 2595 etiam
2182 2520 2260 2592 in
2292 2520 2443 2593 hoc
2480 2521 2999 2606 observabat;
3036 2528 3115 2596 et
3150 2530 3453 2598 utrum-

1899 2661 2050 2733 que
2121 2640 2475 2713 istorum
2542 2641 2888 2714 duorum
2942 2647 3214 2735 posset
3261 2644 3448 2736 poni

1897 2757 2494 2851 multipliciter.

1991 2874 2356 2947 Primum
2388 2874 2602 2947 enim
2639 2879 2962 2969 poterat
2990 2877 3144 2950 dici
3179 2898 3449 2970 repre·
3569 2924 3735 2976 Causa

1899 2989 2317 3074 hensibile‚
2355 2993 2542 3084 quia
2582 2996 2673 3062 ad
2711 3017 3180 3084 quamcumque
3219 2997 3447 3063 Eccle-
3476 2987 3803 3099 ‘'Prggssgssi·

1897 3110 2070 3173 siam
2109 3112 2390 3191 veneris,
2438 3110 2550 3175 illi
2579 3121 2637 3175 tc
2677 3114 3073 3197 conformem,
3113 3108 3227 3181 ait
3269 3110 3448 3182 Am·
3572 3111 3740 3224 Pqtriz

1893 3222 2227 3295 brosius
2315 3226 2814 3316 Augustino;
2904 3245 3105 3318 ergo
3184 3245 3451 3320 repre·
3482 3190 3714 3230 mmm
3743 3194 3803 3228 m·

1902 3337 2293 3412 hensibile
2327 3338 2479 3413 fuit
2515 3339 2596 3412 in
2632 3341 3000 3415 Ecclesia
3043 3341 3447 3425 Gentium,

1900 3475 2059 3527 non
2130 3455 2653 3530 conformare
2712 3479 2795 3530 se
2867 3459 3098 3531 modo
3168 3478 3455 3531 eorum

1899 3571 2244 3654 vivendi,
2278 3573 2406 3645 vel
2441 3575 2627 3667 quia
2661 3574 2742 3646 in
2776 3573 2927 3648 hoc
2958 3576 3196 3649 dabat
3232 3597 3454 3650 occa·

1905 3687 2218 3762 sionem
2294 3691 2680 3763 Gentibus
2742 3693 3114 3765 servandi
3165 3693 3451 3784 legem,

1902 3806 2028 3878 vel
2082 3809 2269 3900 quia
2312 3809 2738 3882 ostendens
2781 3807 2998 3882 facto
3054 3809 3245 3881 illud
3279 3830 3457 3882 esse

1902 3924 2486 4004 necessarium,
2558 3925 2684 3996 vel
2736 3925 3026 3998 saltem
3089 3946 3457 3999 necessa-

1908 4040 2121 4111 rium
2166 4040 2260 4112 ad
2294 4040 2444 4115 hoc
2488 4046 2575 4115 ut
2610 4044 2981 4116 conversi
3025 4063 3125 4114 ex
3156 4043 3456 4116 Judaeis

1902 4155 2205 4229 vellent
2274 4156 2883 4231 communicare
2925 4179 3108 4231 cum
3160 4158 3303 4241 eiS,
3374 4163 3456 4233 et

242 4268 521 4350 salem,
601 4269 690 4338 ut
771 4262 1171 4355 Magister
1249 4259 1794 4335 historiarum
1909 4292 2120 4363 saepe
2208 4271 2640 4345 inferiores
2736 4273 3100 4349 facerent
3185 4274 3457 4368 aliqua

235 4383 876 4478 narrat,quando
922 4378 1234 4452 scilicet
1289 4379 1581 4452 Petrus
1617 4397 1792 4469 per-

240 4520 435 4592 gens
465 4500 835 4580 Romam,
874 4493 1265 4569 transivit
1317 4513 1472 4585 per
1513 4492 1797 4565 Antio-

240 4617 529 4691 chiam.
599 4614 899 4687 Paulus
969 4616 1242 4685 autem
1284 4607 1798 4683 circumcidit

908 4736 1091 4827 post
1184 4727 1791 4822 separationem

242 4852 417 4946 ejus
489 4872 535 4923 a
602 4849 1003 4932 Barnaba,
1076 4845 1387 4940 quando
1473 4845 1796 4934 sumpto

249 4968 445 5059 Syla
502 4966 917 5060 profectus
974 4966 1100 5036 est
1161 4961 1258 5034 ad
1307 4956 1797 5032 visitandum

189 5082 213 5092 ''
253 5084 583 5168 fratres,
656 5083 942 5177 quibus
1011 5079 1241 5174 prius
1319 5076 1803 5171 praedicave-

189 4798 208 4841 ι
239 4735 795 4815 Timotheum,

1906 4388 2292 4471 difficilia,
2339 4410 2436 4462 ne
2476 4390 3104 4472 excluderentur
3154 4411 3200 4464 a
3248 4413 3459 4466 com-

1911 4505 2289 4577 munione
2380 4505 2927 4598 superiorum.
3019 4507 3135 4580 Ad
3211 4507 3459 4583 istum

1910 4631 2416 4706 intellectum
2477 4635 2747 4725 potest
2792 4630 3089 4706 referri
3142 4633 3283 4706 illa
3344 4654 3459 4706 re·

1911 4773 2344 4867 prehensio
2388 4774 2618 4846 Pauli
2675 4799 2688 4843 :

1907 4931 2089 4988 zare,
2149 4910 2364 4978 Galat.
2419 4908 2485 4978 2.
2551 4931 2697 4996 cap.
2763 4907 2909 4979 Vel
2974 4908 3456 4981 ostendendo

1911 5032 2027 5105 eis
2086 5031 2484 5124 exemp10,
2546 5033 3100 5105 necessarium
3153 5033 3458 5127 simpli.-

2746 4777 2980 4844 Gentes
3018 4780 3196 4865 coqis
3224 4779 3458 4866 judai—

193 5247 217 5280 .
256 5206 417 5289 rat,
486 5206 573 5276 ut
632 5203 856 5294 patet
921 5208 1073 5269 Ace.
1154 5198 1262 5269 16.
1336 5196 1530 5267 Post
1609 5191 1800 5263 illud
1910 5159 2119 5232 citer
2188 5156 2365 5274 fore
2424 5156 2541 5296 ei}
2597 5178 2931 5296 servare
2991 5159 3277 5296 legem,
3331 5162 3458 5234 vel

251 5319 506 5393 etjam
584 5322 932 5409 tempus,
1001 5314 1199 5385 bene
1276 5310 1372 5383 ad
1449 5314 1805 5401 quatuor·
1892 5285 2090 5358 'fore
2131 5302 2689 5358 necessarium
2729 5304 2873 5367 e1s,
2920 5289 3008 5357 ut
3041 5290 3202 5359 sint
3241 5285 3461 5378 digni
3542 5362 3550 5372 ,

256 5453 540 5517 annos,
594 5433 894 5506 Paulus
954 5428 1437 5523 purificatus
1496 5427 1618 5497 est
1690 5444 1805 5496 se-

1915 5408 2483 5483 communione
2552 5408 3017 5481 Judaeorum
3078 5410 3456 5498 fidelium,

217 5553 604 5632 ·0¹¹nd¹¹m
664 5551 951 5642 legem,
1012 5552 1092 5623 et
1152 5548 1332 5658 tota
1375 5540 1803 5659 multitudJ
1915 5537 2043 5609 vel
2132 5536 2424 5610 saltem
2511 5534 2988 5663 laudabilius
3078 5538 3193 5610 eis
3283 5511 3512 5663 fore*
3570 5634 3577 5646 .
