4255 6375
677 378 755 442 88
1817 382 1961 443 LlB.
2009 381 2112 443 lv.
2159 382 2750 447 SENTENTIARUM

676 539 1098 608 fundamento
1129 543 1468 610 astruitur.
1507 545 1683 609 Hanc
1730 554 1944 609 tamen
1976 541 2222 608 disser-

673 655 983 722 tationem
1025 658 1364 724 brevitatis
1417 678 1611 724 causa
1668 658 1775 724 hic
1812 658 2218 736 omittemuS,

671 773 821 859 quia
861 776 1058 842 etiam
1095 796 1405 842 concessa
1435 775 1543 841 tali
1596 775 1882 862 potentia
1917 773 2223 839 obedien-

669 889 827 971 tiali,
869 911 993 955 non
1039 891 1337 978 sequitur
1384 912 1525 957 eam
1588 892 1800 957 facere
1858 891 1934 956 ad
1994 889 2222 956 termi-

670 1025 828 1071 num
896 1006 1268 1087 creationis,
1306 1027 1517 1094 neque
1568 1020 1636 1073 ut
1713 1007 2219 1073 instrumentum

672 1122 1030 1210 disponens
1064 1123 1335 1209 praevie,
1373 1124 1525 1212 quia
1557 1124 1619 1189 id
1653 1134 1973 1211 repugnat
2004 1121 2223 1187 termi-

679 1261 763 1307 no
821 1239 1192 1322 creationis,
1249 1253 1318 1306 ut
1365 1255 1688 1328 supponat
1728 1239 2223 1327 dispositionem

672 1376 754 1422 ex
784 1368 967 1441 parte
1007 1356 1267 1444 objecti,
1313 1377 1458 1423 cum
1516 1357 1766 1423 nullum
1810 1357 2218 1443 praeexigat3

671 1471 725 1536 si
804 1484 1020 1537 autem
1082 1493 1162 1538 ex
1232 1485 1414 1558 parte
1459 1472 1736 1559 'agentis
1803 1493 1919 1558 per
1961 1474 2223 1537 modum

669 1587 949 1675 alicujus
981 1587 1546 1654 determinationis
1597 1588 1833 1674 prioris
1883 1587 1983 1653 vel
2013 1588 2225 1675 appli-

671 1703 973 1782 cationiS,
1014 1703 1285 1789 perinde
1311 1704 1449 1769 fieri
1486 1716 1700 1790 potest
1739 1725 1774 1769 a
1805 1724 1998 1769 causa
2043 1704 2224 1791 prin-

673 1818 887 1905 cipali,
926 1820 1287 1886 secundum
1331 1819 1641 1886 virtutem
1686 1821 1996 1899 innatam,
2043 1832 2104 1885 et
2136 1832 2226 1885 ta-

673 1933 757 1999 lis
813 1934 1157 2021 dispositio
1208 1954 1336 1999 non
1395 1934 1713 2001 abstrahit
1782 1955 1814 1999 a
1883 1935 2221 2022 subjecto;

680 2074 838 2141 ergo
885 2053 964 2120 ad
1005 2074 1147 2121 eam
1182 2053 1419 2119 frustra
1453 2053 1725 2141 tingitur
1754 2054 2040 2142 potentia
2081 2054 2227 2119 obe-

680 2167 1008 2236 dientialis
1039 2191 1120 2236 ex
1157 2171 1283 2237 hoc
1313 2170 1546 2258 capite.

432 2326 544 2379 103.
769 2286 1114 2372 Supposita
1181 2287 1400 2375 itaque
1468 2287 1573 2353 illa
1622 2286 1993 2353 conditione
2058 2285 2225 2353 circa

684 2401 957 2467 formam
990 2403 1266 2469 activam
1312 2404 1756 2485 instrumenti,
1801 2417 1863 2469 et
1893 2403 2226 2471 communi

681 2517 1003 2582 sententia
1098 2517 1612 2604 Theologorum,
1702 2541 1829 2608 qua
1914 2522 2230 2586 asseritur

678 2637 882 2700 Deum
914 2652 1110 2719 agere
1150 2633 1595 2720 principaliter
1636 2634 1701 2699 in
1758 2637 1933 2701 omni
1976 2638 2230 2705 actione

679 2769 895 2816 causae
962 2749 1290 2828 secundae,
1347 2762 1409 2815 et
1468 2751 1590 2816 hoc
1624 2751 1811 2817 modo
1870 2773 1997 2819 non
2039 2775 2231 2840 posse

678 2876 1044 2931 creaturam
1077 2884 1273 2951 agere
1304 2865 1746 2953 principaliter
1774 2868 1852 2933 ad
1884 2871 2230 2937 creationis

679 2978 1058 3060 terminum,
1107 2980 1169 3045 id
1217 2993 1338 3060 est,
1386 2982 1528 3048 sine
1568 2982 2100 3050 subordinatione
2153 2987 2229 3051 ad

680 3100 884 3162 Deum
952 3116 1216 3162 causam
1260 3097 1710 3184 superiorem;
1766 3102 2083 3167 sumendo
2142 3115 2231 3168 ta·

684 3234 834 3279 men
904 3234 1163 3281 causam
1245 3215 1671 3302 principalem
1733 3239 1848 3304 pro
1915 3239 2012 3299 ea,
2085 3241 2233 3306 quae

680 3328 818 3415 agit
850 3349 964 3415 per
1009 3329 1326 3395 virtutem
1371 3331 1686 3411 innatam,
1726 3353 1874 3398 curn
1935 3334 2232 3400 subordi-

683 3443 944 3511 natione
985 3444 1296 3530 praedicta
1326 3446 1402 3512 ad
1439 3448 1715 3534 primam
1758 3470 2046 3529 causam,
2086 3450 2236 3517 licet

684 3559 876 3624 etiam
913 3578 1125 3647 neque
1171 3574 1323 3649 agat
1361 3562 1439 3627 ad
1474 3564 1823 3630 terminum
1856 3566 2229 3646 creationis,

463 3725 546 3776 An
688 3687 798 3741 aut
829 3696 1025 3762 agere
1058 3679 1288 3762 possit,
1329 3692 1625 3765 superest
1654 3679 1947 3762 dubium,
1975 3702 2057 3747 an
2093 3683 2237 3749 haec

367 3786 618 3901 Φθῡξξῗὸῑῡ
689 3793 1021 3860 conclusio
1072 3795 1375 3883 negativa
1436 3810 1731 3864 teneatur
1770 3800 1906 3865 sola
1961 3798 2109 3881 fide,
2154 3824 2236 3868 an

362 3917 526 3966 solum
556 3912 621 3961 de
691 3910 881 3975 etiam
917 3910 1165 3978 ratione
1207 3913 1463 3998 probari
1515 3915 1743 4000 possit.
1780 3920 1987 4004 Negat
2035 3921 2238 3983 Varro

334 3976 663 4090 flge‘iitgffiffix
692 4026 1052 4093 secundum
1108 4030 1182 4093 in
1229 4031 1294 4095 2.
1338 4030 1494 4097 dist.
1551 4035 1576 4095 1
1636 4044 1859 4118 querat.
1905 4035 1970 4101 6.
2006 4035 2240 4099 asserit

412 4105 589 4229 Χέἔζῖ
693 4153 849 4198 vero
884 4134 1302 4221 Landulphus
1334 4139 1408 4203 in
1438 4143 1501 4203 4.
1548 4140 1702 4204 dist.
1736 4143 1790 4204 l.
1835 4152 2058 4225 quaese.
2104 4148 2238 4208 l.ct

332 4227 666 4341 Lgfflffigffff
701 4240 937 4316 Quodl.
987 4246 1048 4307 1.
1095 4243 1245 4328 quia
1275 4243 1444 4309 sicut
1475 4244 1760 4310 formalis
1794 4259 1855 4312 et
1888 4249 2238 4315 materialis

342 4353 662 4465 Fuffiffen’
693 4348 1066 4415 necessario
1097 4371 1166 4416 se
1213 4353 1509 4437 exigunt,
1568 4351 1653 4418 ita
1693 4353 1885 4418 etiam
1946 4355 2238 4422 efficiens

381 4477 616 4527 secundae
690 4456 1037 4524 limitatum
1079 4458 1285 4544 exigit
1318 4461 1648 4526 materiam
1692 4463 2235 4530 concomitantem

366 4544 632 4650 sentgssnm
688 4566 777 4631 ad
796 4566 951 4646 sieri
972 4566 1087 4645 rei,
1112 4567 1262 4653 quia
1294 4589 1500 4654 agens
1525 4569 1871 4635 limitatum
1907 4582 2038 4650 est3
2072 4575 2238 4638 Deus

357 4663 626 4777 083ξὲἶέ
688 4682 930 4750 autem,
977 4674 1085 4759 qui
1118 4686 1218 4740 est
1257 4695 1454 4759 supra
1495 4687 1701 4741 totum
1735 4697 1947 4761 genus
1978 4680 2236 4764 agentis

393 4792 588 4838 mutuo.
688 4777 972 4857 limitati,
1049 4799 1176 4845 non
1240 4781 1335 4847 sic
1390 4782 1593 4868 exigit
1652 4784 2014 4863 materiam,
2085 4788 2237 4872 quia

687 4905 828 4950 eam
862 4885 929 4950 in
960 4905 1078 4950 sua
1120 4885 1364 4952 virtute
1393 4887 1689 4956 includit.

428 5036 581 5088 Ratio
777 4991 940 5058 Dicit
989 5003 1206 5058 autem
1266 4996 1522 5074 Doctor,
1561 4996 1733 5080 quod
1783 4996 1929 5065 licet
1965 5003 2107 5070 haec
2137 5025 2234 5071 ra·

337 5100 660 5213 illgaggmper
690 5098 778 5164 tio
811 5097 1074 5165 fundata
1115 5099 1178 5166 in
1248 5099 1637 5167 limitatione
1709 5108 1964 5192 agentis
2005 5112 2230 5193 creati,

599 5203 612 5227 ‚

389 5227 475 5297 secl
507 5240 608 5298 ηομ
692 5213 777 5278 sit
805 5235 919 5300 per
950 5235 1235 5295 causam,
1272 5228 1490 5283 tamen
1524 5238 1651 5283 non
1694 5239 1839 5286 esse
1878 5222 2036 5290 adeo
2086 5226 2234 5312 plus

328 5288 659 5341 mamfesttor.

691 5342 906 5397 notam
941 5329 1008 5396 in
1050 5332 1170 5400 hac
1234 5334 1682 5421 generalitate,
1729 5357 1923 5424 quam
1959 5342 2044 5407 sit
2093 5343 2233 5430 ipsa

683 5446 1040 5527 conclusio,
1085 5448 1227 5516 ideo
1286 5450 1551 5518 tertium
1612 5454 1876 5521 modum
1927 5458 2233 5545 proponit

676 5563 818 5650 ipse
848 5566 1080 5630 Doctor
1119 5566 1153 5651 5
1183 5570 1501 5656 sequenti.

2912 652 3313 711 SCHOLIUM.

2411 863 2588 919 Ponit
2643 863 2858 919 Doctor
2931 863 3055 917 tres
3109 860 3564 918 conclusiones,
3636 860 3844 915 Prima
3880 877 3899 914 ε

2342 964 2587 1031 Spiritus
2618 966 2836 1014 creatus
2866 976 2980 1014 non
3017 964 3192 1028 potest
3262 962 3660 1029 principaliter
3707 973 3901 1012 creare

2337 1062 2734 1126 substantiam,
2765 1058 2915 1128 quia
2946 1072 3065 1114 non
3108 1060 3307 1128 potest
3360 1055 3712 1126 producere
3771 1056 3898 1111 nisi

2337 1174 2452 1231 per
2508 1158 2994 1214 intellectionem
3043 1156 3517 1222 etvolitionem‚
3550 1169 3693 1226 quae
3750 1159 3903 1210 sunt

2340 1254 2710 1312 accidentia.
2771 1254 3051 1311 Secunda
3101 1272 3115 1310 ε
3157 1257 3358 1309 Forma
3414 1251 3737 1308 materialis
3782 1267 3897 1305 non

2340 1362 2415 1410 est
2453 1357 2719 1413 creabilis
2747 1371 2780 1408 α
2811 1360 3093 1426 creatura,
3146 1355 3296 1425 quia
3352 1368 3474 1411 non
3528 1357 3731 1424 potest
3758 1366 3900 1408 esse

2339 1456 2519 1527 prius
2549 1460 2769 1512 natura
2825 1468 3011 1525 quam
3052 1453 3367 1519 informet,
3418 1453 3704 1523 alioquin
3752 1464 3900 1522 pos-

2339 1557 2433 1610 set
2462 1559 2747 1623 separata
2798 1569 2833 1610 a
2897 1557 3187 1610 creatura
3215 1553 3601 1609 conservari.
3634 1551 3844 1606 Tertia
3878 1567 3896 1604 :

2342 1655 2541 1707 Forma
2572 1653 2888 1706 materiatis
2922 1668 3034 1706 non
3078 1655 3249 1720 potest
3276 1665 3488 1717 creare,
3522 1649 3673 1719 quia
3732 1649 3900 1704 sicut

2341 1750 2654 1822 dependet
2680 1766 2715 1807 a
2746 1750 3007 1807 materia
3038 1751 3106 1805 in
3135 1764 3260 1820 qua
3290 1749 3390 1816 sit,
3422 1748 3512 1805 ita
3564 1749 3628 1803 et
3680 1746 3758 1802 ab
3787 1760 3899 1802 ea-

2342 1849 2505 1916 dem,
2538 1851 2604 1906 in
2643 1864 2829 1921 quam
2861 1854 3023 1920 agat.

2435 2058 2616 2130 Ideo
2651 2057 2745 2147 (y)
2790 2056 2944 2129 dici
2991 2058 3261 2149 pote-st
3316 2056 3568 2129 tertio
3623 2053 3892 2135 modo,
3930 2042 4141 2156 00¹2}ss
4166 2108 4193 2155 Ι.

2344 2175 2550 2266 quod
2602 2177 2990 2248 creatura
3056 2192 3218 2244 non
3279 2176 3544 2265 potest
3602 2191 3897 2245 creare
3940 2168 4191 2280 0ζῇῗᾷΐῖεὲ

2342 2283 2937 2377 principaliter,
2986 2281 3217 2353 modo
3280 2281 3693 2374 praedicto,
3742 2280 3895 2353 sci·
3936 2246 3995 2296 Ῥ
4041 2308 4121 2342 uon

2343 2402 2533 2474 licet
2646 2420 2791 2493 per
2911 2399 3265 2471 formam
3353 2397 3895 2472 intrinsecam
3926 2370 4191 2490 ⁹032?

2344 2515 2721 2598 activam,
2780 2518 3150 2606 respectu
3196 2511 3527 2585 termini
3593 2513 3678 2583 in
3742 2532 3897 2583 suo
4005 2487 4129 2532 ‘¹²¹³‘

2347 2632 2624 2704 ordine
2720 2630 3036 2722 agendi;
3110 2634 3190 2704 et
3261 2629 3412 2702 hoc
3489 2629 3899 2721 probatur

2348 2771 2491 2842 per
2541 2747 2971 2834 rationem,
3019 2748 3149 2819 sed
3185 2768 3344 2819 non
3377 2766 3898 2820 communem

2349 2866 3032 2944 omnicreaturae,
3089 2865 3219 2936 sed
3281 2862 3738 2956 perplures
3804 2862 3902 2934 de

2316 2982 2689 3054 -diversis
2742 2979 3148 3055 creaturis
3185 2980 3603 3073 speciales,
3656 2982 3748 3053 ut
3790 2980 3901 3053 sit

2349 3098 2615 3191 prima
2651 3096 3067 3170 conclusio
3100 3095 3259 3167 ista
3314 3122 3329 3165 :
3383 3099 3590 3163 Nulla
3650 3108 3905 3163 natura

2348 3241 2523 3285 mere
2562 3219 3038 3284 intellectualis
3094 3228 3316 3283 creata
3382 3226 3592 3303 polest
3669 3237 3903 3282 creare

2347 3335 2806 3400 substantiam.
2847 3333 3035 3403 Haec
3078 3327 3232 3404 fuit
3266 3331 3608 3424 probata
3643 3350 3901 3421 supra

2349 3448 2431 3519 in
2470 3447 2999 3540 improbando
3044 3445 3506 3539 opinionem
3564 3444 3900 3518 Avicen·

2349 3586 2494 3648 nae,
2525 3566 2710 3658 quia
2740 3564 3171 3658 cujuslibet
3202 3564 3393 3638 talis
3425 3569 3744 3637 naturae
3779 3564 3901 3636 in-

2351 3682 2709 3756 tellectio
2774 3685 2895 3753 est
2942 3682 3333 3764 accidenS‚
3383 3684 3461 3753 et
3504 3679 3706 3753 nihil
3758 3701 3900 3773 po-

2349 3801 2511 3872 test
2548 3799 3016 3892 producere,
3059 3798 3219 3871 nisi
3274 3818 3416 3891 per
3463 3803 3735 3871 actum
3786 3796 3902 3869 in-

2350 3913 2761 4006 telligendi
2803 3918 2881 3988 et
2914 3914 3255 3996 volendi,
3296 3914 3426 4007 qui
3470 3934 3629 3986 non
3680 3921 3902 3988 esset

2350 4032 2815 4105 necessario
2851 4034 3231 4125 praevius,
3270 4031 3336 4104 si
3372 4036 3648 4124 posset
3679 4053 3903 4105 crea-

2353 4170 2440 4221 re
2476 4150 3050 4223 substantiam.
3095 4151 3304 4221 Nam
3347 4150 3565 4225 inter
3598 4151 3899 4243 princi·

2354 4267 2571 4358 pium
2616 4266 2971 4339 activum
3024 4264 3477 4360 perfectum
3548 4267 3628 4338 in
3715 4289 3901 4361 sup-

2357 4384 2619 4475 posito
2712 4381 3094 4476 perfecto,
3192 4387 3270 4457 et
3350 4385 3896 4459 substantiam

2351 4500 2930 4572 terminantem
2964 4500 3390 4584 actionem,
3426 4522 3587 4574 non
3627 4523 3901 4575 neces-

2353 4617 2574 4689 sario
2618 4618 2915 4693 mediat
2964 4619 3281 4711 aliquod
3317 4621 3730 4700 accidens;
3780 4642 3903 4693 se-

2351 4753 2492 4805 cus
2529 4738 2799 4807 antem
2851 4740 2974 4808 est
3005 4735 3096 4807 de
3146 4736 3330 4818 Deo,
3376 4736 3606 4828 cujus
3658 4737 3898 4812 intel-

2350 4849 2592 4922 lectio
2634 4854 2712 4923 et
2745 4851 3033 4926 volitio
3070 4857 3258 4926 sunt
3290 4855 3645 4929 essentia
3686 4856 3891 4949 ejus,

2351 4968 2429 5037 et
2473 4963 2643 5036 ideo
2696 4986 2841 5058 per
2883 4966 3516 5042 intellectionem
3566 4975 3646 5043 et
3694 4971 3897 5044 voli-

2351 5079 2654 5154 tionem
2689 5086 2956 5173 potest
3002 5084 3543 5158 substantiam
3598 5089 3892 5180 produ-

2347 5219 2565 5281 cere;
2613 5205 2999 5273 creatura
3049 5207 3321 5276 autem
3352 5223 3514 5277 non
3549 5204 3689 5277 sic.

2437 5318 2794 5390 Secunda
2871 5319 3286 5412 conclusio
3360 5323 3484 5393 est
3547 5347 3561 5391 ε
3643 5321 3890 5394 Nulla
3920 5342 4178 5401 commta

2345 5431 2613 5506 forma
2676 5436 3130 5509 materialis
3174 5439 3441 5530 potest
3513 5442 3783 5515 creari
3839 5459 3879 5510 a
3920 5413 4175 5526 mfflffi'ss'm

2342 5566 2754 5645 creatura,
2784 5583 2957 5655 quae
2984 5563 3552 5656 probatursic:
3583 5571 3890 5645 Forma
3928 5545 4173 5651 οἲὲἒιῑῖῗι.
