4255 6375
814 359 942 443 '242

823 563 943 624 pro
987 541 1384 621 superlativo
1412 540 1822 619 intelligitur,
1873 555 1952 600 eo
1985 537 2183 601 modo
2237 554 2366 616 quo

826 659 1104 741 Cyrillus
1133 659 1242 721 lib.
1275 661 1337 721 9.
1368 660 1437 720 in
1478 661 1787 719 loannem
1839 673 1979 731 cap.
2022 655 2129 716 23.
2175 657 2382 717 inter-

825 779 1144 854 pretatur,
1226 776 1614 836 mandatum
1697 788 1936 834 novum
2015 773 2095 832 do
2179 770 2378 843 vobis,

824 893 1010 953 Joa'n.
1070 892 1164 953 13.
1222 907 1338 967 pro
1400 890 1651 960 ultim0,
1710 902 1859 966 quae
1923 882 2379 964 interpretatio

828 1013 1007 1070 recte
1066 1007 1348 1068 cohaeret
1405 1002 1955 1067 antecedentibus
2018 999 2083 1061 et
2143 1013 2382 1060 conse-

832 1126 1188 1205 quentibus
1217 1131 1281 1188 et
1313 1123 1809 1188 circumstantiis
1840 1119 2253 1185 narrationis.

911 1243 1014 1306 Sic
1043 1245 1108 1304 in
1142 1244 1449 1321 parabola
1481 1242 1564 1303 de
1597 1240 2012 1303 conducente
2042 1237 2378 1317 operarios

830 1359 897 1419 in
942 1357 1198 1420 vineam
1240 1360 1397 1419 hora
1435 1354 1811 1422 undecima,
1848 1364 2022 1431 'quae
2072 1350 2380 1429 designat

829 1476 1207 1538 missionem
1263 1475 1723 1552 Apostolorum
1779 1471 1903 1532 sub
1965 1469 2240 1539 Christ0,
2314 1470 2379 1526 et

827 1592 1239 1653 vocationem
1268 1590 1565 1668 gentium
1596 1589 1660 1647 in
1706 1585 1854 1664 lege
1896 1598 2085 1656 nova,
2140 1579 2378 1643 dicitur

824 1708 990 1769 liora
1019 1708 1390 1779 novissima,
1423 1706 1487 1767 id
1521 1709 1640 1777 est,
1686 1703 1933 1773 ultima,
1988 1703 2158 1764 sicut
2201 1705 2263 1761 et
2316 1698 2369 1758 1.

822 1827 1090 1888 Ioannis
1115 1827 1175 1888 2.
1212 1826 1469 1886 Micltcae
1497 1823 1557 1885 4.
1596 1826 1894 1883 Actorum
1936 1822 1996 1881 2.
2047 1820 2137 1880 ad
2183 1816 2374 1880 Gala-

821 1952 919 2006 tas
951 1945 1148 2004 eciam
1176 1943 1234 2003 4.
1270 1941 1640 2018 appellatur
1662 1937 1998 2014 plenitudo
2041 1935 2372 2010 temporie,

822 2059 890 2121 id
920 2066 1042 2131 est,
1078 2055 1574 2120 consummatio.
1620 2056 1710 2115 Ex
1760 2052 1997 2132 quibus
2041 2053 2230 2128 patet
2266 2048 2373 2110 lit-

822 2182 961 2238 tera
1012 2182 1079 2237 et
1125 2175 1285 2236 ratio
1331 2173 1625 2235 Doctoris
1657 2168 1876 2249 quoad
1915 2167 2370 2248 probationem

819 2292 1302 2356 antecedentis.

898 2412 1368 2488 Subsumptum
1414 2411 1611 2471 etiam
1642 2409 1823 2484 patet
1854 2420 1936 2466 ex
1968 2402 2181 2473 dictis,
2216 2399 2363 2479 quia

818 2528 1226 2608 providentia
1256 2528 1471 2591 divina
1502 2527 1597 2587 sic
1632 2495 1953 2602 processit
1993 2520 2077 2582 ab
2122 2519 2362 2596 imper-

810 2645 982 2709 fecto
1041 2645 1124 2707 ad
1198 2642 1585 2723 perfectum,
1648 2658 1684 2702 a
1745 2641 1898 2719 lege
1969 2642 2216 2698 naturae
2276 2633 2362 2695 ad

806 2761 1029 2839 legem
1085 2761 1419 2835 scriptam,
1471 2775 1505 2818 a
1557 2756 1709 2836 lege
1759 2753 2023 2829 scripta,
2082 2750 2146 2810 in
2204 2762 2358 2827 qua,

810 2883 1121 2957 tanquam
1153 2877 1216 2936 ln
1255 2875 1534 2947 semine,
1586 2877 1650 2934 et
1692 2870 1922 2932 umbra
1977 2864 2359 2929 includeba-

803 3000 908 3056 tur
956 3010 1121 3055 nova
1169 2991 1355 3073 (quid
1389 2997 1499 3063 ese,
1541 2989 1753 3068 inquit
1786 2985 2216 3067 Augustinus,
2248 2982 2359 3043 lex

802 3116 1000 3181 vetus,
1041 3110 1172 3170 nisi
1217 3124 1394 3168 novae
1436 3107 1600 3182 leqz's
1644 3101 2027 3167 occultatio?
2065 3099 2226 3177 quid
2268 3100 2356 3158 est

801 3229 914 3289 lex
955 3245 1144 3301 nova,
1195 3229 1325 3287 nisi
1365 3226 1595 3286 veteris
1642 3223 1799 3300 leqis
1850 3218 2221 3298 revelatio?)
2268 3216 2353 3278 ad

800 3362 1037 3407 novam
1092 3345 1338 3423 legem,
1384 3342 1464 3403 ab
1523 3341 1646 3402 hac
1703 3338 1995 3410 tandem,
2056 3352 2222 3416 quae,
2279 3340 2352 3397 ut

800 3469 1212 3542 comparatur
1255 3458 1341 3521 ad
1389 3458 1685 3539 gloriam,
1732 3458 1802 3517 in
1850 3460 2042 3533 parte
2092 3461 2205 3525 esc,
2265 3451 2350 3514 ad

796 3580 1007 3658 ipsam
1036 3579 1337 3661 gloriam,
1373 3593 1516 3655 quae
1546 3580 1645 3636 est
1679 3575 1996 3635 terminus
2047 3572 2349 3650 peregri-

797 3697 1075 3761 nationis
1121 3697 1506 3764 electorum,
1560 3692 1669 3771 qui
1720 3705 2070 3768 processus
2131 3693 2230 3750 est
2266 3688 2346 3751 ab

795 3812 1182 3892 imperfecto
1217 3811 1301 3874 ad
1333 3807 1718 3888 perfectum.

595 3944 644 3995 6.
879 3930 1181 3994 Secundo
1244 3930 1476 4008 probat
1549 3929 1791 3989 Doctor
1852 3924 2030 3986 idem
2087 3932 2347 3986 antece-

483 4004 742 4141 Ῑῇῗέιῗιῖιῖα
802 4052 966 4114 dens
1039 4065 1121 4110 ex
1181 4066 1259 4110 eo
1326 4045 1507 4126 quod
1568 4060 1811 4106 novum
1853 4044 2346 4102 Testamentum

460 4131 775 4195 perf⁰⁰ti⁸⁵i’
801 4170 884 4228 sit
927 4166 1292 4245 proximum
1339 4159 1839 4241 perfectissimo,
1880 4157 1947 4220 id
1993 4165 2114 4228 est,
2149 4154 2346 4218 statui

567 4209 666 4245 nio.

504 4255 713 4369 θ’ἓξῖὅ·
796 4281 1243 4346 beatitudinis.
1293 4281 1443 4340 Haec
1493 4282 1675 4356 patet
1721 4293 1802 4337 ex
1852 4275 2067 4349 dictis,
2112 4280 2344 4352 estque

495 4382 721 4494 “iffissm
792 4400 1083 4480 Dionysii
1128 4396 1212 4458 de
1273 4393 1632 4457 Eccleszasc.
1687 4390 2010 4452 hierarch
2073 4407 2216 4466 cap·
2278 4392 2339 4450 5·

487 4514 727 4565 veterem,
787 4516 897 4578 ubi
929 4516 1123 4578 donet
1151 4512 1618 4592 Evangelicum
1666 4515 1905 4569 statum
1948 4506 2337 4585 participare

578 1244 715 1295 Hora

507 1305 776 1358 undecima

568 1384 691 1433 quae
718 1371 736 1418 8

517 2401 758 2454 Probntio

486 2463 785 2531 subsumpti.

487 3058 565 3108 Au
571 3058 767 3123 gusua.

2042 375 2185 438 LIB.
2215 375 2312 440 tv.
2345 372 2940 442 SENTENTIARUM

2488 538 2747 618 gratiae,
2829 544 2893 601 et
2987 545 3479 621 consequenter
3560 540 3971 620 perfectissima

2492 656 2934 731 Sacramenta,
2964 657 3127 719 illud
3157 659 3332 719 enim
3362 663 3463 720 est
3490 655 3973 736 perfectissimum

2493 773 2807 845 medium,
2857 774 3037 853 quod
3087 779 3456 854 proximum
3505 780 3607 839 est
3646 774 3792 851 fini,·
3833 794 3976 859 ergo,

2493 895 2618 951 ete.

2568 1008 2873 1071 Secundo
2920 1009 3366 1089 principaliter
3427 1012 3663 1090 probat
3716 1012 3976 1074 conclusi·

2490 1139 2708 1198 onem,
2745 1142 2827 1188 ex
2885 1143 2962 1188 eo
2996 1126 3177 1205 quod
3226 1127 3294 1187 in
3341 1128 3497 1207 lege
3545 1143 3709 1191 nova
3751 1126 3826 1188 sit
3861 1143 3977 1205 per·
4027 1104 4116 1123 ’Ἢ

2487 1238 2842 1305 fectissima
2874 1259 3070 1305 causa
3115 1245 3473 1312 meritoria.
3523 1261 3718 1323 quam
3755 1244 3978 1306 Trinitas

2491 1356 2809 1435 disposuit
2841 1359 2998 1421 dare
3037 1362 3269 1438 generi
3317 1360 3632 1435 human0,
3684 1367 3803 1424 etc.
3843 1361 3981 1423 Chri·

2487 1477 2628 1535 stus
2684 1478 2906 1536 autem
2966 1482 3031 1538 et
3084 1494 3286 1555 opera
3345 1478 3513 1557 ejus,
3568 1485 3633 1539 et
3678 1478 3895 1557 passio,
3931 1478 3980 1539 in

2487 1587 2638 1667 lege
2713 1607 2879 1652 nova
2948 1589 3237 1667 fuerunt,
3315 1597 3444 1655 etc.
3518 1593 3754 1655 Eadem
3813 1594 3980 1671 passio

2485 1710 2559 1765 ut
2607 1705 2892 1768 exhibita
2949 1706 3070 1770 fuit
3125 1708 3333 1788 magis
3386 1708 3636 1781 efficax,
3698 1726 3876 1789 quam
3930 1716 3983 1771 ut

2487 1826 2819 1900 promissa,
2871 1840 2946 1886 ac
3001 1825 3278 1903 proinde
3326 1829 3532 1906 magis
3577 1826 3799 1889 efficax
3837 1831 3982 1890 moti·

2482 1953 2660 2011 vum,
2693 1940 2797 2002 vel
2825 1940 3148 2003 inclinans
3179 1944 3389 2004 Deum
3420 1941 3503 2006 ad
3545 1941 3823 2005 dandam
3863 1959 3983 2023 gra-

2486 2056 2661 2126 tiam.
2714 2061 2839 2117 etc.
2892 2059 3033 2120 Haec
3077 2059 3243 2120 ratio
3297 2063 3478 2137 patet
3518 2076 3600 2120 ex
3632 2058 3834 2134 dictis,
3866 2062 3982 2137 quia

2480 2175 2546 2235 in
2578 2173 2700 2233 hoc
2731 2176 3143 2252 potissimum
3175 2175 3489 2253 perfectio
3520 2177 3694 2256 legis
3717 2192 3882 2239 novae
3898 2192 3982 2237 su·

2482 2289 2940 2364 perabundat3
2975 2290 3157 2352 unde
3197 2292 3432 2355 Paulus
3483 2291 3570 2353 ad
3618 2293 3904 2356 Hebraeos
3934 2294 3980 2354 5.

2478 2411 2844 2471 Exauditus
2879 2417 2967 2471 est
2999 2428 3122 2487 pro
3171 2429 3296 2473 sua
3337 2415 3723 2485 reverentia,
3771 2417 3884 2474 etc.
3930 2415 3982 2472 Et

2476 2534 2952 2588 consummatus
2986 2528 3203 2602 factus
3243 2533 3331 2590 est
3361 2527 3658 2588 omnibus
3704 2529 3978 2604 obtempe-

2473 2642 2766 2703 rantibus
2804 2644 2932 2706 sibi
2995 2659 3195 2704 causa
3263 2644 3497 2706 salutis
3559 2649 3827 2715 aeternoe,
3880 2648 3980 2705 ete.

2472 2754 2653 2831 quod
2679 2756 3066 2839 intelligitur
3094 2774 3175 2819 ex
3205 2760 3646 2837 sequentibus
3701 2758 3783 2821 de
3828 2757 3979 2820 infir-

2469 2873 2695 2933 mitate
2766 2874 2957 2953 legis,
3017 2873 3482 2938 sacrificiorum
3544 2880 3610 2938 et
3672 2874 3981 2939 sacerdotii

2472 2988 2758 3050 Levitici.

2544 3107 2630 3187 (c)
2663 3111 2953 3171 conditio
3003 3112 3128 3172 ista
3170 3113 3584 3191 perfectionis
3621 3115 3978 3174 Sacramen-
4075 3122 4108 3173 t.

2463 3229 2699 3298 lorum,
2747 3231 2873 3287 etc.
2921 3225 3395 3291 Perfectionem
3436 3229 4037 3292 sacramentorum
4016 3195 4103 3348 ὃς

2462 3356 2644 3403 novae
2715 3342 2884 3422 legis
2955 3343 3219 3423 colligit,
3287 3348 3606 3424 quantum
3671 3346 3756 3408 ad
3810 3350 3985 3409 inten·
4005 3388 4088 3421 „m

2461 3456 2739 3533 sionem,
2782 3462 2850 3520 et
2898 3464 3215 3537 quantum
3246 3459 3329 3521 ad
3361 3462 3842 3525 extensionem.
3873 3460 3979 3522 Pri·

2458 3590 2635 3635 mum
2693 3579 2958 3653 propter
3012 3574 3372 3654 perfectam
3434 3578 3979 3659 significationem,

2462 3700 2777 3771 quantum
2808 3696 2892 3757 ad
2939 3697 3386 3776 cognitionem
3413 3697 3733 3771 veritatis,
3769 3703 3833 3761 et
3869 3713 3986 3774 pro·

2459 3815 2606 3887 pter
2636 3808 2992 3874 efficaciam
3032 3812 3345 3876 causandi
3387 3813 3716 3893 gratiam;
3765 3819 3983 3875 utrum-

2460 3943 2591 4005 que
2621 3929 2855 3990 horum
2884 3946 3083 4006 supra
3115 3931 3536 4009 probavimus
3586 3948 3678 3993 ex
3734 3931 3892 4009 ipsc,
3935 3935 3987 3988 et

2459 4060 2540 4104 ex
2573 4044 2888 4119 Patribus,
2923 4044 3170 4109 debere
3211 4048 3560 4109 convenire
3581 4048 3984 4110 sacramento

2456 4166 2672 4236 qaaesc.
2704 4162 2765 4222 2.
2801 4166 3083 4241 utroque
3113 4167 3336 4225 autem
3381 4161 3577 4224 modo
3625 4165 3986 4226 Sacramen-

2456 4281 2517 4335 ta
2565 4291 2745 4339 novae
2786 4277 2954 4356 legis
3003 4277 3380 4341 debuerunt
3427 4296 3574 4342 esse
3609 4278 3982 4358 perfectissi-

2455 4406 2583 4463 ma,
2615 4391 2765 4471 quia
2791 4402 2891 4455 est
2918 4394 3026 4455 lex
3057 4397 3342 4457 veritatis
3364 4398 3431 4457 et
3452 4396 3710 4474 gratiae,
3736 4397 3912 4458 Joan.
3937 4395 3979 4453 l.

2455 4509 2582 4567 Lea:
2605 4525 2725 4585 per·
2767 4513 3045 4584 Moysem
3073 4514 3229 4574 data
3272 4517 3380 4584 est,
3422 4515 3654 4589 qratia
3686 4518 3744 4573 et
3772 4511 3984 4579 veritas

438 4544 750 4631 etgtoiiam'
783 4633 863 4693 de
933 4639 1212 4709 utroque
1285 4632 1602 4699 extremo,
1676 4629 1988 4702 tanquam
2044 4620 2337 4684 medium
2436 4639 2560 4698 per
2611 4628 2829 4686 lesum
2888 4628 3211 4690 Christum
3270 4630 3452 4704 sacca
3500 4635 3616 4702 ese,
3691 4634 3819 4690 etc.
3872 4627 3980 4688 Hoc

781 4750 950 4810 inter
991 4752 1234 4809 statum
1276 4745 1515 4808 veteris
1564 4742 1755 4821 legis,
1808 4745 1873 4801 et
1918 4740 2222 4818 gloriam,
2261 4742 2337 4799 ut
2445 4741 2626 4814 patet
2667 4754 2748 4799 ex
2781 4746 3157 4802 commento
3204 4725 3307 4802 ad'
3340 4740 3615 4819 primam
3648 4743 3974 4803 rationem.

781 4868 1222 4928 communicat
1278 4860 1689 4931 beatitudini,
1751 4857 2089 4935 participat
2135 4854 2327 4937 justi·
2522 4853 2996 4917 perfectionem
3067 4857 3469 4918 extensivam
3539 4858 3822 4936 pulchre
3875 4838 4109 4957 ‘¹⁰'ss

776 4984 931 5045 tiam
979 4986 1043 5043 et
1073 4981 1454 5050 veritatem;
1495 4978 1569 5037 ut
1619 4977 1841 5036 autem
1888 4968 2327 5033 communicat
2439 4968 2659 5041 clarat,
2718 4969 3159 5048 supponendo
3221 4972 3798 5034 sacramentorum
3867 4986 3967 5032 ne·
4108 4959 4121 4976 ⁶

772 5100 977 5161 veteri
1022 5098 1181 5175 legi,
1243 5093 1589 5172 participat
1644 5093 1710 5151 in
1757 5088 1962 5166 signis
2004 5094 2068 5149 et
2095 5086 2321 5165 figuris
2434 5085 2829 5156 cessitatem,
2875 5102 3237 5164 eorumque
3294 5085 3517 5159 finem,
3581 5090 3701 5166 qui
3750 5093 3868 5160 est,
3906 5090 3966 5147 ut
4022 5053 4095 5132 --ΗῙᾸΪ

770 5234 887 5295 per
919 5217 1163 5277 cultum
1196 5217 1540 5273 externum
1584 5205 1964 5268 sensibilem
2004 5208 2070 5264 et
2098 5203 2316 5264 visibi-
2430 5200 2796 5262 remedium
2829 5202 3183 5265 adhibeant
3212 5204 3442 5266 morbo
3494 5208 3561 5266 et
3603 5205 3959 5267 infirmitati

766 5332 934 5406 lem;
973 5336 1300 5412 quatenus
1333 5344 1491 5406 ergo
1526 5330 1625 5386 est
1658 5323 2022 5402 proximum
2052 5319 2137 5381 ad
2167 5319 2314 5398 glo·
2429 5318 2734 5379 Declarat
2779 5324 2995 5380 autem
3049 5318 3435 5397 explicando
3490 5314 4016 5391 necessitatem,
4046 5299 4069 5322 ²
4075 5297 4117 5374 ’ᾲ

766 5452 952 5525 riam,
999 5456 1066 5511 et
1122 5457 1434 5529 tanquam
1487 5446 1710 5508 ultima
1747 5440 2109 5519 dispositio,
2155 5454 2310 5501 con·
2429 5435 2636 5512 primo
2688 5437 3108 5513 personalem
3157 5438 3481 5519 cujusque
3528 5445 3788 5502 servata
3830 5452 3963 5517 pro·

765 5568 1075 5637 veniebat
1100 5568 1167 5627 in
1192 5582 1269 5627 eo
1304 5554 1450 5627 esse
1480 5559 1956 5643 perfectissima
1994 5556 2318 5638 adJ'utoria
2425 5555 2728 5631 portione
2760 5552 2846 5617 ad
2876 5555 3072 5619 vitam
3110 5555 3503 5631 naturalem,
3547 5557 3618 5619 in
3669 5573 3800 5637 qua
3844 5553 3963 5636 pri-
