4255 6375
64 2114 146 2163 72.

57 2176 237 2247 ’ebutio

57 2253 232 2302 ajorle.

57 2727 201 2798 Ratio-

57 2804 227 2853 pntd'l.

1459 417 1637 479 DlST
1682 420 1726 480 l.
1774 417 2137 494 QUAESTlO
2185 419 2256 481 V.

3407 415 3542 496 181*

310 567 503 658 igne,
548 584 613 639 et
642 573 770 641 alia
799 575 1097 662 quaedam
1128 576 1562 645 instrumenta
1603 578 1876 665 physica
1986 579 2101 647 sed
2170 579 2551 661 efficienter,
2619 580 2762 647 ideo
2837 582 3031 647 Sotus
3105 579 3526 666 reprehendit

310 687 704 776 disponunt,
776 712 925 780 quae
985 712 1114 759 non
1180 694 1512 780 attingunt
1567 694 1870 761 effectum

311 827 540 874 causae
583 809 986 896 principalis,
1021 811 1134 877 sed
1177 811 1543 898 producunt
1589 811 1871 901 aliquam

312 926 598 992 formam
642 927 948 1011 mediam,
984 950 1132 1016 quae
1166 930 1511 997 necessitat
1534 931 1612 997 ad
1656 949 1866 1019 poste-

314 1041 591 1108 riorem.
645 1044 712 1109 ld
772 1057 987 1111 autem
1032 1044 1315 1112 declarat
1378 1048 1596 1131 infra,
1641 1049 1866 1118 dicens

313 1157 498 1245 quod
562 1161 1070 1227 Sacramentum
1145 1183 1279 1228 non
1360 1166 1449 1230 sit
1515 1164 1866 1252 dispositio

307 1277 331 1362 (
364 1275 600 1362 supple
629 1276 864 1356 activa,
910 1277 988 1344 de
1027 1300 1153 1367 qua
1186 1280 1475 1367 loquitur
1502 1281 1525 1367 )
1572 1303 1692 1367 per
1721 1285 1870 1365 for·-

313 1412 501 1457 mam
560 1393 995 1459 intrinsecam
1061 1395 1357 1482 (supple
1427 1397 1766 1483 physicam
1844 1397 1866 1484 )

306 1519 703 1573 causantem
760 1512 1139 1589 terminum,
1203 1511 1317 1576 sed
1382 1534 1467 1576 εει·
1516 1512 1640 1577 Dei
1703 1515 1867 1578 assi-

304 1624 588 1702 stentia,
640 1626 756 1710 qui
783 1624 1115 1711 disposuit
1155 1625 1236 1691 de
1263 1629 1562 1712 potentia
1601 1638 1661 1692 et
1730 1628 1867 1713 leye

302 1739 678 1805 ordinaria
838 1741 1232 1826 suscipienti
1361 1744 1869 1808 Sacramentum

305 1855 607 1942 <supple
669 1855 884 1921 debite
930 1859 955 1942 )
1040 1859 1350 1941 conferre
1407 1862 1713 1944 effectum
1782 1861 1871 1924 si-

305 1984 597 2058 9natum
627 1992 750 2058 per
781 1974 1319 2039 Sacramentum.

401 2090 714 2175 Majorem
748 2089 978 2175 probat
998 2090 1342 2176 exempliS,
1369 2113 1541 2178 quae,
1578 2112 1660 2158 ex
1690 2113 1867 2160 com-

307 2204 503 2269 muni
578 2225 928 2284 consensu,
1023 2204 1333 2273 dicuntur
1399 2207 1484 2273 ita
1525 2208 1747 2274 reduci
1786 2210 1865 2276 ad

302 2339 580 2386 causam
660 2319 1076 2399 efficientem,
1123 2324 1428 2410 quamvis
1471 2325 1535 2389 in
1603 2345 1676 2390 se
1734 2324 1866 2391 sint

304 2435 780 2522 dispositiones
814 2436 1232 2504 immediatae.
1278 2439 1568 2504 Primum
1599 2450 1695 2505 est
1732 2461 1866 2506 me-

306 2553 426 2619 riti
488 2564 788 2640 respectu
849 2553 1128 2639 praemii.
1211 2554 1580 2621 Secundum
1649 2569 1863 2623 motus

307 2681 619 2755 respectu
687 2670 977 2737 termini.
1020 2671 1306 2738 Tertium
1354 2685 1453 2740 est
1499 2694 1581 2739 ex
1647 2674 1862 2761 opini-

305 2806 445 2852 one
480 2786 899 2871 antiquorum
940 2801 1002 2853 et
1032 2792 1107 2856 D.
1172 2789 1466 2870 Thomas,
1509 2811 1705 2877 quam
1756 2812 1864 2860 su-

305 2925 437 2989 pra
516 2903 928 2991 impugnavit
967 2929 1018 2985 3-
1057 2916 1284 2993 estque
1334 2907 1497 2973 ratio
1546 2928 1578 2974 a
1629 2908 1853 2995 priori,

298 3021 473 3110 quia
537 3041 730 3088 causa
810 3021 1049 3108 prioris
1109 3042 1239 3089 non
1300 3037 1393 3090 est
1463 3045 1657 3092 causa
1747 3048 1859 3113 po·

300 3135 636 3216 sterioris,
700 3136 829 3204 nisi
878 3137 1174 3205 medium
1208 3138 1292 3206 sit
1322 3158 1517 3207 causa
1546 3139 1748 3220 tertii,
1793 3151 1858 3207 et

300 3255 440 3322 hoc
471 3254 691 3342 aliquo
736 3254 926 3321 modo
970 3255 1035 3321 in
1067 3258 1293 3323 eodem
1339 3276 1582 3342 genere
1613 3277 1853 3324 causae.

298 3370 437 3438 Sed
476 3390 753 3437 causans
781 3370 1280 3458 dispositionem
1360 3373 1726 3459 proximam
1776 3374 1855 3439 ad

303 3486 616 3564 sormam,
680 3485 1038 3552 secundum
1088 3492 1397 3554 Doctores
1437 3488 1668 3556 citatos
1708 3509 1858 3555 cau·

305 3616 419 3669 sat
493 3602 819 3683 effective,
908 3603 1059 3690 quia
1098 3603 1194 3671 sic
1230 3618 1571 3691 exponunt
1648 3625 1856 3671 sacra·

306 3734 531 3785 menta
553 3740 822 3785 causare
843 3721 1308 3800 characterem,
1348 3732 1461 3787 aut
1524 3733 1851 3799 ornatum,

304 3834 427 3923 qui
478 3849 677 3917 sunt,
716 3833 1178 3921 dispositiones
1239 3836 1709 3903 necessitantes
1774 3837 1853 3903 ad

304 3949 621 4036 gratiam,
700 3970 775 4016 ac
840 3950 1115 4036 proinde
1182 3971 1452 4017 causare
1515 3951 1853 4038 gratiam;

306 4090 474 4156 crgo
524 4068 719 4134 etiam
788 4068 927 4155 ipsa
967 4068 1310 4155 dispositio
1342 4069 1407 4135 in
1432 4090 1672 4155 genere
1706 4090 1857 4136 cau·

302 4205 399 4251 sae
451 4184 823 4265 efficientia,
876 4197 1098 4251 causat
1134 4185 1413 4270 gratiam
1485 4185 1852 4252 secundum

301 4300 507 4386 ipsos,

389 4418 501 4483 Sic
529 4416 722 4484 etiam
749 4417 814 4482 in
847 4418 1167 4485 sententia
1202 4422 1280 4485 D.
1324 4418 1616 4497 Thomas,
1647 4431 1719 4485 ut
1750 4440 1859 4506 pa-

299 4546 391 4601 tet
429 4554 514 4599 ex
556 4532 763 4618 prima
793 4534 1156 4620 quaestione
1185 4534 1414 4620 huJuS,
1485 4553 1684 4601 causa
1751 4535 1858 4600 in-

297 4649 758 4716 strumentalis
823 4650 1020 4717 habet
1053 4672 1135 4716 ex
1172 4650 1436 4736 propria
1466 4650 1672 4716 forma
1701 4651 1860 4717 acti·

303 4787 499 4833 onem
544 4766 882 4853 praeviam,
953 4787 1076 4853 qua
1126 4767 1416 4854 disponit
1462 4767 1540 4833 ad
1582 4768 1857 4834 formam

302 4895 366 4949 et
406 4882 711 4949 effectum
762 4904 977 4949 causae
1018 4883 1433 4970 principalis3
1467 4884 1620 4949 hinc
1667 4898 1860 4971 negat

302 5010 670 5065 creaturam
748 5019 942 5086 agere
1008 5021 1198 5086 posse
1273 5000 1860 5067 instrumentaliter

303 5114 385 5181 ad
419 5114 722 5181 effectum
768 5116 1155 5195 creationiS,
1207 5117 1358 5204 quia
1392 5117 1556 5182 nihil
1616 5138 1857 5204 suppo-

306 5233 509 5311 nitur,
546 5233 717 5319 quod
758 5233 853 5299 sic
882 5232 1138 5319 disponi
1174 5246 1384 5319 potest
1443 5256 1558 5320 per
1609 5235 1856 5301 instru-

307 5360 627 5416 mentum.
693 5352 1045 5436 Receptum
1106 5363 1203 5416 est
1243 5351 1434 5417 etiam
1506 5351 1571 5415 in
1631 5351 1855 5417 schola

308 5465 663 5531 D.Thomae
694 5467 967 5532 formam
990 5466 1748 5545 contrariam,inductam
1770 5467 1851 5532 ab

309 5594 571 5670 agente,
642 5582 970 5670 expellere
1035 5581 1253 5663 aliam,
1300 5601 1431 5648 non
1474 5581 1852 5663 formaliter,

1982 698 2381 764 contrarium
2416 697 2481 764 in
2533 710 2756 764 nostro
2788 701 3082 764 Doctore.

2070 814 2402 880 Sententia
2447 834 2606 900 ergo
2647 814 2938 880 Doctoris
2978 825 3096 893 est,
3141 815 3525 881 Sacramen-

1981 943 2069 1011 ta,
2106 943 2176 997 ut
2241 932 2484 997 habent
2548 932 3028 999 institutionem
3068 931 3361 998 divinam
3403 951 3515 997 an-

1979 1067 2237 1126 nexam,
2309 1068 2579 1114 causare
2643 1047 2947 1134 gratiam,
3002 1061 3063 1114 et
3121 1059 3316 1133 patet,
3368 1048 3520 1135 quia

1978 1162 2305 1242 voluntas,
2361 1185 2487 1249 qua
2532 1168 2697 1230 Deus
2749 1164 3032 1230 instituit
3074 1165 3514 1244 Sacramenta,

1980 1285 2051 1340 ut
2089 1275 2280 1360 signa
2323 1274 2602 1361 practica
2641 1287 2704 1341 et
2734 1288 2932 1357 certa,
2979 1275 3252 1341 includit
3284 1277 3526 1343 virtute

1979 1390 2383 1456 voluntatem
2424 1393 2827 1458 causativam
2869 1391 3160 1478 signati;
3206 1414 3367 1480 ergo
3406 1396 3524 1461 Sa-

1979 1517 2333 1587 cramenta,
2383 1517 2453 1573 ut
2501 1507 2844 1574 includunt
2873 1507 3050 1574 illam
3092 1508 3521 1591 voluntatem,

1980 1622 2324 1689 includunt
2389 1623 2585 1689 etiam
2622 1623 2978 1691 voluntatis
3038 1626 3380 1711 sequentis
3429 1628 3521 1693 ef-

1979 1740 2221 1806 fectum
2271 1752 2334 1806 et
2389 1741 2710 1808 actionem
2770 1764 2853 1809 ex
2892 1743 3115 1809 divina
3191 1744 3526 1831 dispositi·

1975 1873 2123 1920 one.
2171 1854 2292 1921 Sed
2345 1857 2783 1935 Sacramenta,
2823 1869 2891 1923 ut
2932 1859 3174 1925 habent
3203 1860 3522 1928 rationem

1977 1971 2423 2048 instrumenti,
2478 1984 2539 2038 et
2574 1984 2644 2038 ut
2673 1972 2916 2039 habent
2947 1973 3261 2042 rationem
3303 1975 3522 2064 dispo·

1975 2086 2234 2153 sitionis
2267 2088 2722 2156 necessitantis
2755 2089 2834 2155 ad
2855 2090 3157 2176 gratiam,
3187 2092 3529 2159 includunt

1978 2204 2154 2271 illam
2196 2204 2619 2286 voluntatem,
2660 2206 2810 2294 quia
2842 2207 2909 2272 in
2952 2230 3084 2274 esse
3114 2209 3207 2275 rei
3259 2210 3405 2276 talis
3436 2211 3526 2276 ef-

1978 2320 2201 2387 ficacia
2239 2321 2335 2386 eis
2395 2341 2523 2387 non
2580 2323 2893 2408 competit
2937 2346 2951 2403 ;
2996 2345 3154 2410 ergo
3184 2339 3360 2392 recte
3408 2348 3526 2414 per

1979 2437 2102 2503 hoc
2149 2438 2507 2525 explicatur
2545 2461 2770 2506 eorum
2803 2440 3117 2509 efficacia.
3156 2446 3235 2509 Ut
3284 2443 3524 2510 clarius

1974 2562 2196 2620 autem
2238 2552 2301 2619 id
2344 2553 2454 2621 liat
2519 2555 2919 2623 adducemus
2959 2556 3518 2643 impugnationem

1974 2669 2433 2755 quorumdam,
2479 2670 2590 2757 qui
2633 2672 2805 2736 hunc
2846 2671 3107 2740 modum
3152 2674 3517 2760 explicandi

1970 2785 2417 2852 causalitatem
2492 2790 3059 2856 sacramentorum
3099 2791 3499 2877 improbant.

3634 848 3771 898 Vera

3577 908 3843 959 causalitas

3567 973 3867 1023 Sacramen-

3621 1039 3788 1083 torum

3584 1097 3657 1147 sal
3664 1103 3810 1147 vatur
3820 1138 3832 1150 .

2059 2911 2351 2997 Vasquez
2381 2911 2834 2995 disputatione
2888 2914 3092 2978 citata
3123 2913 3213 2978 ad
3250 2917 3511 2981 conclu·
3594 2849 3823 2976 Οὶέξᾶῑίῡ

1966 3026 2223 3090 sionem
2259 3027 2711 3113 principalem
2759 3050 2904 3115 cap.
2957 3035 3016 3098 1.
3077 3031 3302 3119 objicit
3340 3033 3511 3120 quod
3570 2974 3829 3039 Vasquez,

1969 3140 2314 3228 dispositio
2380 3143 2695 3211 consistat
2755 3145 2818 3210 in
2903 3147 3156 3216 actibus
3209 3150 3514 3218 humanis

1967 3258 2416 3345 suscipientiS,
2453 3274 2862 3330 sacramenta
2911 3262 2978 3328 in
3018 3265 3214 3331 rebus
3267 3277 3331 3332 et
3368 3288 3517 3333 ver-

1969 3376 2069 3443 bis
2098 3376 2506 3456 consistunt;
2561 3398 2719 3465 ergo
2761 3398 2892 3445 non
2933 3394 3089 3447 sunt
3140 3381 3510 3469 dispositio.

1966 3491 2425 3580 Respondetur
2466 3493 2661 3561 nimis
2703 3498 2926 3563 stricte
2971 3500 3142 3566 sumi
3181 3499 3516 3586 dispositi·
3574 3487 3820 3543 3⁰¹Vi‘m‘·

1967 3629 2158 3674 onem
2189 3608 2268 3674 ab
2311 3609 2433 3675 hoc
2470 3622 2759 3692 auctore,
2794 3614 3097 3699 quamvis
3131 3615 3236 3682 illa
3266 3616 3352 3682 sit
3380 3616 3518 3683 dis-

1967 3726 2202 3811 positio
2232 3737 2297 3792 et
2329 3727 2713 3812 praeparatio
2744 3727 2820 3794 ad
2847 3729 3413 3816 justificationem,
3451 3745 3523 3800 ut

1968 3840 2260 3928 procedit
2287 3843 2367 3908 ab
2398 3856 2729 3929 operante,
2770 3866 2899 3911 non
2957 3861 3173 3913 tamen
3241 3861 3341 3915 est
3393 3849 3526 3916 dis·

1970 3957 2231 4043 positi0,
2267 3979 2415 4044 quae
2445 3979 2526 4024 ex
2565 3980 2764 4045 opere
2802 3974 3068 4047 operato
3120 3963 3273 4030 facit
3301 3964 3381 4030 ad
3416 3967 3523 4053 ju-

1970 4068 2458 4135 stificationem.
2487 4072 2720 4137 Doctor
2758 4085 2975 4139 autem
3007 4075 3210 4140 sumit
3250 4077 3356 4143 liic
3384 4077 3525 4143 dis-

1965 4187 2367 4270 positionem
2399 4206 2517 4271 pro
2547 4207 2623 4253 eo
2662 4189 2834 4274 quod
2874 4201 2974 4256 est
3023 4191 3204 4276 prius
3237 4193 3525 4259 necessi-

1969 4312 2118 4368 tans
2158 4301 2237 4368 ad
2280 4301 2584 4382 formam,
2618 4324 2747 4390 quo
2787 4325 2984 4371 sensu
3029 4307 3409 4394 Philosophi
3457 4320 3520 4374 et

1969 4427 2465 4504 auctoreS,quos
2525 4439 2640 4504 pro
2671 4421 2969 4504 opposita
3035 4423 3359 4489 sententia
3410 4425 3519 4492 ad-

1972 4529 2174 4610 ducit,
2225 4529 2606 4618 loquuntur.
2648 4537 2727 4599 Et
2766 4547 2941 4602 certe
2980 4535 3327 4623 dispositio
3381 4541 3513 4623 illa,

1970 4667 2167 4734 quam
2212 4647 2489 4713 intendit
2551 4652 2871 4736 Vasquez,
2926 4664 3026 4718 est
3065 4663 3314 4720 tantum
3385 4657 3513 4724 dis-

1972 4759 2210 4846 positio
2275 4782 2357 4827 ex
2396 4761 2807 4830 ordinatione
2880 4765 3127 4847 divina,
3190 4782 3513 4856 quatenus
3608 4854 3616 4862 Ι
3742 4854 3752 4863 ·
3788 4854 3795 4861 ,

1971 4880 2140 4944 Deus
2193 4890 2481 4963 acceptat
2538 4892 2601 4945 et
2632 4880 2983 4960 ordinavit,
3049 4885 3232 4951 verbi
3271 4887 3504 4971 gratia,
3557 4853 3831 4968 Βζξρθῧὲῗο

1970 4994 2423 5079 poenitentiam
2446 4995 2674 5074 adulti,
2701 5010 3048 5086 antequam
3075 5001 3134 5067 ei
3152 5002 3507 5071 remitteret
3561 4979 3837 5031 '⁰¹⁰¹'mt0’

1972 5121 2309 5195 peccatum
2349 5134 2363 5190 ;
2406 5132 2564 5197 ergo
2604 5113 2803 5179 etiam
2869 5115 3092 5182 eadem
3120 5119 3512 5206 proprietate

1970 5225 2255 5311 receptio
2287 5228 2686 5294 Sacramenti
2718 5250 2800 5295 ex
2831 5229 3243 5300 ordinatione
3286 5233 3510 5303 divina

1972 5341 2251 5408 instituti
2284 5364 2399 5429 per
2429 5344 2692 5412 modum
2752 5346 3172 5417 instrumenti
3203 5365 3265 5417 et
3295 5373 3512 5421 causae

1962 5457 2476 5543 justificationis,
2547 5463 2764 5528 vocari
2842 5475 3054 5551 potest
3136 5466 3505 5556 dispositiO,

1969 5603 2179 5670 eoque
2218 5586 2431 5672 magis
2498 5605 2626 5674 quo
2691 5588 2902 5677 magis
2977 5601 3154 5658 certo
3193 5591 3388 5661 infert
3445 5608 3511 5664 et
