4255 6375
1481 382 1678 442 nisr.
1726 382 1826 441 vi.
1876 334 2237 457 QUAEs'rio
2271 384 2371 443 vi.

104 577 222 651 {mo
412 542 524 613 Ad
601 544 1138 633 propositum,
1201 542 1375 612 dico
1441 542 1638 633 quod
1695 540 1867 609 sola

104 664 241 714 malis
311 656 665 730 intentio
738 658 1173 731 habitualis
1225 679 1383 729 non
1443 654 1741 729 sufficit
1786 656 1863 727 in

106 746 239 839 :tad
306 772 833 865 baptismate,
910 775 1091 865 quia
1196 779 1533 866 propter
1621 774 1863 845 istam

104 868 475 988 [meff‘non
551 892 850 964 dicitur
915 896 1145 965 actus
1213 891 1413 983 ejus,
1490 891 1676 962 licet
1758 890 1864 962 sit

106 994 267 1090 {3¹¹⁹
302 1009 764 1080 conformis
835 1009 953 1080 illi
1035 1009 1346 1080 habitui
1417 1012 1648 1081 actus
1717 1007 1863 1077 hu-

106 1106 212 1155 ¹¹³⁸·
301 1145 625 1197 manus.
729 1127 936 1197 Nam
1025 1124 1090 1196 si
1182 1125 1475 1216 aliquis
1572 1124 1862 1196 habeat

296 1239 677 1312 habitum
768 1241 1289 1314 inclinantem
1380 1242 1472 1312 ad
1560 1241 1859 1311 deside-

303 1356 527 1428 rium
589 1357 996 1437 sanitatis,
1086 1357 1151 1428 si
1224 1360 1566 1428 curatur
1636 1355 1856 1425 nullo

301 1474 546 1544 niodo
603 1474 1019 1546 intendens
1069 1472 1534 1553 sanitatem,
1583 1472 1713 1541 sed
1767 1473 1859 1542 ad

295 1592 607 1673 ludum,
672 1612 828 1664 non
874 1592 1173 1665 dicitur
1214 1590 1597 1677 consequi
1655 1589 1855 1659 sani-

301 1713 564 1782 tatem
629 1730 771 1801 per
830 1709 1181 1800 aliquem
1245 1712 1516 1781 aetum
1589 1706 1859 1777 huma·

299 1846 530 1907 num,
590 1826 721 1896 sed
802 1824 1245 1897 casualiter
1302 1824 1429 1894 vel
1490 1823 1857 1903 fortuite,

298 1961 469 2011 non
536 1943 798 2030 magis
845 1961 1084 2032 quam
1132 1938 1197 2011 si
1240 1961 1401 2010 non
1444 1939 1859 2010 habuisset

302 2059 843 2132 intentionem
924 2059 1015 2130 ad
1108 2058 1583 2138 sanitatem3
1661 2078 1859 2145 ergo

302 2176 489 2247 sola
559 2176 903 2248 intentio
959 2175 1403 2246 habitualis
1447 2194 1606 2245 non
1649 2174 1861 2244 suffi-

301 2291 420 2363 cit
488 2295 859 2383 respectu
933 2290 1114 2360 sinis
1186 2296 1418 2362 actus
1498 2289 1856 2371 humani,

307 2411 400 2478 ut
437 2407 835 2477 humanus
879 2410 1024 2477 est.
1074 2409 1236 2477 Nec
1286 2404 1737 2496 requiritur
1785 2406 1857 2476 in

306 2524 775 2616 baptizante
842 2544 1162 2615 semper
1234 2523 1572 2594 intentio
1647 2526 1864 2594 actu-

301 2645 491 2725 alis,
603 2644 787 2734 quia
880 2664 1035 2713 non
1146 2643 1537 2731 obligavit
1648 2644 1865 2713 Deus

303 2761 723 2834 hominem
802 2762 897 2831 ad
979 2759 1505 2851 impossibile,
1559 2760 1685 2829 vel
1747 2758 1862 2829 ni-

303 2879 466 2951 mis
543 2875 890 2959 difficile,
968 2877 1425 2969 cujusmodi
1505 2880 1626 2949 est
1706 2897 1863 2946 non

300 2992 912 3085 distrahi,·quia
974 2995 1405 3066 secundum
1478 2992 1863 3083 Augusti-

303 3134 534 3195 num,
575 3112 824 3185 tertio
865 3112 955 3182 de
1000 3110 1131 3182 lib.
1178 3110 1420 3183 arbit.
1466 3114 1615 3178 Non
1664 3125 1755 3177 ese
1796 3114 1861 3176 in

101 3238 210 3287 fust.
296 3245 629 3320 potestate
696 3244 921 3297 nostra
985 3233 1143 3317 quin
1228 3232 1386 3296 visis
1462 3242 1862 3316 tanyanncr:

309 3367 459 3418 nec
539 3346 790 3419 etiam
876 3344 1054 3436 plus
1159 3343 1552 3441 obligavit
1633 3334 1865 3414 mini-

308 3470 578 3536 strum
636 3462 712 3533 in
786 3460 925 3532 illo
987 3465 1201 3544 actu,
1264 3481 1498 3552 quam
1560 3460 1634 3531 ln
1690 3482 1866 3530 exe-

308 3580 623 3671 quendo
688 3583 917 3651 actus
980 3577 1332 3648 aliorum
1394 3582 1868 3648 Sacramen-

308 3700 615 3767 torum.
761 3699 849 3766 In
982 3694 1471 3766 conficiendo
1598 3698 1867 3765 autem

314 3813 954 3893 Eucharistiam,
1032 3832 1205 3901 quae
1286 3814 1407 3881 est
1487 3808 1869 3881 excellen-

314 3929 728 4004 tissimum
811 3933 1455 4008 Sacramentum,
1503 3947 1663 3996 non
1746 3925 1871 3995 ob-

101 4070 246 4119 eraos
314 4047 606 4138 ligavit
670 4044 1079 4117 hominem
1143 4045 1236 4116 ad
1298 4064 1455 4114 non
1527 4042 1871 4115 distrahi

99 4140 271 4252 Ξέξέῗ,
327 4165 520 4257 quin
607 4163 835 4256 prius
926 4164 1341 4235 intendens
1433 4162 1870 4243 celebrare,

326 4284 518 4355 licet
588 4284 669 4353 in
744 4279 1221 4373 proferendo
1291 4280 1539 4352 verba
1609 4298 1873 4352 sacra-

326 4399 719 4472 mentalia
860 4399 1305 4471 distractus
1424 4397 1553 4479 sit,
1686 4418 1874 4468 vere

320 4521 599 4588 tamen
644 4514 995 4586 conficit.

103 4685 182 4733 Ad
418 4633 536 4703 Ex
572 4630 697 4701 his
732 4630 1143 4711 concludO,
1194 4629 1399 4719 quod
1452 4627 1751 4700 sufficit
1797 4627 1875 4698 in

99 4757 287 4864 ffipta
320 4747 789 4840 baptizante
844 4744 1187 4817 intentio
1250 4743 1659 4824 virtualis,
1726 4743 1876 4814 hoc

106 4877 236 4947 enno
319 4870 470 4947 est,
548 4865 752 4956 quod
833 4862 1262 4953 aliquando
1336 4861 1711 4933 habuerit
1772 4860 1879 4931 in-

107 4939 253 4994 uahs.

324 4982 771 5055 tentionem
860 4979 1294 5060 actualem,
1368 4999 1465 5048 ex
1538 4996 1693 5068 qua
1760 4981 1874 5048 de-

321 5099 628 5171 scendit
665 5117 873 5169 nunc
896 5117 1088 5166 vere
1125 5099 1355 5168 actus
1390 5094 1873 5185 baptizandi,

320 5218 490 5290 sive
561 5216 637 5287 in
717 5217 871 5286 isto
945 5219 1126 5286 actu
1210 5212 1495 5283 habeat
1553 5211 1876 5283 intenti-

322 5354 554 5407 onem
627 5332 1057 5413 actualem,
1135 5330 1257 5401 vel
1345 5328 1697 5419 aliquam
1776 5350 1875 5399 ex

318 5472 412 5524 ea.
472 5449 1106 5528 descendentem,
1177 5447 1347 5517 sive
1391 5466 1572 5516 non.
1643 5445 1876 5518 Intel-

320 5567 487 5657 ligo
569 5567 868 5650 autem,
970 5563 1172 5654 quod
1246 5560 1654 5634 descendit
1723 5562 1875 5634 iste

3422 382 3540 442 579

1984 544 2216 612 actus
2277 542 2572 632 absque
2629 541 2843 613 omni
2890 545 3110 613 motu
3166 540 3532 613 volunta-

1981 658 2084 729 tis
2147 658 2572 730 contrario
2620 658 3231 730 interveniente.
3305 656 3527 729 Sicut

1976 773 2041 845 si
2079 773 2409 846 induens
2447 798 2528 845 se
2564 776 2656 845 ad
2704 776 3067 857 Missam,
3109 776 3524 847 intendens

1978 891 2396 963 celebrare
2443 894 2880 964 secundum
2927 914 3160 965 usum
3233 895 3525 963 Roma-

1974 1028 2096 1101 nae
2171 1010 2578 1093 Ecclesiae,
2634 1014 2713 1081 et
2761 1031 2858 1079 ex
2910 1008 3067 1081 isto
3141 1010 3526 1100 procedat

1974 1127 2357 1198 continue
2421 1124 2630 1198 forte
2678 1127 3108 1197 secundum
3172 1126 3524 1216 aliquem

1974 1238 2339 1314 habitum
2391 1241 2870 1315 derelictum
2946 1242 3022 1311 in
3091 1241 3520 1334 phantasia

1973 1378 2156 1427 cum
2267 1378 2560 1448 magna
2675 1359 3236 1439 distractione,
3343 1380 3529 1429 vere

1973 1473 2169 1545 facit
2235 1494 2328 1546 ea
2392 1497 2565 1566 quse
2636 1476 3102 1547 necessaria
3176 1480 3361 1549 sunt
3431 1479 3522 1548 ad

1977 1590 2223 1663 istum
2286 1595 2557 1662 actum
2617 1593 3326 1677 sacramentalem,
3394 1594 3526 1683 qui

1976 1711 2099 1779 est
2143 1708 2566 1779 conficere.

2067 1824 2146 1895 Si
2229 1830 2669 1915 quaeratur,
2767 1826 3166 1916 quomodo
3257 1828 3522 1917 potest
3595 1833 3824 1942 meam

1976 1940 2272 2031 aliquis
2367 1940 2728 2019 effectus,
2811 1942 2940 2030 qui
3042 1944 3273 2014 modo
3373 1948 3521 2024 est,
3588 1933 3849 2019 1110q.3‡

3603 2018 3751 2068 artic.
3777 2019 3800 2067 1
3816 2057 3830 2070 .

1980 2060 2250 2132 reduci
2322 2061 2398 2132 in
2473 2061 2696 2132 illam
2771 2059 3298 2131 intentionem
3363 2062 3523 2151 pri-
3633 2081 3729 2130 sol.
3761 2081 3813 2130 2.

1977 2196 2217 2257 mam,
2296 2176 2507 2249 sicut
2578 2178 2658 2248 in
2735 2197 3089 2257 causam,
3178 2177 3242 2247 si
3314 2198 3523 2249 nunc
3591 2159 3848 2270 dffissffd'o

1975 2311 2134 2362 non
2177 2297 2301 2364 est
2337 2293 2492 2365 ista
2537 2292 2906 2372 intentio,
2955 2314 3208 2384 neque
3251 2294 3522 2385 aliqua
3620 2271 3830 2382 ‘Zff‘gffiff'

1977 2409 2139 2480 alia
2264 2410 2680 2501 imperans
2829 2410 3074 2482 istum
3192 2396 3879 2522 actum?gjfitt¹321itgerr

1974 2522 2322 2603 Dicitur,
2393 2524 2594 2614 quod
2677 2527 2799 2595 est
2881 2544 3024 2615 per
3093 2525 3519 2614 quamdam
3573 2524 3859 2633 8ῡὲιὶῑέᾱὲιυί

1973 2638 2367 2710 virtutem
2406 2639 2876 2730 impressam
2934 2641 3220 2713 virtuti
3285 2641 3521 2714 moti·
3606 2650 3857 2697 nonest?

1973 2777 2119 2840 vae,
2231 2777 2374 2848 per
2468 2756 2974 2831 voluntatem
3085 2759 3525 2832 actualiter

1978 2872 2546 2953 intendentem,
2620 2878 2699 2946 et
2781 2873 3152 2964 quamdiu
3253 2879 3523 2948 manet

1975 2990 2117 3062 illa
2196 2991 2463 3064 virtus
2545 2992 2971 3083 impressa,
3043 2991 3181 3063 illa
3259 2992 3526 3064 virtus

1980 3109 2287 3182 motiva
2333 3112 2626 3193 movet,
2678 3116 2763 3184 ut
2808 3110 2872 3182 si
2917 3108 3213 3202 aliquis
3269 3110 3530 3182 inten-

1976 3227 2198 3298 deret
2265 3227 2410 3318 ire
2459 3228 2551 3298 ad
2635 3227 2988 3318 aliquem
3066 3227 3360 3308 locum,
3451 3230 3528 3297 et

1982 3346 2161 3434 post
2248 3343 2322 3414 in
2392 3344 2524 3415 via
2621 3344 2930 3432 cogitet
2999 3343 3089 3413 de
3161 3343 3369 3424 aliis,
3445 3343 3525 3412 in

1977 3458 2115 3530 illa
2153 3461 2457 3533 actuali
2487 3460 2877 3532 volitione
2911 3461 3149 3532 fiebat
3183 3459 3531 3532 actualis

1984 3578 2416 3668 impressio
2461 3577 2542 3648 in
2595 3578 3042 3669 potentiam
3111 3577 3530 3661 motivam,

1980 3699 2060 3766 et
2105 3695 2478 3785 quamdiu
2546 3694 2687 3765 illa
2731 3693 3162 3785 impressio
3232 3696 3526 3776 manet,

1988 3814 2257 3882 movet
2336 3811 2428 3880 ad
2508 3810 2946 3882 terminum
3009 3810 3382 3893 volitum,
3453 3815 3533 3882 et

1990 3927 2351 4017 procedit
2425 3925 2690 3997 homo.
2775 3925 3177 3998 Paulatim
3262 3930 3532 3998 autem

1990 4042 2388 4115 minuitur
2453 4042 2590 4114 illa
2673 4043 3130 4134 impressio,
3206 4049 3286 4115 et
3366 4047 3535 4116 tan-

1986 4161 2162 4230 dem
2251 4159 2539 4241 deficit,
2643 4166 2722 4232 ct
2801 4166 3071 4232 cessat
3166 4160 3410 4230 homo
3493 4181 3537 4230 a

1992 4281 2243 4357 motu,
2280 4283 2360 4348 et
2401 4280 2590 4348 tunc
2625 4276 2923 4349 dicitur
2957 4276 3295 4356 abistis,
3337 4277 3538 4368 quod

1988 4392 2231 4464 homo
2291 4413 2448 4464 non
2504 4393 2742 4465 habet
2787 4393 3318 4465 intentionem
3374 4394 3540 4463 vir-

1993 4509 2322 4590 tualem,
2374 4508 2529 4580 nisi
2607 4510 2791 4580 dum
2865 4507 3102 4583 habet
3163 4511 3538 4583 effectum

1994 4625 2487 4717 impressum
2575 4646 2621 4696 a
2701 4626 3122 4699 voluntate
3184 4632 3365 4700 actu
3433 4627 3542 4697 in-

1996 4743 2365 4814 tendente
2464 4743 2542 4813 in
2635 4742 3082 4832 potentiam
3183 4744 3540 4834 aliquam

1994 4858 2498 4930 inferiorem.
2603 4859 2747 4930 Sed
2827 4859 3124 4929 mirum
3196 4860 3542 4939 videtur,

1995 4980 2400 5071 quomodo
2518 4979 2895 5053 voluntas
3003 4981 3264 5073 possit
3368 5002 3546 5052 esse

1993 5096 2262 5169 virtus
2324 5091 2628 5167 factiva.
2681 5115 3029 5167 causans
3081 5098 3328 5169 talem
3385 5098 3544 5169 for-

1993 5235 2208 5285 mam
2278 5213 2356 5283 in
2427 5213 2584 5285 ista
2667 5216 3032 5305 potentia.
3109 5216 3543 5306 organica;

1997 5330 2299 5402 mirum
2372 5334 2496 5402 est
2565 5331 2840 5410 etiam,
2899 5331 3108 5420 quod
3163 5332 3229 5403 si
3275 5353 3550 5403 causa-

1992 5450 2228 5518 retur
2274 5444 2404 5527 ibi,
2447 5447 2646 5517 unde
2711 5446 3102 5538 paulatim
3147 5447 3548 5522 deficeret.

2088 5563 2383 5634 Potest
2425 5582 2622 5652 ergo
2673 5562 2852 5643 diei,
2931 5564 3134 5654 quod
3179 5564 3256 5634 in
3321 5585 3555 5658 appe·
