4255 6375
592 2644 733 2697 Finis

822 340 936 402 374

829 508 898 563 et
930 502 1213 579 populus
1243 502 1354 565 ille
1401 501 1617 564 divino
1641 502 1890 583 judicio
1924 508 1990 563 et
2020 504 2375 573 sententia,

828 624 984 679 tunc
1033 621 1422 693 reprobatus
1466 624 1532 680 et
1575 620 1849 701 ejectus,
1895 618 2267 682 libertatem
2314 623 2380 678 et

827 735 1049 815 legem
1100 735 1334 808 amisit,
1396 734 1587 815 cujus
1650 734 1794 797 finis
1850 741 1951 797 est
1997 735 2268 797 vastitas
2313 744 2379 796 et

828 848 1155 923 solitudo;
1191 850 1529 929 probabile
1575 866 1737 930 ergo
1783 853 1884 912 est
1917 848 2191 911 durasse
2218 849 2377 928 ipsis

832 981 1131 1045 eousque
1194 966 1605 1027 tolerantiam
1676 965 1863 1045 legis,
1923 966 2009 1026 ita
2066 973 2141 1027 ut
2195 964 2384 1028 fieret

832 1085 928 1144 eis
998 1083 1192 1155 licita,
1265 1083 1387 1144 sed
1457 1091 1754 1155 mortua;
1832 1083 2152 1160 deinceps
2227 1099 2380 1144 vero

835 1201 1172 1265 destructo
1218 1218 1454 1282 regno,
1509 1207 1574 1263 et
1625 1201 1952 1263 distractis
2009 1203 2161 1264 hinc
2225 1201 2382 1265 inde

831 1319 1105 1392 Judaeis,
1152 1326 1217 1382 et
1260 1322 1337 1382 iis
1373 1320 1540 1383 datis
1583 1321 1648 1382 in
1678 1322 2032 1398 reprobum
2084 1337 2380 1393 sensum,

834 1442 1034 1518 atque
1081 1453 1162 1498 ex
1211 1437 1334 1498 alia
1384 1441 1596 1515 parte,
1653 1435 1913 1498 dilatata
1959 1453 2075 1515 per
2117 1438 2379 1498 univer-

835 1567 982 1614 sum
1045 1551 1274 1614 orbem
1336 1551 1651 1623 Ecclesia,
1713 1559 1778 1612 et
1835 1550 2153 1628 explicata
2214 1554 2387 1614 veri-

838 1674 993 1741 tate,
1044 1683 1188 1746 quae
1217 1684 1337 1745 per
1363 1667 1628 1728 umbras
1657 1667 1827 1747 legis
1872 1665 2387 1747 significabatur,

833 1782 972 1861 J‘am
1034 1783 1315 1859 amplius
1379 1783 1624 1844 nullam
1668 1783 1956 1844 habitam
2023 1800 2172 1845 esse
2229 1783 2389 1845 rati-

836 1917 1036 1963 onem
1097 1899 1490 1971 ludaeorum,
1550 1915 1774 1979 neque
1847 1901 2189 1962 toleratam
2241 1916 2388 1961 esse

835 2017 1438 2080 circumcisionem.
1520 2018 1934 2079 Probabilem
2011 2019 2211 2080 etiam
2292 2025 2392 2079 est

835 2131 1000 2194 illud
1068 2131 1313 2193 factum
1374 2149 1521 2195 esse
1569 2139 1747 2206 ante,
1809 2132 2075 2213 quando
2143 2138 2390 2206 autem,

838 2251 1166 2312 incertum
1215 2219 1376 2321 ‘est;
1433 2253 1786 2330 vestigium
1854 2255 1997 2331 ejus
2064 2252 2397 2314 invenitur

844 2364 1021 2442 apud
1082 2364 1442 2442 discipulos
1508 2365 1971 2442 Apostolorum
2045 2366 2393 2446 Ignatium,

842 2482 1197 2555 lustinum,
1247 2482 1655 2561 Dionysium,
1708 2487 1773 2541 et
1829 2480 2063 2543 desivit
2115 2488 2397 2560 uterque

847 2595 993 2657 finis
1048 2596 1218 2659 illius
1265 2597 1644 2670 tolerantiae,
1700 2613 1941 2675 nempe
1986 2596 2069 2658 ad
2148 2600 2393 2660 vocati-

523 2709 807 2762 tolerantiae
853 2728 1048 2773 onem
1123 2712 1332 2790 magis
1401 2708 1662 2771 facilem
1732 2708 2132 2785 Judaeorum,
2206 2719 2271 2774 et
2328 2718 2402 2774 ut

545 2771 777 2825 cessavit.

642 4163 702 4214 83

855 2844 1004 2889 cum
1033 2828 1284 2887 honore
1332 2826 1669 2888 desineret
1697 2827 1803 2887 lex
1833 2828 1938 2889 illa
1969 2846 2005 2887 a
2054 2829 2187 2889 Deo
2224 2827 2398 2901 data,

857 2947 1009 3023 quia
1053 2946 1297 3022 primus
1343 2959 1426 3003 ex
1476 2944 1916 3006 obstinatione
1962 2948 2029 3005 et
2067 2945 2401 3006 obcaecati-

855 3076 983 3121 one
1040 3058 1437 3130 Judaeorum,
1488 3067 1684 3137 atque
1741 3059 2207 3137 reprobatione
2266 3078 2401 3123 ces·

854 3176 1041 3250 savit,
1085 3181 1158 3237 ut
1209 3177 1362 3254 quia
1409 3176 1627 3238 nullus
1672 3174 1868 3238 fuerit
1913 3175 2232 3256 deinceps
2268 3176 2406 3238 fru-

859 3300 1003 3356 ctus
1061 3292 1539 3371 praedicationis
1583 3293 1917 3373 Evangelii
1976 3295 2145 3355 inter
2201 3298 2401 3373 ipsos.

859 3414 1205 3477 Secundus
1265 3414 1454 3476 etiarn
1528 3416 1787 3488 desivit,
1866 3415 2197 3478 declarata
2254 3418 2405 3497 lege

860 3546 982 3608 per
1022 3533 1390 3604 veritatem,
1452 3549 1648 3611 quam
1698 3532 1960 3594 inclusit
2000 3534 2250 3612 ubique
2269 3534 2404 3614 jam

860 3654 1268 3729 perceptam,
1314 3657 1379 3713 et
1418 3667 1614 3712 cursu
1655 3650 2036 3715 sufficientis
2097 3656 2409 3731 temporis

866 3774 995 3830 tam
1037 3767 1284 3830 Judaeis
1313 3769 1378 3830 in
1422 3768 1668 3841 Judaea,
1717 3786 1910 3847 quam
1958 3770 2129 3830 inter
2168 3769 2410 3831 Gentes

867 3887 1286 3966 degentibus,
1321 3892 1520 3965 atque
1568 3887 1726 3965 ipsis
1770 3887 2085 3950 Gentibus
2136 3903 2411 3950 conver-

867 4004 956 4065 sis
997 4003 1437 4081 praedicatam.

948 4120 1134 4184 Unde
1193 4137 1275 4182 ex
1318 4120 1700 4181 natura-rei
1760 4118 1993 4184 desivit
2054 4120 2198 4182 finis
2248 4122 2408 4183 tole·

544 4223 842 4276 observatio
868 4238 1111 4311 rantiae‚
1149 4237 1485 4299 obtinente
1537 4234 1852 4311 deinceps
1896 4240 2169 4298 veritate
2212 4238 2413 4298 Evan-

580 4289 779 4338 reddita

517 4352 831 4419 perniciosa.
868 4356 1104 4433 gelica,
1171 4362 1235 4416 et
1295 4355 1506 4433 magis
1562 4352 2006 4414 invalescente
2072 4355 2411 4416 obcaecati-

867 4485 997 4532 one
1053 4469 1450 4539 Judaeorum,
1512 4470 1626 4546 qui
1696 4468 1976 4530 salutem
2021 4473 2086 4532 in
2133 4469 2418 4531 Circum-

867 4588 1111 4648 cisione
1162 4586 1580 4656 statuebant;
1617 4584 1796 4645 unde
1844 4584 2096 4646 reddita
2146 4590 2249 4646 est
2276 4587 2417 4663 ipsa

864 4706 941 4764 ut
986 4700 1379 4780 perniciosa,
1438 4704 1503 4761 et
1561 4706 1870 4779 tanquam
1928 4700 2191 4778 signum
2248 4701 2419 4764 illius

868 4818 1131 4881 haeresis
1175 4817 1641 4890 distinctivum,
1678 4821 1899 4878 contra
1941 4832 2139 4894 quam
2184 4817 2419 4878 Paulus

866 4936 1130 5014 scripsit
1190 4935 1258 4996 in
1324 4933 1460 4995 suis
1532 4934 1865 5011 epistolis;
1926 4933 2417 4996 translationem

864 5057 1088 5115 autem
1152 5051 1319 5131 legis
1397 5049 1551 5112 satis
1609 5049 1985 5128 praedicavit
2045 5049 2282 5110 Paulus
2353 5050 2417 5110 in

868 5187 985 5232 sua
1027 5169 1307 5246 epistola
1352 5166 1433 5228 ad
1495 5167 1823 5228 HebraeOS.
1883 5165 2246 5228 Declaratio
2295 5165 2422 5238 illa,

873 5302 1073 5364 quam
1143 5282 1427 5346 intendit
1499 5285 1745 5344 Doctor
1815 5280 2082 5355 factam,
2160 5281 2423 5344 videtur

875 5403 1066 5464 etiam
1116 5401 1552 5481 aliquousque
1607 5400 1931 5462 insinuata
1978 5399 2043 5460 in
2090 5400 2415 5478 Apocaly-

876 5520 976 5598 psi
1029 5518 1296 5581 Joannis
1351 5535 1496 5594 cap.
1554 5519 1614 5578 2.
1691 5517 1760 5578 in
1832 5517 2107 5594 epistola
2175 5515 2283 5576 illa
2333 5516 2416 5578 ad

1979 340 2123 401 ΗΒ.
2176 341 2271 398 tv.
2320 338 2917 403 SENTENTIARUM

2486 502 2814 577 Angelum
2871 504 3289 582 Smyrnensis
3371 505 3691 573 Ecclesiae,
3746 508 3842 585 qui
3903 525 3965 568 ex
4046 541 4053 571 -,

2489 617 2935 695 probabiliori,
2996 625 3062 680 et
3116 623 3327 701 magis
3369 628 3638 698 recepta
3688 623 3965 699 opinione,
4008 632 4035 647 ‘⁷

2490 730 2609 794 fuit
2651 733 3049 814 polycarpus
3086 754 3099 796 :
3136 737 3619 813 Blasphemaris
3645 738 3716 798 ab
3760 738 3849 799 his
3884 743 3973 816 qut·

2490 865 2556 907 se
2612 850 2828 910 dicunt
2883 854 3139 913 Judaeos
3193 869 3344 924 esse,
3421 860 3479 914 et
3532 869 3650 915 non
3699 860 3848 927 sunt,
3892 860 3975 917 sed

2490 974 2635 1029 sunt
2679 970 3032 1043 Synaqoya
3091 970 3378 1039 Satanae,
3444 973 3570 1031 etc.
3619 968 3867 1031 Judaeus
3902 978 3977 1033 est

2492 1096 2739 1145 nomen
2808 1081 3131 1145 denotans
3191 1083 3438 1145 cultum
3497 1092 3563 1145 et
3624 1085 3978 1165 religionem,

2494 1198 2576 1260 ad
2608 1200 2936 1260 Romanos
2967 1200 3030 1259 2.
3064 1200 3202 1258 Non
3243 1201 3417 1259 enim
3466 1201 3582 1275 qui
3606 1202 3668 1260 in
3695 1204 3978 1277 manifesto

2495 1320 2607 1387 est,
2645 1318 2770 1374 etc.
2807 1314 3019 1393 Negat
3051 1331 3209 1393 ergo
3258 1313 3550 1377 Christus
3593 1313 3841 1393 praefa'to
3875 1320 3981 1379 loco

2493 1428 2751 1491 Judaeos
2797 1445 2947 1490 esse
3005 1428 3289 1503 JudaeOS,
3349 1426 3417 1489 id
3480 1437 3599 1503 est,
3654 1435 3761 1509 qui
3809 1449 3872 1493 se
3914 1435 3985 1495 di·

2499 1548 2740 1610 cebant
2797 1545 3086 1618 Judae08‚
3152 1547 3400 1608 habere
3450 1564 3608 1609 vere
3662 1549 3891 1610 cultum
3943 1561 3986 1610 et

2497 1662 2906 1741 religionem,
2950 1661 3075 1724 sed
3133 1678 3283 1723 esse
3319 1663 3739 1743 synagogam
3772 1665 3988 1737 Satanae,

2501 1784 2566 1840 et
2610 1783 2807 1855 prout
2879 1779 3245 1840 Victorinus
3307 1778 3568 1860 Martyr,
3626 1781 3859 1859 aliique
3917 1798 3990 1841 as·

2502 1899 2752 1966 serunt,
2846 1911 3043 1972 quam
3130 1897 3397 1975 colliget
3465 1898 3899 1969 Antichristus
3951 1908 3994 1955 et

2503 2024 2648 2086 quae
2729 2008 3025 2072 deseruit
3110 2011 3436 2075 Christum
3520 2014 3901 2091 promissum
3951 2014 3993 2072 in

2502 2123 2654 2202 lege
2703 2128 2770 2184 et
2841 2126 3205 2204 Prophetis,
3281 2133 3348 2190 et
3389 2132 3788 2208 supponitur
3825 2146 3993 2207 repro-

2506 2239 2680 2301 batio
2718 2241 2861 2321 jam
2903 2239 3074 2305 facta
3119 2243 3501 2306 Judaeorum
3532 2265 3548 2319 ;
3579 2245 3646 2306 hi
3691 2246 3858 2307 enim
3896 2261 3996 2322 per·

2507 2368 2962 2446 sequebantur
3001 2370 3358 2431 Ecclesiam
3391 2379 3457 2432 et
3498 2372 3867 2447 Apostolos,
3892 2386 3993 2447 spe

2510 2483 2724 2543 ciatim
2780 2499 2936 2546 vero
3009 2485 3456 2565 Polycarpum,
3527 2492 3601 2547 ut
3665 2491 3903 2548 constat
3944 2502 4034 2571 exi,

2511 2597 2783 2675 epistola
2844 2601 3257 2679 smyrnensis
3299 2601 3629 2674 Ecclesiae‚
3688 2602 3773 2663 ad
3827 2602 3993 2663 Eccle-

2510 2718 2672 2777 siam
2722 2732 2841 2793 per
2885 2716 3187 2789 Pontum,
3235 2733 3429 2795 quam
3476 2715 3684 2779 habet
3738 2718 3995 2780 Eusebim

2513 2835 2623 2895 lib.
2672 2836 2734 2894 4.
2774 2836 2919 2896 laist.
2967 2852 3110 2912 cap.
3165 2838 3257 2898 14.

2594 2951 2970 3012 Confirmari
3029 2957 3248 3029 potest
3306 2968 3386 3013 ex
3450 2953 3826 3015 Canonibus
3872 2956 3991 3029 Apo-
4015 2952 4052 3064 ἐξ

2512 3068 2852 3143 stolorum,
2915 3084 3068 3131 nam
3110 3073 3364 3131 Canone
3407 3072 3467 3133 8.
3514 3071 3891 3149 prohibetur
3919 3069 3995 3126 Pa-

2516 3185 2669 3246 scha
2732 3184 3047 3247 celebrari
3102 3203 3247 3247 cum
3313 3183 3578 3259 Judaeis,
3647 3203 3840 3265 quam
3896 3199 3998 3244 esse

2518 3300 2937 3362 traditionem
3006 3303 3447 3378 Apostolicam
3513 3320 3750 3364 omnes
3819 3314 4003 3361 conce·

2519 3417 2708 3491 dunt,
2784 3422 2850 3478 et
2919 3419 3179 3479 Petrum
3237 3434 3313 3479 ac
3372 3419 3646 3480 Paulum
3729 3418 4002 3480 ordinasse

2518 3533 2990 3598 celebrandum
3037 3536 3103 3596 in
3159 3535 3264 3597 die
3312 3537 3651 3599 Dominica
3706 3557 3721 3598 ε
3784 3535 4002 3611 Siquis.

2519 3654 2733 3730 inquit
2778 3651 3093 3731 ignatiuS,
3141 3652 3414 3729 epistola
3465 3654 3524 3714 8.
3578 3651 3667 3714 ad
3696 3654 4001 3729 Philippen-

2520 3784 2652 3840 seS,
2736 3785 2883 3829 cum
2956 3770 3198 3829 Judaez's
3252 3770 3504 3829 Pascha
3574 3772 3869 3840 celebrat,
3931 3773 4004 3826 aut

2523 3883 2831 3960 Symbola
2886 3899 3112 3944 eorum
3156 3886 3403 3959 recipit,
3441 3887 3777 3962 particeps
3829 3890 3903 3947 est
3935 3899 4001 3943 eo·

2521 4015 2694 4073 rum,
2743 4002 2860 4076 qm·
2902 4002 3247 4061 Dominum
3292 4001 3689 4076 occiderunt,
3736 4007 3793 4062 et
3819 4005 4003 4076 Apostst

2522 4116 2621 4176 los
2665 4118 2828 4193 ejuS,
2885 4122 3009 4176 etc.
3081 4121 3301 4177 Canon
3357 4120 3556 4177 etiam
3623 4119 3727 4180 63.
3777 4116 4003 4195 prohibet

2524 4237 2900 4313 ingressum
2947 4236 3011 4294 in
3087 4235 3509 4314 synagogam
3564 4235 3911 4298 Judaeorum
3954 4228 4003 4290 ad

2526 4348 2851 4410 orandum
2898 4360 2903 4364 ’
2948 4352 3105 4409 Can.
3177 4348 3278 4411 69.
3379 4349 3691 4426 prohibet
3765 4352 4003 4431 jejunare

2530 4485 2679 4530 cum
2721 4467 2977 4540 Judaeis,
3028 4466 3091 4527 id
3152 4472 3273 4538 est,
3326 4467 3591 4547 jejunia
3653 4470 3834 4548 legis,
3889 4464 3999 4526 sesua

2531 4601 2762 4647 eorum
2815 4584 3176 4660 celebrare,
3224 4583 3413 4644 xenia
3447 4586 3527 4646 ab
3561 4587 3723 4662 ipsis
3753 4584 4000 4658 recipere,

2528 4707 2601 4764 ut
2651 4718 2902 4782 azyma,
2956 4708 3023 4763 et
3062 4702 3325 4775 similia;
3366 4706 3588 4764 Canon
3631 4705 3731 4766 70.
3776 4698 4003 4779 prohibet

2530 4819 2871 4880 lucernam
2933 4817 3303 4881 accendere
3349 4817 3413 4878 in
3466 4819 3817 4900 Synagoga
3857 4811 4000 4877 ,iudae

2531 4951 2718 4997 orum
2784 4935 2906 4996 sub
2973 4933 3157 4996 festis
3216 4951 3473 5005 eorum,
3541 4941 3661 4996 aut
3715 4934 3904 4996 oleum
3948 4923 3998 4981 ad

2533 5049 2837 5112 eamdem
2926 5054 3351 5130 synagogam
3449 5051 3690 5112 eodem
3780 5052 3997 5121 tempore

2534 5165 2816 5240 deferre,
2862 5169 3029 5229 sicut
3074 5172 3140 5228 et
3200 5167 3438 5229 eadem
3494 5166 3795 5244 prohibet
3833 5157 3994 5222 eadem

2530 5281 2749 5343 facere
2820 5283 2885 5344 in
2958 5284 3203 5361 templo
3271 5284 3632 5345 Gentilium
3704 5281 3814 5343 sub
3869 5269 3993 5335 feslis

2529 5400 2844 5476 ipsorum,
2905 5404 2978 5460 ut
3031 5416 3274 5476 nempe
3327 5400 3598 5462 tollatur
3653 5398 3844 5461 omnis
3887 5400 3988 5467 prae·

2529 5516 2811 5594 sumptio
2860 5516 3071 5577 cultus
3135 5517 3301 5596 legis
3349 5522 3416 5578 et
3463 5515 3803 5581 idolorum.
3840 5498 3985 5581 ΛΜΨ
