4255 6375
570 1516 646 1574 12,

445 2219 739 2271 Auctorita-

549 2288 676 2333 tates

479 2346 729 2410 ambiguae

562 2424 661 2458 non

484 2467 732 2520 inducunt

471 2534 733 2582 certitudi-

548 2610 662 2644 nem

477 2655 611 2714 fidei,
633 2656 730 2708 nisi

474 2717 735 2769 declaren-

558 2788 641 2832 tur
652 2821 664 2833 .

807 418 925 482 596

787 583 1077 668 proinde
1105 585 1434 649 contineri
1460 586 1532 650 in
1563 586 1916 671 Scriptura
1969 597 2030 650 et
2098 586 2324 650 Patri·

788 698 922 777 bus,
961 699 1108 765 licet
1137 720 1264 765 non
1299 700 1664 781 manifeste,
1733 714 1800 767 ut
1839 722 1919 768 ex
1960 701 2071 766 his
2141 701 2324 781 soliS,

785 816 1035 882 seclusa
1080 816 1380 884 Ecclesia}
1423 817 1800 884 delinitione
1867 832 1929 883 et
1975 817 2329 884 declarati-

788 952 933 1012 one,
970 933 1054 998 sit
1088 932 1427 1000 manifesta
1459 947 1522 999 et
1552 934 1818 999 omnino
1849 946 2048 1010 certa,
2105 955 2337 1021 quam-

787 1050 890 1116 vis
952 1050 1257 1130 revelata,
1329 1050 1535 1116 donec
1616 1050 1945 1137 proposita
2017 1064 2088 1117 ut
2155 1050 2326 1129 talis,

794 1163 914 1229 luit
956 1164 1296 1230 manifeste
1325 1164 1404 1229 ab
1448 1164 1735 1230 Ecclesia
1772 1188 1785 1241 ;
1863 1176 1928 1229 et
1998 1164 2123 1229 huc
2188 1186 2341 1250 spe-

788 1293 961 1347 ctant
1037 1296 1421 1368 argumenta
1498 1282 1792 1349 Doctoris
1852 1303 1967 1367 pro
2028 1282 2341 1367 opinione

791 1395 1114 1480 opposssa.

887 1513 1088 1591 Unde,
1139 1525 1206 1579 ut
1253 1533 1448 1597 supra
1488 1513 1777 1578 diximus
1824 1535 1903 1579 ex
1947 1513 2114 1599 ipso,
2181 1511 2343 1578 dicit

791 1629 1074 1717 aliquam
1108 1630 1555 1696 auctoritatem
1591 1651 1737 1697 esse
1771 1630 2234 1710 necessariam,
2273 1641 2343 1696 ut

791 1766 867 1810 ex
941 1767 1013 1812 ea
1092 1748 1397 1832 probetur
1496 1747 1848 1813 necessitas
1944 1746 2341 1814 characteris

791 1882 871 1927 ne
901 1861 1142 1927 frustra
1172 1874 1522 1928 asseratur.
1562 1866 1639 1928 Et
1670 1861 1892 1929 subdit
1921 1862 2344 1928 auctoritates

789 1982 1172 2044 Sanctorum
1253 1980 1487 2045 multas
1553 2001 1679 2044 non
1749 2001 1892 2046 esse
1970 2000 2338 2065 expressas,

791 2113 938 2180 quae
985 2093 1171 2159 aliter
1213 2115 1338 2159 non
1390 2106 1668 2180 possunt
1717 2095 2157 2181 interpretari,
2215 2116 2344 2182 quo

791 2230 990 2276 sensu
1037 2211 1452 2278 auctoritates
1505 2211 1882 2297 Augustini,
1929 2232 2076 2298 quae
2135 2210 2344 2297 magis

791 2326 870 2393 ad
904 2327 1308 2413 propositum
1344 2327 1610 2405 faciunt,
1642 2328 1799 2393 dicit
1828 2349 1952 2392 non
1989 2348 2136 2393 esse
2187 2346 2344 2392 con·

792 2442 1151 2523 cludenteS,
1198 2444 1444 2509 scilicet
1505 2443 1872 2509 necessario
1938 2444 2150 2530 quoad
2192 2464 2339 2508 sen-

793 2579 936 2624 sum
1011 2560 1537 2639 determinatum,
1605 2580 1685 2625 ex
1759 2580 1887 2646 quc
1960 2571 2345 2646 sequeretur

793 2676 1121 2742 conclusio
1191 2677 1468 2743 tenenda
1528 2698 1644 2759 pro
1697 2689 1873 2742 certo
1933 2687 1997 2742 et
2053 2674 2134 2741 de
2186 2674 2335 2754 side,

792 2814 983 2879 quam
1034 2794 1490 2861 certitudinem
1566 2794 1832 2860 omnino
1890 2792 2170 2859 intendit
2219 2797 2341 2858 Do-

792 2920 967 2987 ctor;
1007 2930 1154 2975 nam
1189 2910 1543 2998 investigat
1576 2932 1716 2976 eam
1752 2931 1829 2976 ex
1862 2909 2154 2986 creditis,
2191 2930 2338 2975 cum

792 3023 877 3089 sit
919 3024 1158 3091 veritas
1208 3027 1747 3112 supernaturaliS‚
1806 3026 1909 3093 vel
1955 3047 2035 3093 ex
2070 3026 2152 3091 iis
2194 3045 2341 3111 quae

792 3142 1157 3210 necessario
1206 3164 1286 3210 ex
1333 3144 1595 3211 creditis
1644 3156 2025 3232 sequantur,
2083 3156 2147 3211 et
2199 3142 2337 3209 dis-

790 3260 992 3324 currit
1021 3281 1101 3326 ex
1142 3261 1474 3347 Scriptura
1506 3275 1566 3328 et
1599 3262 1897 3328 Patribus
1927 3261 2004 3327 ad
2044 3262 2220 3327 hunc
2259 3261 2336 3324 li-

792 3399 965 3456 nem;
1021 3379 1231 3445 elicita
1264 3381 1441 3446 enim
1476 3402 1553 3447 ex
1587 3380 1735 3459 fide,
1776 3400 1889 3446 seu
1925 3401 2005 3444 ex
2039 3378 2331 3446 creditis,

787 3493 865 3560 ad
895 3495 1195 3563 eumdem
1224 3498 1514 3564 habitum
1549 3508 1841 3585 spectant
1876 3518 1990 3583 per
2022 3497 2240 3583 ipsum
2270 3494 2334 3559 in

787 3611 849 3672 3.
888 3612 1042 3677 dist.
1080 3616 1186 3678 35.
1238 3624 1460 3698 qnoest.
1522 3609 1783 3699 unica}
1817 3612 1987 3678 unde
2049 3615 2114 3675 in
2174 3632 2335 3697 prae·

788 3729 955 3794 senti
979 3740 1329 3817 utrumque
1361 3729 1657 3795 refertad
1691 3729 2121 3795 substantiam
2158 3726 2332 3807 fidei,

788 3866 934 3931 qua}
965 3867 1044 3911 ex
1084 3846 1416 3932 Scriptura
1455 3858 1566 3912 aut
1602 3845 1923 3923 PatribuS‚
1962 3856 2072 3910 aut
2103 3843 2334 3910 delini-

788 3961 964 4028 tione
1014 3983 1325 4048 expressa
1375 3962 1681 4028 Ecclesiae
1715 3962 2010 4041 habetur,
2061 3959 2336 4047 requirit

787 4090 1000 4143 tamen
1032 4077 1480 4142 auctoritatem
1511 4076 1694 4142 modo
1727 4073 1898 4142 dicto
1925 4096 2329 4161 expressam.

787 4193 967 4259 Unde
1004 4197 1070 4258 in
1097 4198 1155 4258 1.
1191 4194 1346 4259 ctist.
1380 4198 1482 4261 16.
1513 4204 1738 4281 qnoest.
1782 4198 1837 4258 1.
1879 4197 1910 4276 ξ
1945 4192 2037 4258 Ad
2071 4192 2334 4259 tertium

781 4312 1017 4395 forsan
1074 4309 1322 4374 diceret
1387 4311 1661 4396 aliquis,
1740 4309 2164 4396 responsione
2257 4307 2336 4375 ad

782 4426 1067 4505 tertium,
1107 4427 1277 4514 quod
1309 4439 1408 4493 est
1434 4426 1561 4493 tale
1596 4451 1609 4492 :
1651 4429 2144 4512 Consequentioe
2173 4429 2338 4492 San-

781 4555 1033 4610 ctorum
1100 4556 1160 4609 et
1236 4546 1591 4610 Doctorum
1655 4544 2105 4630 supponenda?
2181 4555 2332 4608 sunt

781 4682 914 4726 esse
953 4663 1360 4739 necessarice,
1416 4673 1539 4727 etc.
1601 4661 1705 4725 :ch
1747 4662 2032 4738 tertium,
2092 4659 2325 4746 inquit,

778 4778 1080 4860 forsitan
1148 4779 1394 4842 (liceret
1460 4778 1729 4864 aliquis,
1823 4776 1995 4863 qnod
2056 4777 2333 4862 prcecise

775 4904 1050 4980 propter
1106 4895 1435 4959 rationem
1490 4893 1855 4971 solubilem,
1927 4915 1967 4957 a
2025 4913 2328 4978 quocum-

777 5031 898 5096 que
931 5010 1076 5092 fiat,
1104 5031 1240 5076 non
1280 5019 1371 5074 est
1403 5009 1757 5074 tenendum
1787 5008 2054 5094 aliquid
2085 5030 2220 5075 6336
2247 5009 2329 5074 de

777 5128 1145 5193 snb-stantia
1168 5126 1354 5209 fidei,
1402 5147 1518 5190 nec
1558 5127 1794 5209 forsan
1838 5135 2114 5211 propter
2176 5147 2324 5191 con-

776 5243 1138 5308 clusionem
1178 5243 1335 5307 talis
1372 5243 1679 5320 rationiS,
1718 5254 2037 5327 qnatenus
2082 5244 2324 5329 proeci-

770 5379 838 5422 se
870 5369 960 5422 est
996 5379 1117 5444 per
1150 5359 1339 5422 illam
1395 5358 1722 5434 conclusa,
1788 5359 1884 5422 sic
1940 5380 2227 5445 arquens
2257 5380 2324 5423 36

778 5488 1138 5559 eatponeret
1191 5475 1410 5554 morti,
1487 5495 1602 5539 nec
1676 5474 1925 5559 aliquis
1962 5475 2322 5541 secundnm

779 5601 1027 5656 rectam
1076 5592 1405 5656 rationem
1462 5613 1530 5655 36
1603 5589 1863 5656 deberet
1949 5611 2284 5679 exponere
2301 5618 2326 5671 ,-

1973 380 2115 483 1'2113.
2153 421 2883 486 1V.SENTENT1ARUM

2458 596 2711 669 oportet
2751 586 2959 671 iyitnr
3007 585 3248 650 habere
3281 588 3604 671 maJorem
3636 586 3932 649 anctorita-

2448 711 2594 773 tem,
2649 700 2741 765 ad
2778 702 2916 779 hoc,
2960 712 3026 765 nt
3066 701 3333 787 aliquid
3366 710 3670 766 teneatur
3713 721 3827 765 6336
3877 700 3940 764 de

2445 817 2602 899 side,
2647 839 2841 902 qnam
2873 818 3046 904 quod
3079 820 3367 882 Sanctus
3412 818 3664 902 aliquis
3724 818 3807 880 sic
3851 837 3938 878 ar·

2447 944 2605 1017 quat
2635 959 2660 1011 ,·
2689 956 2859 1019 scepc
2888 937 3063 999 enim
3097 936 3244 1020 qnis
3274 937 3528 1021 arquit,
3578 933 3741 1019 quod
3767 934 3937 996 omni·

2452 1071 2535 1116 no
2565 1071 2695 1115 non
2726 1052 2986 1127 asserit,
3029 1052 3180 1116 ticet
3231 1050 3407 1116 illud
3465 1050 3644 1137 quod
3713 1052 3938 1113 Sanctus

2451 1167 2936 1231 antltenticatns
3001 1166 3083 1231 ab
3168 1167 3493 1245 Ecclesia,
3554 1177 3848 1254 quantum
3878 1165 3942 1229 ad

2451 1279 2828 1347 doctrinam
2874 1283 3112 1347 asserit
3150 1302 3285 1345 esse
3316 1280 3695 1357 tenendum,
3735 1282 3811 1344 sit
3842 1302 3944 1343 cer-

2454 1406 2608 1469 tnm.
2661 1408 2878 1463 tamen
2945 1399 3376 1463 auctoritates
3433 1398 3658 1462 ‹tubioe
3722 1406 3945 1483 possunt

2453 1516 2717 1599 erponi,
2752 1527 2879 1581 ete.

2541 1629 2605 1693 Si
2630 1650 2788 1716 ergo
2812 1634 3043 1695 Doctor
3078 1630 3415 1696 veritatem
3481 1630 3633 1695 ndei
3663 1650 3738 1694 ex
3769 1627 3949 1695 sunda-

2461 1759 2678 1810 meuto
2716 1760 2892 1812 certo
2960 1748 3334 1833 investigat,
3386 1767 3513 1812 non
3583 1760 3685 1812 est
3728 1745 3873 1831 quod
3921 1765 3948 1808 a

2456 1862 2608 1925 Soto
2638 1874 2748 1927 aut
2784 1858 3169 1942 Waldensi‚
3233 1863 3336 1928 vel
3379 1862 3527 1928 aliis
3568 1860 3950 1948 reprehenda-

2455 1985 2583 2053 tur,
2618 1977 2803 2063 quasi
2850 1978 2982 2041 vim
3039 1978 3386 2043 abstulerit
3460 1978 3813 2051 traditioni,
3869 1991 3952 2042 aut

2456 2092 2832 2177 scripturae,
2872 2103 2983 2158 aut
3013 2093 3406 2159 testimoniis
3440 2097 3702 2159 Patrum
3742 2093 3815 2158 ad
3845 2113 3953 2179 pro-

2461 2206 2745 2273 bandum
2834 2209 3002 2275 hanc
3056 2210 3427 2289 veritatem,
3492 2209 3669 2298 quod
3735 2209 3956 2275 omniuo

2458 2324 2692 2390 salsum
2744 2338 2865 2391 est.
2912 2328 3061 2391 Haec
3092 2326 3266 2391 enim
3299 2328 3380 2392 ab
3429 2327 3582 2392 aliis
3622 2327 3806 2393 allata
3857 2345 3955 2389 non

2459 2451 2652 2526 negat
2691 2440 2931 2506 habere
2971 2461 3156 2506 suam
3216 2440 3603 2519 efficaciam,
3668 2443 3774 2507 sed
3838 2442 3957 2507 ulte-

2456 2556 2593 2623 rius
2651 2557 3094 2643 progreditur,
3149 2570 3218 2623 ut
3261 2558 3563 2624 ultimum
3627 2557 3956 2623 fundamen·

2454 2692 2595 2746 tum
2657 2692 2724 2747 et
2764 2681 3206 2748 necessarium
3241 2682 3706 2767 investigaret,
3739 2701 3854 2767 quo
3879 2700 3958 2743 ve-

2456 2796 2615 2863 ritas
2684 2798 2825 2865 haec
2897 2800 3263 2865 necessario
3331 2799 3416 2864 sit
3463 2799 3807 2875 credenda,
3848 2810 3954 2863 tan-

2454 2930 2646 2998 quam
2724 2910 2803 2977 de
2895 2913 3261 2979 substantia
3346 2911 3519 2991 fidei,
3613 2913 3783 2999 quod
3861 2931 3957 2976 non

2452 3026 2809 3113 attigerunt
2848 3027 3253 3114 antiquiores
3327 3027 3671 3115 Theologi,
3750 3029 3851 3115 qui
3899 3046 3959 3092 ex

2451 3142 2795 3210 sententiis
2836 3163 2962 3210 non
3023 3144 3392 3211 necessario
3450 3144 3954 3212 concludentibus

2452 3259 2834 3344 procedunt,
2878 3261 3216 3326 autetiam
3257 3261 3422 3327 male
3454 3261 3818 3348 applicatis,

2540 3377 2819 3463 Quiquid
2860 3377 2946 3444 sit
2975 3378 3054 3443 de
3095 3379 3342 3444 intento
3393 3382 3689 3459 Patrum,
3734 3393 3836 3446 aut
3875 3397 3959 3442 ve-

2450 3492 2640 3558 ritate
2688 3506 3012 3571 contenta,
3038 3507 3145 3560 aut
3193 3510 3368 3560 certe
3396 3495 3618 3562 dubiis
3659 3492 3954 3562 sententiis

2453 3619 2598 3692 peto
2647 3606 2712 3675 in
2742 3608 2886 3675 aliis
2943 3610 3330 3678 veritatibus
3379 3612 3551 3678 circa
3600 3613 3724 3679 hoc
3776 3612 3947 3696 ipsum

2453 3726 2836 3809 mysterium
2916 3746 2995 3790 an
3042 3726 3261 3793 omnia
3309 3748 3346 3793 a
3393 3728 3718 3815 principio
3760 3727 3954 3792 suerint

2452 3840 2536 3905 ita
2588 3841 2930 3908 manifesta
2972 3855 3040 3907 ut
3083 3843 3463 3910 haereticum
3533 3857 3710 3911 esset
3765 3864 3831 3909 ea
3873 3862 3955 3906 ne·

2447 3956 2666 4042 gare‘?
2706 3956 2869 4032 Quid
2919 3956 2998 4023 de
3036 3959 3361 4045 Cypriano
3394 3959 3691 4026 dicemus
3756 3957 3948 4025 existi·

2452 4084 2668 4137 mante
2709 4093 2836 4137 non
2871 4073 3074 4140 fuisse
3106 4074 3507 4159 Baptismum
3549 4075 3829 4140 validum
3888 4073 3947 4136 al·

2450 4185 2777 4253 haweticis
2801 4189 3134 4271 collatum,
3179 4202 3291 4255 aut
3339 4203 3526 4255 extra
3584 4190 3943 4257 Ecclesiam

2446 4314 2695 4369 certum
2728 4315 2942 4370 tamen
2985 4319 3087 4370 est
3147 4305 3314 4371 hanc
3361 4307 3703 4372 veritatem
3773 4305 3940 4371 fuisse

2448 4442 2528 4488 ex
2604 4421 2948 4490 traditione
3007 4423 3376 4511 Apostolica
3463 4426 3672 4512 magis
3727 4437 3932 4494 notam,

2447 4559 2640 4626 quam
2701 4539 2987 4626 imprimi
3044 4542 3486 4607 characterem
3575 4564 3688 4629 per
3773 4535 3946 4624 Bapti·

2446 4686 2686 4744 smum,
2744 4678 2813 4731 ut
2884 4665 3188 4752 superius
3235 4687 3383 4733 cum
3425 4671 3696 4734 Doctore
3748 4666 3946 4733 dictum

2443 4795 2563 4862 est,
2607 4794 2830 4869 qnoest.
2870 4786 2934 4851 Ἰ.
2972 4804 3099 4849 non
3145 4783 3413 4851 omnino
3447 4795 3667 4852 tamen
3701 4785 3946 4870 Scriptu-

2445 4917 2534 4976 ra,
2574 4909 2684 4964 aut
2716 4898 2975 4964 traditio
3006 4900 3201 4966 habet
3234 4901 3364 4965 vim
3391 4900 3745 4986 obligandi.
3778 4900 3942 4964 donec

2442 5013 2703 5080 accedat
2772 5013 3217 5101 interpretatio
3277 5015 3611 5097 Ecclesiae,
3693 5029 3758 5081 ut
3809 5027 3944 5100 patet

2396 5119 2409 5136 ⁶
2439 5150 2519 5196 ex
2554 5130 2776 5195 multis
2801 5129 3294 5196 delinitionibus
3333 5131 3413 5196 ab
3449 5131 3751 5211 Ecclesia,
3784 5136 3936 5216 prout

2439 5247 2797 5313 necessitas
2838 5257 2901 5312 et
2947 5267 3138 5313 casus
3177 5246 3469 5314 occurrit
3494 5240 3934 5334 interpretandi,

2442 5360 2817 5449 propositis,
2856 5364 3031 5426 Inter
3069 5362 3245 5445 ipsas
3284 5360 3668 5429 traditiones
3707 5369 3932 5446 Aposto-

2441 5476 2620 5553 licaS‚
2657 5476 2896 5562 aliquae
2934 5476 3262 5564 pertinent
3310 5475 3391 5542 ad
3445 5477 3804 5544 exercitium
3850 5490 3931 5536 au·

2439 5593 2789 5672 ctoritatis;
2827 5593 2973 5658 aliae
3003 5613 3160 5659 vero
3193 5613 3275 5660 ex
3314 5592 3540 5660 divina
3585 5591 3925 5662 ordinatione
