4255 6375
479 2137 651 2191 Galat.
686 2140 741 2192 2.

452 2202 573 2253 Alia
618 2219 768 2253 rausa

454 2265 769 2339 reprobemi-

540 2341 653 2378 oms
663 2370 677 2384 .

564 4607 644 4662 16.

792 365 911 430 368

796 526 1169 619 exempla
1210 525 1620 620 majorum
1653 523 2068 605 imitando,
2107 541 2346 617 quam

796 642 1014 717 foret
1059 643 1549 736 oppositum.

886 761 1329 833 Secundum
1374 761 1623 832 etiam
1663 764 1927 852 potest
1974 757 2345 849 intelligi,

793 875 920 947 vel
981 875 1170 967 quia
1222 876 1687 959 simulabat,
1753 896 1914 948 non
1961 880 2351 968 reputans

796 986 947 1066 hoc
982 996 1222 1093 corde
1262 1017 1440 1068 esse
1485 995 1960 1076 Faciendum,
2007 993 2216 1085 quod
2250 992 2355 1064 fe-

801 1110 908 1183 cit
956 1111 1035 1183 in
1070 1132 1339 1205 opere.
1379 1114 1495 1183 Ex
1541 1111 1811 1205 primo
1852 1110 2067 1183 enim
2101 1109 2350 1191 facto,

803 1227 1008 1317 quod
1062 1225 1254 1300 fecit
1307 1228 1387 1299 in
1445 1227 1813 1301 absentia
1871 1225 2353 1300 nuntiorum

797 1343 1103 1424 Jacobi,
1135 1345 1511 1437 apparuit
1537 1343 1741 1435 quod
1766 1363 1927 1416 non
1960 1342 2216 1416 sensit
2250 1341 2359 1443 fo·

798 1478 887 1530 re
909 1458 1469 1532 abstinendum
1519 1480 1566 1532 a
1598 1459 1984 1533 Gentibus
2019 1478 2356 1532 conver-
2412 1486 2415 1489 ¹

794 1574 907 1646 sis
979 1576 1074 1647 ad
1127 1575 1396 1658 fidem;
1442 1581 1526 1649 et
1587 1576 1668 1648 in
1727 1577 2075 1649 secundo
2138 1572 2353 1646 facto

793 1691 1168 1775 ostendit,
1199 1694 1404 1783 quod
1429 1693 1580 1767 hoc
1616 1699 1832 1768 esset
1866 1692 2352 1767 faciendum.

788 1809 892 1880 Et
923 1809 1018 1880 ad
1062 1808 1314 1882 istum
1365 1810 1870 1885 intellectum
1923 1812 2193 1904 potest
2240 1828 2356 1881 re-

787 1924 990 1997 ferri
1025 1925 1217 1999 illud
1244 1928 1581 2001 verbum
1624 1928 1852 2002 Pauli
1882 1953 1896 1998 ε
1925 1932 2352 1997 simulationi
2380 2010 2387 2013 „

794 2048 936 2132 ejus
974 2058 1451 2113 consenserant
1508 2050 1757 2131 centeri,
1815 2048 2034 2115 Galat.
2093 2047 2161 2117 2.
2205 2044 2351 2116 Vel

793 2163 1067 2252 posset
1110 2162 1554 2233 secundum
1614 2162 1773 2235 dici
1846 2161 2357 2255 reprehensi-

791 2276 975 2362 bile,
1021 2258 1208 2369 quia
1252 2298 1409 2350 non
1442 2278 1825 2353 utebatur
1857 2281 2356 2355 auctoritate

799 2396 1159 2471 Praelati.
1200 2400 1400 2471 Cum
1450 2395 1662 2470 enim
1706 2403 1923 2472 esset
1968 2400 2351 2491 superior

796 2510 960 2582 illis
993 2512 1302 2586 nuntiis
1345 2513 1655 2595 Jacobi,
1718 2514 1975 2607 magis
2016 2515 2346 2589 debebat

793 2626 964 2719 ipse
1032 2629 1484 2703 veritatem
1543 2635 2024 2705 constanter
2077 2636 2355 2705 tenere

792 2740 872 2813 in
899 2763 1166 2835 opere,
1197 2751 1276 2822 et
1309 2765 1448 2817 eos
1484 2746 1872 2819 adducere
1898 2747 1990 2819 ad
2025 2749 2357 2822 rectitu-

790 2857 1053 2931 dinem
1113 2881 1370 2945 suam,
1426 2883 1682 2954 quam
1722 2867 2064 2955 propter
2116 2863 2355 2937 timo-

793 2996 968 3048 rem
1046 2997 1328 3048 eoru.u
1409 2977 1626 3052 flecti
1686 2980 1780 3051 ad
1849 2979 2067 3061 illud,
2143 2981 2349 3072 quod

788 3096 968 3165 erat
1000 3091 1117 3164 eis
1167 3092 1586 3185 placitum,
1631 3095 1762 3167 vel
1816 3096 2076 3187 magis
2126 3117 2352 3169 acce-

792 3214 1068 3299 ptum;
1121 3212 1200 3282 et
1249 3210 1443 3284 talis
1490 3212 1876 3285 remissio
1937 3233 2074 3285 seu
2136 3213 2357 3286 timi-

790 3322 998 3398 ditas
1087 3327 1417 3401 Praelati
1528 3333 1654 3403 est
1742 3349 1890 3421 pro
1971 3334 2341 3422 tempore

796 3442 1463 3532 reprehensibilis
1504 3470 1518 3525 ;
1560 3449 1641 3518 et
1683 3445 1779 3518 ad
1832 3445 2078 3519 istum
2127 3446 2353 3518 intel-

793 3556 1141 3648 lectum,
1187 3564 1458 3650 potest
1540 3561 1861 3643 referri,
1952 3561 2161 3653 quod
2238 3561 2353 3637 ait

793 3674 1118 3757 Paulus,
1201 3679 1420 3746 Galat.
1490 3679 1560 3748 2.
1642 3681 2046 3768 Seyreyabat
2122 3703 2193 3747 se
2266 3682 2351 3747 ab

784 3794 964 3873 aliis,
1038 3796 1277 3860 timens
1352 3796 1809 3862 circumcisos.
1885 3794 2068 3865 Non
2137 3795 2350 3866 enim

784 3912 967 3982 erat
1014 3908 1122 3980 ibi
1163 3930 1353 3982 vere
1413 3908 1693 3992 timor,
1733 3910 1920 4001 quia
1967 3912 2351 4004 simplici-

785 4027 917 4096 ter
950 4024 1479 4117 licitumjerat
1511 4027 1812 4099 Judaeis
1872 4048 2035 4102 non
2071 4050 2352 4101 serva-

790 4159 878 4211 re
918 4139 1205 4231 legem,
1250 4145 1331 4214 et
1370 4141 1722 4214 maxime
1755 4144 2069 4234 quando
2104 4149 2343 4219 erant

791 4254 1007 4330 inter
1040 4260 1375 4340 Gentes;
1430 4262 1509 4331 et
1564 4259 1712 4332 hoc
1745 4259 2012 4335 debuit
2047 4262 2346 4333 Petrus

793 4373 1165 4465 exemplo
1271 4394 1420 4445 suo
1527 4375 1947 4449 ostendere
2037 4378 2347 4451 nuntiis

799 4488 989 4571 illis,
1038 4493 1426 4581 tanquam
1462 4491 1630 4563 suis
1674 4492 2227 4566 inferioribus.

882 4606 998 4678 De
1031 4605 1373 4697 singulis
1408 4606 1758 4680 istorum
1793 4613 2146 4701 quatuor
2183 4629 2355 4702 pos·

797 4726 920 4794 set
968 4721 1263 4796 discuti
1323 4722 1700 4814 qualiter,
1765 4725 1890 4797 vel
1960 4728 2351 4818 quantum

794 4843 1011 4911 esset
1065 4838 1737 4931 reprehensibile;
1790 4847 1871 4915 et
1923 4841 1991 4914 si
2034 4844 2351 4935 possint

787 4956 1036 5036 verba
1105 4955 1335 5029 Pauli
1407 4955 1487 5028 in
1559 4956 1988 5051 Scriptura
2040 4960 2354 5038 salvari

793 5071 1083 5145 ibidem
1116 5097 1262 5162 cap.
1312 5072 1602 5145 melius
1643 5080 1768 5148 est
1805 5076 2094 5157 dicere,
2143 5078 2353 5168 quod

788 5210 1294 5283 quocumque
1387 5189 1738 5263 istorum
1828 5192 1935 5265 ibi
2020 5192 2349 5303 fuisset,

436 5315 764 5432 Pfftxglipguninm
793 5307 1062 5398 potius
1113 5305 1364 5379 fuisse
1429 5307 1746 5404 veniale
1817 5330 2057 5403 quam
2132 5329 2351 5383 mor-

461 5442 734 5571 {imiiiffi’
790 5424 977 5497 tale.
1033 5424 1197 5498 Nec
1263 5428 1531 5517 potest
1596 5425 1971 5500 excusari
2022 5427 2348 5510 Petrus,

547 5568 665 5623 fuit.

796 5541 1004 5639 quod
1044 5540 1195 5619 hoc
1249 5542 1556 5616 faceret
1618 5547 1960 5639 propter
2022 5544 2344 5618 scanda-

1963 360 2109 424 Lm.
2136 359 2237 422 lv.
2272 356 2866 424 SENTENTIARUM

2462 519 2630 591 lum
2729 518 3193 591 Judaeorum
3290 514 3722 609 vitandum,
3801 513 3945 607 quia

2465 654 2625 707 non
2674 640 2856 709 erat
2909 634 3016 708 ibi
3069 633 3417 707 materia
3460 631 3795 706 scandali
3824 652 3954 724 per·

2463 750 2725 830 fectis,
2771 770 3025 841 neque
3080 747 3472 842 parvuliS,
3519 748 3652 820 sed
3696 749 3954 820 tantum

2467 865 2942 947 Pharisaeis;
3018 866 3110 939 de
3188 885 3343 957 quo
3417 862 3781 937 scandalo
3836 882 3957 947 non

2462 1003 2641 1055 esse
2725 983 3173 1055 curandum
3286 982 3518 1053 docet
3613 979 3953 1059 Christus,

2470 1098 2757 1173 Matth.
2806 1102 2914 1171 15.
2951 1098 3080 1171 cui
3155 1118 3340 1170 cum
3372 1095 3760 1168 dixissent
3787 1094 3962 1167 disci-

2470 1214 2635 1307 puli
2680 1242 2699 1284 .·
2745 1219 2914 1297 Seia,
2960 1219 3120 1304 quia
3148 1217 3380 1283 audito
3410 1217 3532 1281 hoc
3560 1215 3747 1280 uerbo
3774 1214 3995 1301 Phari·-

2467 1336 2588 1399 soei
2638 1333 3091 1399 scandalizati
3147 1344 3323 1407 sant,
3389 1326 3701 1401 Scilicet
3744 1328 3826 1399 de
3871 1347 3960 1399 00·

2474 1446 2850 1519 medendo
2892 1445 3192 1538 absque
3249 1444 3560 1518 lotione
3606 1463 3959 1521 manuum,

2473 1562 2912 1655 respondit,
3033 1565 3208 1652 qaod
3278 1567 3457 1630 enim
3524 1566 3734 1628 intrat
3788 1564 3846 1625 in
3891 1580 4085 1637 canath.

2470 1704 2607 1748 non
2677 1684 3069 1769 coinquinat
3133 1683 3492 1762 hominem,
3564 1681 3719 1750 etc.
3786 1675 3965 1767 quasi

2469 1797 2798 1881 diceret,
2859 1818 3022 1869 non
3080 1797 3389 1871 curetis
3446 1796 3537 1868 de
3602 1795 3744 1868 illo
3792 1813 3967 1867 scan-

2469 1915 2651 1988 dalo
2696 1942 2709 1987 :
2769 1920 2988 1984 Sinite
3040 1918 3214 1998 illos,
3279 1919 3436 1983 caeei
3478 1927 3660 1993 siant,
3714 1927 3770 1980 et
3820 1914 3968 1980 duces

2469 2056 2814 2101 caecorum.
2923 2032 3113 2104 Tale
3203 2036 3476 2104 autem
3556 2029 3969 2102 scandalum

2470 2148 2762 2224 fuisset
2806 2150 2979 2232 hoc,
3028 2149 3213 2243 quia
3252 2168 3352 2222 ex
3404 2166 3705 2239 genere
3762 2136 3970 2224 actus,

2469 2265 2738 2338 nullus
2773 2263 3042 2339 debuit
3075 2263 3640 2343 scandalizari,
3677 2260 3826 2333 nisi
3856 2281 3976 2333 ma·

2469 2382 2544 2453 le
2600 2379 2955 2454 sentiens
3014 2381 3105 2453 de
3165 2379 3546 2453 libertate
3610 2375 3976 2467 Evangeli-

2471 2518 2586 2570 ca.
2634 2500 2798 2571 Nec
2846 2518 2988 2591 per
3046 2497 3396 2570 similem
3469 2495 3862 2570 rationem
3907 2494 4063 2605 (1οέἓέ

2471 2615 2850 2689 scandalo
2891 2613 3245 2695 vitando,
3311 2618 3581 2706 potest
3644 2609 3975 2685 excusari

2471 2730 2771 2803 Paulus
2860 2729 2940 2803 in
3015 2728 3673 2804 circumcidendo
3757 2728 3975 2800 Timo·

2469 2846 2772 2929 theum,
2852 2845 2980 2918 vel
3069 2845 3567 2938 purificando
3651 2866 3757 2924 se,
3834 2843 3979 2937 quia

2466 2963 2781 3036 nullum
2860 2961 3241 3037 illicitum
3314 2965 3442 3036 est
3508 2960 3979 3036 committen-

2468 3090 2680 3172 dum,
2720 3094 3060 3182 propter
3094 3089 3561 3162 scandalum
3600 3088 3981 3182 quodcum·

2470 3226 2620 3297 que
2653 3206 3095 3280 vitandum.
3131 3206 3350 3278 Unde
3388 3209 3677 3275 Exti-av.
3721 3209 3798 3273 de
3831 3228 3983 3293 reffe-

2468 3326 2553 3391 tis
2574 3328 2758 3412 juris
2800 3352 2821 3391 .·
2865 3322 3013 3405 Qui
3049 3322 3757 3406 scandalizaverit,
3791 3323 3981 3389 utilius

2464 3442 2858 3507 scandalum
2895 3443 3086 3508 nasei
3120 3442 3560 3528 permittitur,
3628 3463 3821 3529 quam
3846 3439 3981 3505 veri·

2466 3577 2568 3632 tas
2596 3568 3047 3652 relinquatur.
3086 3563 3199 3635 Ad
3238 3561 3502 3636 minus
3548 3562 3704 3636 hoc
3740 3579 3982 3633 verum

2465 3682 2590 3752 est
2643 3700 2790 3772 pro
2840 3679 3194 3753 veritate
3239 3678 3429 3752 vitae
3476 3679 3556 3750 in
3594 3676 3982 3771 praeceptis

2465 3788 2871 3880 negativis
2934 3808 3256 3881 semper
3333 3790 3415 3861 et
3463 3808 3619 3880 pro
3676 3804 3982 3878 semper.

2465 3909 2545 3978 et
2613 3904 2693 3976 in
2761 3903 3281 3976 affirmativis
3387 3924 3535 3995 pro
3622 3909 3981 3996 tempore,

2469 4040 2617 4113 pro
2653 4041 2808 4113 quo
2845 4025 3032 4094 sunt
3073 4020 3604 4113 adimplenda.

2554 4137 2933 4210 Breviter
2973 4155 3171 4228 ergo
3207 4135 3504 4208 Paulus
3550 4136 3773 4211 licite
3805 4135 3981 4207 inter
4023 4206 4074 4247 ,Ἠ

2466 4252 2785 4325 Judaeos
2892 4254 3250 4325 servavit
3349 4251 3681 4343 legalia,
3774 4250 3980 4324 etiam

2469 4369 2724 4441 multo
2770 4374 3136 4462 tempore
3196 4373 3380 4461 post
3431 4369 3775 4443 tertium
3822 4371 3980 4441 Con·

2466 4489 2772 4572 cilium,
2836 4495 2918 4564 et
2982 4491 3131 4563 hoc
3190 4489 3342 4565 fuit
3419 4489 3766 4572 licitum,
3831 4489 4085 4564 dumior

2468 4612 2737 4682 tamen
2820 4606 2992 4699 ipse
3079 4626 3237 4679 non
3315 4611 3664 4698 poneret
3739 4606 3814 4677 in
3887 4575 4088 4679 eisffiss

2468 4743 2720 4815 spem,
2785 4722 2977 4796 licet
3045 4742 3203 4794 non
3281 4727 3498 4795 esset
3578 4722 3801 4802 utile,
3863 4736 3975 4790 nee

2467 4838 3053 4912 necessarium.

2560 4958 2785 5030 Inter
2826 4959 3122 5030 Gentes
3162 4958 3434 5028 autem
3496 4949 3873 5028 Gentibus
3915 4968 3976 5019 se

2467 5074 3040 5156 conformavit,
3080 5074 3270 5166 quia
3304 5072 3535 5145 licuit
3570 5072 3724 5146 sibi
3765 5072 3975 5161 legem

2469 5214 2629 5265 non
2667 5212 3027 5274 servare,
3064 5211 3210 5285 pro
3247 5190 3388 5263 illo
3434 5191 3782 5263 secundo
3823 5193 3976 5260 tem-

2470 5328 2665 5400 pore
2733 5306 3161 5401 Baptismi.
3234 5308 3528 5380 Petrus
3611 5311 3866 5380 autem
3916 5299 3974 5368 in

2466 5425 2990 5516 Jerosolyma
3076 5409 3414 5496 servans
3494 5422 3784 5515 legem,
3849 5431 3971 5487 non

2468 5540 2859 5638 peccavit,
2949 5538 3136 5635 quia
3213 5537 3445 5612 licuit
3532 5537 3839 5621 Judaeo,
3910 5531 3969 5604 et
