<?xml version="1.0" encoding="UTF-8"?>
<!DOCTYPE html PUBLIC "-//W3C//DTD XHTML 1.0 Transitional//EN"
    "http://www.w3.org/TR/xhtml1/DTD/xhtml1-transitional.dtd">
<html xmlns="http://www.w3.org/1999/xhtml" xml:lang="en" lang="en">
 <head>
  <title>
</title>
<meta http-equiv="Content-Type" content="text/html;charset=utf-8" />
  <meta name='ocr-system' content='tesseract 3.04.00' />
  <meta name='ocr-capabilities' content='ocr_page ocr_carea ocr_par ocr_line ocrx_word'/>
</head>
<body>
  <div class='ocr_page' id='page_1' title='image "./joannisdunsscot02waddgoog_0086.png"; bbox 0 0 4255 6375; ppageno 0'>
   <div class='ocr_carea' id='block_1_1' title="bbox 727 384 812 449">
    <p class='ocr_par' dir='ltr' id='par_1_1' title="bbox 727 384 812 449">
     <span class='ocr_line' id='line_1_1' title="bbox 727 384 812 449; baseline 0 0"><span class='ocrx_word' id='word_1_1' title='bbox 727 384 812 449; x_wconf 85' lang='lat'><strong>80</strong></span> 
     </span>
    </p>
   </div>
   <div class='ocr_carea' id='block_1_2' title="bbox 735 572 2285 661">
    <p class='ocr_par' dir='ltr' id='par_1_2' title="bbox 735 572 2285 661">
     <span class='ocr_line' id='line_1_2' title="bbox 735 572 2285 661; baseline 0.001 -22"><span class='ocrx_word' id='word_1_2' title='bbox 735 574 869 640; x_wconf 92' lang='lat' dir='ltr'><strong>lum</strong></span> <span class='ocrx_word' id='word_1_3' title='bbox 909 572 1170 641; x_wconf 86' lang='lat' dir='ltr'><strong>finitum</strong></span> <span class='ocrx_word' id='word_1_4' title='bbox 1222 585 1437 661; x_wconf 87' lang='lat' dir='ltr'><strong>potest</strong></span> <span class='ocrx_word' id='word_1_5' title='bbox 1466 596 1613 642; x_wconf 91' lang='lat' dir='ltr'><strong>esse</strong></span> <span class='ocrx_word' id='word_1_6' title='bbox 1672 577 1834 642; x_wconf 92' lang='lat' dir='ltr'><strong>ratio</strong></span> <span class='ocrx_word' id='word_1_7' title='bbox 1876 573 2285 661; x_wconf 88' lang='lat' dir='ltr'><strong>intelligendi</strong></span> 
     </span>
    </p>
   </div>
   <div class='ocr_carea' id='block_1_3' title="bbox 1896 383 2838 448">
    <p class='ocr_par' dir='ltr' id='par_1_3' title="bbox 1896 383 2838 448">
     <span class='ocr_line' id='line_1_3' title="bbox 1896 383 2838 448; baseline 0 -1"><span class='ocrx_word' id='word_1_8' title='bbox 1896 385 2039 448; x_wconf 75' lang='lat' dir='ltr'><strong>Lm.</strong></span> <span class='ocrx_word' id='word_1_9' title='bbox 2089 384 2188 445; x_wconf 86' lang='lat' dir='ltr'><strong>IV.</strong></span> <span class='ocrx_word' id='word_1_10' title='bbox 2239 383 2838 447; x_wconf 77' lang='lat' dir='ltr'><strong>SEN&#39;I&#39;ENTIARUM</strong></span> 
     </span>
    </p>
   </div>
   <div class='ocr_carea' id='block_1_4' title="bbox 2402 566 3954 662">
    <p class='ocr_par' dir='ltr' id='par_1_4' title="bbox 2402 566 3954 662">
     <span class='ocr_line' id='line_1_4' title="bbox 2402 566 3954 662; baseline -0.005 -22"><span class='ocrx_word' id='word_1_11' title='bbox 2402 574 2600 655; x_wconf 88' lang='lat' dir='ltr'><strong>ctiva,</strong></span> <span class='ocrx_word' id='word_1_12' title='bbox 2636 586 2701 641; x_wconf 88' lang='lat' dir='ltr'><strong>et</strong></span> <span class='ocrx_word' id='word_1_13' title='bbox 2728 574 2824 640; x_wconf 92' lang='lat' dir='ltr'><strong>sic</strong></span> <span class='ocrx_word' id='word_1_14' title='bbox 2854 571 3067 662; x_wconf 89' lang='lat' dir='ltr'><strong>quoad</strong></span> <span class='ocrx_word' id='word_1_15' title='bbox 3103 570 3296 640; x_wconf 85' lang='lat' dir='ltr'><strong>talem</strong></span> <span class='ocrx_word' id='word_1_16' title='bbox 3347 569 3796 659; x_wconf 85' lang='lat' dir='ltr'><strong>cognitionem</strong></span> <span class='ocrx_word' id='word_1_17' title='bbox 3835 566 3954 633; x_wconf 91' lang='lat' dir='ltr'><strong>ob-</strong></span> 
     </span>
    </p>
   </div>
   <div class='ocr_carea' id='block_1_5' title="bbox 738 687 3959 779">
    <p class='ocr_par' dir='ltr' id='par_1_5' title="bbox 738 687 3959 779">
     <span class='ocr_line' id='line_1_5' title="bbox 738 687 3959 779; baseline -0 -27"><span class='ocrx_word' id='word_1_18' title='bbox 738 688 1067 759; x_wconf 85' lang='lat' dir='ltr'><strong>infinitum</strong></span> <span class='ocrx_word' id='word_1_19' title='bbox 1101 689 1412 779; x_wconf 79' lang='lat' dir='ltr'><strong>perfecte,</strong></span> <span class='ocrx_word' id='word_1_20' title='bbox 1447 691 1512 757; x_wconf 94' lang='lat' dir='ltr'><strong>id</strong></span> <span class='ocrx_word' id='word_1_21' title='bbox 1543 704 1667 772; x_wconf 91' lang='lat' dir='ltr'><strong>est,</strong></span> <span class='ocrx_word' id='word_1_22' title='bbox 1709 692 2015 759; x_wconf 85' lang='lat' dir='ltr'><strong>distincte</strong></span> <span class='ocrx_word' id='word_1_23' title='bbox 2069 703 2137 757; x_wconf 92' lang='lat' dir='ltr'><strong>et</strong></span> <span class='ocrx_word' id='word_1_24' title='bbox 2166 689 2290 756; x_wconf 92' lang='lat' dir='ltr'><strong>sub</strong></span> <span class='ocrx_word' id='word_1_25' title='bbox 2391 690 2641 777; x_wconf 88' lang='lat' dir='ltr'><strong>jectum</strong></span> <span class='ocrx_word' id='word_1_26' title='bbox 2728 691 3012 776; x_wconf 89' lang='lat' dir='ltr'><strong>primum</strong></span> <span class='ocrx_word' id='word_1_27' title='bbox 3105 711 3255 757; x_wconf 90' lang='lat' dir='ltr'><strong>esse</strong></span> <span class='ocrx_word' id='word_1_28' title='bbox 3317 690 3526 776; x_wconf 84' lang='lat' dir='ltr'>ipsam</span> <span class='ocrx_word' id='word_1_29' title='bbox 3596 687 3959 755; x_wconf 81' lang='lat' dir='ltr'><strong>essentiam</strong></span> 
     </span>
    </p>
   </div>
   <div class='ocr_carea' id='block_1_6' title="bbox 426 805 2296 1011">
    <p class='ocr_par' dir='ltr' id='par_1_6' title="bbox 426 805 2296 1011">
     <span class='ocr_line' id='line_1_6' title="bbox 426 805 2291 894; baseline -0.003 -20"><span class='ocrx_word' id='word_1_30' title='bbox 426 818 673 889; x_wconf 65' lang='lat' dir='ltr'><strong>Nihitest</strong></span> <span class='ocrx_word' id='word_1_31' title='bbox 743 807 994 873; x_wconf 89' lang='lat' dir='ltr'><strong>ratione</strong></span> <span class='ocrx_word' id='word_1_32' title='bbox 1055 808 1340 894; x_wconf 89' lang='lat' dir='ltr'><strong>propria,</strong></span> <span class='ocrx_word' id='word_1_33' title='bbox 1403 806 1575 894; x_wconf 91' lang='lat' dir='ltr'><strong>quod</strong></span> <span class='ocrx_word' id='word_1_34' title='bbox 1643 820 1815 873; x_wconf 88' lang='lat' dir='ltr'><strong>recte</strong></span> <span class='ocrx_word' id='word_1_35' title='bbox 1857 808 2083 893; x_wconf 88' lang='lat' dir='ltr'><strong>probat</strong></span> <span class='ocrx_word' id='word_1_36' title='bbox 2126 805 2291 873; x_wconf 88' lang='lat' dir='ltr'><strong>ratio</strong></span> 
     </span>
     <span class='ocr_line' id='line_1_7' title="bbox 448 888 2296 1011; baseline -0.004 -18"><span class='ocrx_word' id='word_1_37' title='bbox 448 888 671 1010; x_wconf 47' lang='lat' dir='ltr'><strong>prssnfigeta</strong></span> <span class='ocrx_word' id='word_1_38' title='bbox 751 942 1057 1010; x_wconf 85' lang='lat' dir='ltr'><strong>sequens,</strong></span> <span class='ocrx_word' id='word_1_39' title='bbox 1103 924 1257 1011; x_wconf 92' lang='lat' dir='ltr'><strong>quia</strong></span> <span class='ocrx_word' id='word_1_40' title='bbox 1334 923 1497 989; x_wconf 86' lang='lat' dir='ltr'><strong>nihil</strong></span> <span class='ocrx_word' id='word_1_41' title='bbox 1543 936 1749 1010; x_wconf 87' lang='lat' dir='ltr'><strong>potest</strong></span> <span class='ocrx_word' id='word_1_42' title='bbox 1790 943 1953 989; x_wconf 90' lang='lat' dir='ltr'><strong>esse·</strong></span> <span class='ocrx_word' id='word_1_43' title='bbox 1985 923 2148 989; x_wconf 81' lang='lat' dir='ltr'><strong>ratio</strong></span> <span class='ocrx_word' id='word_1_44' title='bbox 2187 943 2296 988; x_wconf 89' lang='lat' dir='ltr'><strong>co-</strong></span> 
     </span>
    </p>
   </div>
   <div class='ocr_carea' id='block_1_7' title="bbox 421 1019 2290 1126">
    <p class='ocr_par' dir='ltr' id='par_1_7' title="bbox 421 1019 2290 1126">
     <span class='ocr_line' id='line_1_8' title="bbox 421 1019 2290 1126; baseline -0.001 -20"><span class='ocrx_word' id='word_1_45' title='bbox 421 1019 725 1120; x_wconf 53' lang='grc' dir='ltr'><strong>οοεᾎῗωω</strong></span> <span class='ocrx_word' id='word_1_46' title='bbox 754 1041 1111 1126; x_wconf 88' lang='lat' dir='ltr'><strong>gnoscendi</strong></span> <span class='ocrx_word' id='word_1_47' title='bbox 1144 1040 1269 1106; x_wconf 91' lang='lat' dir='ltr'><strong>alia</strong></span> <span class='ocrx_word' id='word_1_48' title='bbox 1307 1060 1341 1105; x_wconf 92' lang='lat' dir='ltr'><strong>a</strong></span> <span class='ocrx_word' id='word_1_49' title='bbox 1381 1060 1453 1106; x_wconf 92' lang='lat' dir='ltr'><strong>se</strong></span> <span class='ocrx_word' id='word_1_50' title='bbox 1520 1039 1801 1125; x_wconf 82' lang='lat' dir='ltr'><strong>perfecte</strong></span> <span class='ocrx_word' id='word_1_51' title='bbox 1857 1052 1922 1105; x_wconf 89' lang='lat' dir='ltr'><strong>et</strong></span> <span class='ocrx_word' id='word_1_52' title='bbox 1958 1038 2290 1117; x_wconf 86' lang='lat' dir='ltr'><strong>distincte,</strong></span> 
     </span>
    </p>
   </div>
   <div class='ocr_carea' id='block_1_8' title="bbox 415 1130 2296 1245">
    <p class='ocr_par' dir='ltr' id='par_1_8' title="bbox 415 1130 2296 1245">
     <span class='ocr_line' id='line_1_9' title="bbox 415 1130 2296 1245; baseline -0.001 -21"><span class='ocrx_word' id='word_1_53' title='bbox 415 1130 679 1245; x_wconf 52' lang='grc' dir='ltr'><strong>ξξξξηῖζῗ</strong></span> <span class='ocrx_word' id='word_1_54' title='bbox 752 1155 876 1222; x_wconf 90' lang='lat' dir='ltr'><strong>nisi</strong></span> <span class='ocrx_word' id='word_1_55' title='bbox 914 1156 1281 1224; x_wconf 81' lang='lat' dir='ltr'><strong>eminenter</strong></span> <span class='ocrx_word' id='word_1_56' title='bbox 1318 1156 1647 1224; x_wconf 90' lang='lat' dir='ltr'><strong>contineat</strong></span> <span class='ocrx_word' id='word_1_57' title='bbox 1695 1158 1761 1223; x_wconf 91' lang='lat' dir='ltr'><strong>in</strong></span> <span class='ocrx_word' id='word_1_58' title='bbox 1818 1177 1889 1223; x_wconf 88' lang='lat' dir='ltr'><strong>se</strong></span> <span class='ocrx_word' id='word_1_59' title='bbox 1935 1157 2156 1223; x_wconf 89' lang='lat' dir='ltr'><strong>omnia</strong></span> <span class='ocrx_word' id='word_1_60' title='bbox 2186 1155 2296 1224; x_wconf 92' lang='lat' dir='ltr'><strong>illa</strong></span> 
     </span>
    </p>
   </div>
   <div class='ocr_carea' id='block_1_9' title="bbox 387 1257 2301 5543">
    <p class='ocr_par' dir='ltr' id='par_1_9' title="bbox 387 1257 2299 2283">
     <span class='ocr_line' id='line_1_10' title="bbox 388 1257 2295 1370; baseline 0.001 -42"><span class='ocrx_word' id='word_1_61' title='bbox 388 1257 672 1370; x_wconf 53' lang='lat' dir='ltr'><strong>emigzffir</strong></span> <span class='ocrx_word' id='word_1_62' title='bbox 743 1263 1105 1331; x_wconf 89' lang='lat' dir='ltr'><strong>secundum</strong></span> <span class='ocrx_word' id='word_1_63' title='bbox 1149 1258 1860 1351; x_wconf 89' lang='lat' dir='ltr'><strong>intelligibilitatem,et</strong></span> <span class='ocrx_word' id='word_1_64' title='bbox 1889 1284 2295 1351; x_wconf 90' lang='lat' dir='ltr'><strong>consequen·</strong></span> 
     </span>
     <span class='ocr_line' id='line_1_11' title="bbox 387 1357 2298 1495; baseline -0.002 -48"><span class='ocrx_word' id='word_1_65' title='bbox 387 1357 689 1495; x_wconf 52' lang='lat' dir='ltr'><strong>virtgffim’</strong></span> <span class='ocrx_word' id='word_1_66' title='bbox 739 1391 839 1447; x_wconf 89' lang='lat' dir='ltr'><strong>ter</strong></span> <span class='ocrx_word' id='word_1_67' title='bbox 868 1380 1229 1447; x_wconf 86' lang='lat' dir='ltr'><strong>secundum</strong></span> <span class='ocrx_word' id='word_1_68' title='bbox 1261 1381 1596 1448; x_wconf 81' lang='lat' dir='ltr'><strong>entitatem</strong></span> <span class='ocrx_word' id='word_1_69' title='bbox 1621 1405 1636 1459; x_wconf 87' lang='lat'>;</span> <span class='ocrx_word' id='word_1_70' title='bbox 1663 1381 1948 1448; x_wconf 85' lang='lat' dir='ltr'><strong>essentia</strong></span> <span class='ocrx_word' id='word_1_71' title='bbox 1967 1378 2202 1467; x_wconf 81' lang='lat' dir='ltr'><strong>Angeli</strong></span> <span class='ocrx_word' id='word_1_72' title='bbox 2223 1378 2298 1445; x_wconf 84' lang='lat' dir='ltr'><strong>fi-</strong></span> 
     </span>
     <span class='ocr_line' id='line_1_12' title="bbox 686 1481 2299 1583; baseline -0.001 -22"><span class='ocrx_word' id='word_1_73' title='bbox 686 1481 702 1498; x_wconf 77' lang='grc'><strong><em>’</em></strong></span> <span class='ocrx_word' id='word_1_74' title='bbox 740 1495 874 1562; x_wconf 91' lang='lat' dir='ltr'><strong>nita</strong></span> <span class='ocrx_word' id='word_1_75' title='bbox 914 1508 1038 1578; x_wconf 87' lang='lat' dir='ltr'><strong>est,</strong></span> <span class='ocrx_word' id='word_1_76' title='bbox 1117 1517 1276 1583; x_wconf 90' lang='lat' dir='ltr'><strong>ergo</strong></span> <span class='ocrx_word' id='word_1_77' title='bbox 1318 1516 1532 1583; x_wconf 91' lang='lat' dir='ltr'><strong>neque</strong></span> <span class='ocrx_word' id='word_1_78' title='bbox 1598 1500 1826 1576; x_wconf 91' lang='lat' dir='ltr'><strong>Deum,</strong></span> <span class='ocrx_word' id='word_1_79' title='bbox 1893 1515 2105 1583; x_wconf 91' lang='lat' dir='ltr'><strong>neque</strong></span> <span class='ocrx_word' id='word_1_80' title='bbox 2172 1495 2299 1562; x_wconf 90' lang='lat' dir='ltr'><strong>alia</strong></span> 
     </span>
     <span class='ocr_line' id='line_1_13' title="bbox 735 1611 2297 1699; baseline -0.001 -22"><span class='ocrx_word' id='word_1_81' title='bbox 735 1632 885 1698; x_wconf 82' lang='lat' dir='ltr'><strong>quae</strong></span> <span class='ocrx_word' id='word_1_82' title='bbox 927 1632 1054 1678; x_wconf 91' lang='lat' dir='ltr'><strong>non</strong></span> <span class='ocrx_word' id='word_1_83' title='bbox 1088 1611 1183 1678; x_wconf 91' lang='lat' dir='ltr'><strong>sic</strong></span> <span class='ocrx_word' id='word_1_84' title='bbox 1211 1612 1574 1692; x_wconf 88' lang='lat' dir='ltr'><strong>continent,</strong></span> <span class='ocrx_word' id='word_1_85' title='bbox 1614 1623 1829 1698; x_wconf 84' lang='lat' dir='ltr'><strong>potest</strong></span> <span class='ocrx_word' id='word_1_86' title='bbox 1866 1623 2297 1699; x_wconf 84' lang='lat' dir='ltr'><strong>repraesenta-</strong></span> 
     </span>
     <span class='ocr_line' id='line_1_14' title="bbox 731 1726 2295 1816; baseline -0.001 -22"><span class='ocrx_word' id='word_1_87' title='bbox 731 1749 803 1795; x_wconf 92' lang='lat' dir='ltr'><strong>re</strong></span> <span class='ocrx_word' id='word_1_88' title='bbox 839 1740 1148 1816; x_wconf 82' lang='lat' dir='ltr'><strong>tanquam</strong></span> <span class='ocrx_word' id='word_1_89' title='bbox 1199 1728 1484 1816; x_wconf 87' lang='lat' dir='ltr'><strong>perfecta</strong></span> <span class='ocrx_word' id='word_1_90' title='bbox 1526 1729 1694 1795; x_wconf 91' lang='lat' dir='ltr'><strong>ratio</strong></span> <span class='ocrx_word' id='word_1_91' title='bbox 1726 1727 2167 1814; x_wconf 87' lang='lat' dir='ltr'><strong>cognoscendi</strong></span> <span class='ocrx_word' id='word_1_92' title='bbox 2223 1726 2295 1793; x_wconf 92' lang='lat' dir='ltr'><strong>il-</strong></span> 
     </span>
     <span class='ocr_line' id='line_1_15' title="bbox 727 1843 2297 1926; baseline -0.002 -15"><span class='ocrx_word' id='word_1_93' title='bbox 727 1844 812 1914; x_wconf 90' lang='lat' dir='ltr'><strong>la.</strong></span> <span class='ocrx_word' id='word_1_94' title='bbox 847 1845 1160 1913; x_wconf 85' lang='lat' dir='ltr'><strong>Videatur</strong></span> <span class='ocrx_word' id='word_1_95' title='bbox 1208 1848 1374 1913; x_wconf 78' lang='lat' dir='ltr'><strong>locis</strong></span> <span class='ocrx_word' id='word_1_96' title='bbox 1419 1848 1665 1926; x_wconf 66' lang='lat' dir='ltr'><strong>citatiS,</strong></span> <span class='ocrx_word' id='word_1_97' title='bbox 1724 1845 1832 1912; x_wconf 88' lang='lat' dir='ltr'><strong>ubi</strong></span> <span class='ocrx_word' id='word_1_98' title='bbox 1866 1844 2034 1911; x_wconf 89' lang='lat' dir='ltr'><strong>hanc</strong></span> <span class='ocrx_word' id='word_1_99' title='bbox 2083 1843 2297 1911; x_wconf 86' lang='lat' dir='ltr'><strong>maxi-</strong></span> 
     </span>
     <span class='ocr_line' id='line_1_16' title="bbox 729 1962 2295 2051; baseline 0 -22"><span class='ocrx_word' id='word_1_100' title='bbox 729 1983 901 2029; x_wconf 91' lang='lat' dir='ltr'><strong>mam</strong></span> <span class='ocrx_word' id='word_1_101' title='bbox 934 1963 1181 2050; x_wconf 80' lang='lat' dir='ltr'><strong>saepius</strong></span> <span class='ocrx_word' id='word_1_102' title='bbox 1210 1964 1492 2051; x_wconf 88' lang='lat' dir='ltr'><strong>applicat</strong></span> <span class='ocrx_word' id='word_1_103' title='bbox 1532 1976 1597 2029; x_wconf 90' lang='lat' dir='ltr'><strong>et</strong></span> <span class='ocrx_word' id='word_1_104' title='bbox 1632 1963 1861 2051; x_wconf 89' lang='lat' dir='ltr'><strong>probat</strong></span> <span class='ocrx_word' id='word_1_105' title='bbox 1898 1985 1914 2042; x_wconf 87' lang='lat'>;</span> <span class='ocrx_word' id='word_1_106' title='bbox 1961 1962 2295 2029; x_wconf 88' lang='lat' dir='ltr'><strong>reducitur</strong></span> 
     </span>
     <span class='ocr_line' id='line_1_17' title="bbox 727 2076 2298 2166; baseline -0.001 -22"><span class='ocrx_word' id='word_1_107' title='bbox 727 2089 944 2145; x_wconf 90' lang='lat' dir='ltr'><strong>autem</strong></span> <span class='ocrx_word' id='word_1_108' title='bbox 978 2078 1056 2143; x_wconf 91' lang='lat' dir='ltr'><strong>ad</strong></span> <span class='ocrx_word' id='word_1_109' title='bbox 1100 2078 1286 2158; x_wconf 89' lang='lat' dir='ltr'><strong>illud,</strong></span> <span class='ocrx_word' id='word_1_110' title='bbox 1314 2077 1487 2166; x_wconf 92' lang='lat' dir='ltr'><strong>quod</strong></span> <span class='ocrx_word' id='word_1_111' title='bbox 1527 2078 1907 2164; x_wconf 73' lang='lat' dir='ltr'><strong>incelliqere</strong></span> <span class='ocrx_word' id='word_1_112' title='bbox 1936 2097 2051 2143; x_wconf 82' lang='lat' dir='ltr'><strong>seu</strong></span> <span class='ocrx_word' id='word_1_113' title='bbox 2108 2076 2298 2143; x_wconf 89' lang='lat' dir='ltr'><strong>intel-</strong></span> 
     </span>
     <span class='ocr_line' id='line_1_18' title="bbox 727 2191 2294 2283; baseline -0.003 -22"><span class='ocrx_word' id='word_1_114' title='bbox 727 2194 1069 2280; x_wconf 88' lang='lat' dir='ltr'><strong>ligibilitas</strong></span> <span class='ocrx_word' id='word_1_115' title='bbox 1109 2195 1347 2281; x_wconf 87' lang='lat' dir='ltr'><strong>objecti</strong></span> <span class='ocrx_word' id='word_1_116' title='bbox 1389 2194 1688 2283; x_wconf 90' lang='lat' dir='ltr'><strong>sequitur</strong></span> <span class='ocrx_word' id='word_1_117' title='bbox 1717 2194 1862 2280; x_wconf 89' lang='lat' dir='ltr'><strong>ejus</strong></span> <span class='ocrx_word' id='word_1_118' title='bbox 1901 2214 2062 2271; x_wconf 81' lang='lat' dir='ltr'><strong>esse,</strong></span> <span class='ocrx_word' id='word_1_119' title='bbox 2116 2191 2294 2278; x_wconf 92' lang='lat' dir='ltr'><strong>quod</strong></span> 
     </span>
    </p>

    <p class='ocr_par' dir='ltr' id='par_1_10' title="bbox 727 2313 1260 2399">
     <span class='ocr_line' id='line_1_19' title="bbox 727 2313 1260 2399; baseline 0.002 -21"><span class='ocrx_word' id='word_1_120' title='bbox 727 2325 828 2378; x_wconf 90' lang='lat' dir='ltr'><strong>est</strong></span> <span class='ocrx_word' id='word_1_121' title='bbox 859 2313 1260 2399; x_wconf 84' lang='lat' dir='ltr'><strong>Philosophi.</strong></span> 
     </span>
    </p>

    <p class='ocr_par' dir='ltr' id='par_1_11' title="bbox 387 2425 2301 2750">
     <span class='ocr_line' id='line_1_20' title="bbox 502 2425 2301 2512; baseline 0.001 -22"><span class='ocrx_word' id='word_1_122' title='bbox 502 2439 606 2512; x_wconf 34' lang='lat'>903..</span> <span class='ocrx_word' id='word_1_123' title='bbox 823 2433 1003 2496; x_wconf 87' lang='lat' dir='ltr'><strong>Hanc</strong></span> <span class='ocrx_word' id='word_1_124' title='bbox 1042 2430 1395 2496; x_wconf 86' lang='lat' dir='ltr'><strong>maximam</strong></span> <span class='ocrx_word' id='word_1_125' title='bbox 1427 2428 1782 2496; x_wconf 88' lang='lat' dir='ltr'><strong>admittunt</strong></span> <span class='ocrx_word' id='word_1_126' title='bbox 1801 2429 1998 2495; x_wconf 91' lang='lat' dir='ltr'><strong>etiam</strong></span> <span class='ocrx_word' id='word_1_127' title='bbox 2027 2425 2301 2493; x_wconf 90' lang='lat' dir='ltr'><strong>Theolo-</strong></span> 
     </span>
     <span class='ocr_line' id='line_1_21' title="bbox 387 2502 2298 2638; baseline -0.004 -24"><span class='ocrx_word' id='word_1_128' title='bbox 387 2502 697 2638; x_wconf 55' lang='lat' dir='ltr'><strong>Admgnun·</strong></span> <span class='ocrx_word' id='word_1_129' title='bbox 738 2546 832 2633; x_wconf 88' lang='lat' dir='ltr'><strong>gi,</strong></span> <span class='ocrx_word' id='word_1_130' title='bbox 911 2567 987 2612; x_wconf 89' lang='lat' dir='ltr'><strong>ac</strong></span> <span class='ocrx_word' id='word_1_131' title='bbox 1037 2545 1308 2633; x_wconf 88' lang='lat' dir='ltr'><strong>proinde</strong></span> <span class='ocrx_word' id='word_1_132' title='bbox 1350 2546 1414 2611; x_wconf 91' lang='lat' dir='ltr'><strong>in</strong></span> <span class='ocrx_word' id='word_1_133' title='bbox 1474 2544 2085 2633; x_wconf 84' lang='lat' dir='ltr'><strong>supernaturalibus</strong></span> <span class='ocrx_word' id='word_1_134' title='bbox 2154 2542 2298 2608; x_wconf 86' lang='lat' dir='ltr'><strong>exi-</strong></span> 
     </span>
     <span class='ocr_line' id='line_1_22' title="bbox 403 2627 2294 2750; baseline -0.004 -19"><span class='ocrx_word' id='word_1_135' title='bbox 403 2627 699 2693; x_wconf 69' lang='lat' dir='ltr'><strong>Th⁰⁰¹⁰g¹⁸‘</strong></span> <span class='ocrx_word' id='word_1_136' title='bbox 736 2674 907 2750; x_wconf 88' lang='lat' dir='ltr'><strong>gunt</strong></span> <span class='ocrx_word' id='word_1_137' title='bbox 968 2662 1254 2728; x_wconf 84' lang='lat' dir='ltr'><strong>maxime</strong></span> <span class='ocrx_word' id='word_1_138' title='bbox 1329 2661 1408 2728; x_wconf 91' lang='lat' dir='ltr'><strong>ad</strong></span> <span class='ocrx_word' id='word_1_139' title='bbox 1454 2660 1983 2748; x_wconf 77' lang='lat' dir='ltr'><strong>cognoscendum</strong></span> <span class='ocrx_word' id='word_1_140' title='bbox 2063 2663 2294 2738; x_wconf 89' lang='lat' dir='ltr'><strong>Deum,</strong></span> 
     </span>
    </p>

    <p class='ocr_par' dir='ltr' id='par_1_12' title="bbox 734 2775 2301 3567">
     <span class='ocr_line' id='line_1_23' title="bbox 736 2775 2297 2866; baseline -0.003 -21"><span class='ocrx_word' id='word_1_141' title='bbox 736 2791 1003 2866; x_wconf 87' lang='lat' dir='ltr'><strong>propter</strong></span> <span class='ocrx_word' id='word_1_142' title='bbox 1030 2780 1225 2845; x_wconf 89' lang='lat' dir='ltr'><strong>talem</strong></span> <span class='ocrx_word' id='word_1_143' title='bbox 1257 2800 1606 2846; x_wconf 84' lang='lat' dir='ltr'><strong>excessum</strong></span> <span class='ocrx_word' id='word_1_144' title='bbox 1670 2778 1737 2844; x_wconf 91' lang='lat' dir='ltr'><strong>in</strong></span> <span class='ocrx_word' id='word_1_145' title='bbox 1795 2777 2066 2844; x_wconf 88' lang='lat' dir='ltr'><strong>entitate</strong></span> <span class='ocrx_word' id='word_1_146' title='bbox 2096 2789 2162 2842; x_wconf 88' lang='lat' dir='ltr'><strong>et</strong></span> <span class='ocrx_word' id='word_1_147' title='bbox 2200 2775 2297 2840; x_wconf 90' lang='lat' dir='ltr'><strong>in-</strong></span> 
     </span>
     <span class='ocr_line' id='line_1_24' title="bbox 734 2891 2299 2983; baseline -0.003 -23"><span class='ocrx_word' id='word_1_148' title='bbox 734 2894 1226 2983; x_wconf 87' lang='lat' dir='ltr'><strong>telligibilitate,</strong></span> <span class='ocrx_word' id='word_1_149' title='bbox 1275 2892 1625 2981; x_wconf 84' lang='lat' dir='ltr'><strong>superaddi</strong></span> <span class='ocrx_word' id='word_1_150' title='bbox 1690 2894 2028 2960; x_wconf 86' lang='lat' dir='ltr'><strong>diversum</strong></span> <span class='ocrx_word' id='word_1_151' title='bbox 2076 2891 2299 2959; x_wconf 90' lang='lat' dir='ltr'><strong>lumen</strong></span> 
     </span>
     <span class='ocr_line' id='line_1_25' title="bbox 736 3006 2301 3097; baseline -0.003 -20"><span class='ocrx_word' id='word_1_152' title='bbox 736 3010 1268 3097; x_wconf 82' lang='lat' dir='ltr'><strong>supernaturale,</strong></span> <span class='ocrx_word' id='word_1_153' title='bbox 1306 3021 1374 3077; x_wconf 90' lang='lat' dir='ltr'><strong>ut</strong></span> <span class='ocrx_word' id='word_1_154' title='bbox 1417 3010 1567 3077; x_wconf 86' lang='lat' dir='ltr'><strong>lidei</strong></span> <span class='ocrx_word' id='word_1_155' title='bbox 1602 3020 1666 3076; x_wconf 89' lang='lat' dir='ltr'><strong>et</strong></span> <span class='ocrx_word' id='word_1_156' title='bbox 1696 3006 2144 3088; x_wconf 76' lang='lat' dir='ltr'><strong>revelationiS,</strong></span> <span class='ocrx_word' id='word_1_157' title='bbox 2189 3017 2301 3072; x_wconf 89' lang='lat' dir='ltr'><strong>aut</strong></span> 
     </span>
     <span class='ocr_line' id='line_1_26' title="bbox 736 3124 2301 3213; baseline -0.004 -20"><span class='ocrx_word' id='word_1_158' title='bbox 736 3125 1002 3213; x_wconf 77' lang='lat' dir='ltr'><strong>glorioe3</strong></span> <span class='ocrx_word' id='word_1_159' title='bbox 1040 3146 1169 3194; x_wconf 91' lang='lat' dir='ltr'><strong>non</strong></span> <span class='ocrx_word' id='word_1_160' title='bbox 1231 3146 1313 3194; x_wconf 90' lang='lat' dir='ltr'><strong>ex</strong></span> <span class='ocrx_word' id='word_1_161' title='bbox 1379 3126 1504 3193; x_wconf 90' lang='lat' dir='ltr'><strong>alia</strong></span> <span class='ocrx_word' id='word_1_162' title='bbox 1555 3124 1832 3204; x_wconf 89' lang='lat' dir='ltr'><strong>ratione,</strong></span> <span class='ocrx_word' id='word_1_163' title='bbox 1880 3125 1935 3191; x_wconf 90' lang='lat' dir='ltr'><strong>si</strong></span> <span class='ocrx_word' id='word_1_164' title='bbox 1967 3133 2301 3212; x_wconf 83' lang='lat' dir='ltr'><strong>quaeratur</strong></span> 
     </span>
     <span class='ocr_line' id='line_1_27' title="bbox 739 3243 2301 3332; baseline -0.003 -22"><span class='ocrx_word' id='word_1_165' title='bbox 739 3244 944 3324; x_wconf 80' lang='lat' dir='ltr'><strong>radix,</strong></span> <span class='ocrx_word' id='word_1_166' title='bbox 991 3244 1115 3312; x_wconf 90' lang='lat' dir='ltr'><strong>nisi</strong></span> <span class='ocrx_word' id='word_1_167' title='bbox 1149 3246 1303 3332; x_wconf 91' lang='lat' dir='ltr'><strong>quia</strong></span> <span class='ocrx_word' id='word_1_168' title='bbox 1342 3266 1424 3312; x_wconf 86' lang='lat' dir='ltr'><strong>ex</strong></span> <span class='ocrx_word' id='word_1_169' title='bbox 1456 3243 1864 3311; x_wconf 85' lang='lat' dir='ltr'><strong>naturalibus</strong></span> <span class='ocrx_word' id='word_1_170' title='bbox 1924 3262 2050 3309; x_wconf 92' lang='lat' dir='ltr'><strong>non</strong></span> <span class='ocrx_word' id='word_1_171' title='bbox 2084 3253 2301 3327; x_wconf 86' lang='lat' dir='ltr'><strong>potest</strong></span> 
     </span>
     <span class='ocr_line' id='line_1_28' title="bbox 737 3359 2298 3449; baseline -0.004 -21"><span class='ocrx_word' id='word_1_172' title='bbox 737 3363 999 3449; x_wconf 86' lang='lat' dir='ltr'><strong>attingi,</strong></span> <span class='ocrx_word' id='word_1_173' title='bbox 1062 3384 1212 3430; x_wconf 90' lang='lat' dir='ltr'><strong>cum</strong></span> <span class='ocrx_word' id='word_1_174' title='bbox 1261 3363 1535 3430; x_wconf 86' lang='lat' dir='ltr'><strong>excedat</strong></span> <span class='ocrx_word' id='word_1_175' title='bbox 1567 3363 1631 3428; x_wconf 91' lang='lat' dir='ltr'><strong>in</strong></span> <span class='ocrx_word' id='word_1_176' title='bbox 1663 3362 1932 3428; x_wconf 89' lang='lat' dir='ltr'><strong>entitate</strong></span> <span class='ocrx_word' id='word_1_177' title='bbox 1963 3373 2025 3427; x_wconf 92' lang='lat' dir='ltr'><strong>et</strong></span> <span class='ocrx_word' id='word_1_178' title='bbox 2059 3359 2298 3426; x_wconf 88' lang='lat' dir='ltr'><strong>intelli-</strong></span> 
     </span>
     <span class='ocr_line' id='line_1_29' title="bbox 739 3474 2301 3567; baseline -0.002 -24"><span class='ocrx_word' id='word_1_179' title='bbox 739 3478 1085 3567; x_wconf 86' lang='lat' dir='ltr'><strong>gibilitate.</strong></span> <span class='ocrx_word' id='word_1_180' title='bbox 1159 3479 1473 3566; x_wconf 88' lang='lat' dir='ltr'><strong>Loquitur</strong></span> <span class='ocrx_word' id='word_1_181' title='bbox 1529 3490 1746 3545; x_wconf 88' lang='lat' dir='ltr'><strong>autem</strong></span> <span class='ocrx_word' id='word_1_182' title='bbox 1780 3478 1889 3544; x_wconf 88' lang='lat' dir='ltr'><strong>hic</strong></span> <span class='ocrx_word' id='word_1_183' title='bbox 1936 3479 2173 3542; x_wconf 88' lang='lat' dir='ltr'><strong>Doctor</strong></span> <span class='ocrx_word' id='word_1_184' title='bbox 2220 3474 2301 3540; x_wconf 92' lang='lat' dir='ltr'><strong>de</strong></span> 
     </span>
    </p>

    <p class='ocr_par' dir='ltr' id='par_1_13' title="bbox 394 3592 2301 4965">
     <span class='ocr_line' id='line_1_30' title="bbox 457 3592 2299 3707; baseline -0.002 -46"><span class='ocrx_word' id='word_1_185' title='bbox 457 3595 649 3707; x_wconf 54' lang='lat' dir='ltr'><strong>Affiu‘</strong></span> <span class='ocrx_word' id='word_1_186' title='bbox 740 3596 1117 3683; x_wconf 86' lang='lat' dir='ltr'><strong>cognitione</strong></span> <span class='ocrx_word' id='word_1_187' title='bbox 1166 3597 1457 3683; x_wconf 83' lang='lat' dir='ltr'><strong>perfecta</strong></span> <span class='ocrx_word' id='word_1_188' title='bbox 1522 3608 1585 3662; x_wconf 89' lang='lat' dir='ltr'><strong>et</strong></span> <span class='ocrx_word' id='word_1_189' title='bbox 1632 3595 1941 3662; x_wconf 85' lang='lat' dir='ltr'><strong>distincta</strong></span> <span class='ocrx_word' id='word_1_190' title='bbox 1983 3593 2120 3673; x_wconf 89' lang='lat' dir='ltr'><strong>Dei,</strong></span> <span class='ocrx_word' id='word_1_191' title='bbox 2176 3592 2299 3659; x_wconf 91' lang='lat' dir='ltr'><strong>sub</strong></span> 
     </span>
     <span class='ocr_line' id='line_1_31' title="bbox 410 3710 2299 3800; baseline -0.002 -23"><span class='ocrx_word' id='word_1_192' title='bbox 410 3720 699 3795; x_wconf 64' lang='lat' dir='ltr'><strong>cognitione</strong></span> <span class='ocrx_word' id='word_1_193' title='bbox 744 3714 994 3780; x_wconf 89' lang='lat' dir='ltr'><strong>ratione</strong></span> <span class='ocrx_word' id='word_1_194' title='bbox 1060 3714 1346 3800; x_wconf 88' lang='lat' dir='ltr'><strong>propria,</strong></span> <span class='ocrx_word' id='word_1_195' title='bbox 1417 3734 1547 3779; x_wconf 90' lang='lat' dir='ltr'><strong>non</strong></span> <span class='ocrx_word' id='word_1_196' title='bbox 1585 3720 1805 3781; x_wconf 86' lang='lat' dir='ltr'><strong>autem</strong></span> <span class='ocrx_word' id='word_1_197' title='bbox 1864 3710 1943 3777; x_wconf 92' lang='lat' dir='ltr'><strong>de</strong></span> <span class='ocrx_word' id='word_1_198' title='bbox 1982 3722 2299 3795; x_wconf 88' lang='lat' dir='ltr'><strong>conceptu</strong></span> 
     </span>
     <span class='ocr_line' id='line_1_32' title="bbox 419 3785 2301 3917; baseline -0.003 -21"><span class='ocrx_word' id='word_1_199' title='bbox 419 3785 684 3917; x_wconf 45' lang='lat' dir='ltr'><strong>dtsngteta,</strong></span> <span class='ocrx_word' id='word_1_200' title='bbox 742 3831 884 3917; x_wconf 87' lang='lat' dir='ltr'><strong>ejus</strong></span> <span class='ocrx_word' id='word_1_201' title='bbox 924 3830 1047 3896; x_wconf 88' lang='lat' dir='ltr'><strong>sub</strong></span> <span class='ocrx_word' id='word_1_202' title='bbox 1095 3829 1346 3896; x_wconf 86' lang='lat' dir='ltr'><strong>ratione</strong></span> <span class='ocrx_word' id='word_1_203' title='bbox 1391 3830 1562 3896; x_wconf 90' lang='lat' dir='ltr'><strong>entis</strong></span> <span class='ocrx_word' id='word_1_204' title='bbox 1601 3827 1868 3906; x_wconf 76' lang='lat' dir='ltr'><strong>infiniti,</strong></span> <span class='ocrx_word' id='word_1_205' title='bbox 1929 3838 2040 3893; x_wconf 91' lang='lat' dir='ltr'><strong>aut</strong></span> <span class='ocrx_word' id='word_1_206' title='bbox 2081 3845 2301 3892; x_wconf 81' lang='lat' dir='ltr'><strong>causae</strong></span> 
     </span>
     <span class='ocr_line' id='line_1_33' title="bbox 394 3909 2292 4038; baseline -0.007 -15"><span class='ocrx_word' id='word_1_207' title='bbox 394 3909 712 4038; x_wconf 47' lang='grc' dir='ltr'><strong>Βυέτὲἒιῖἷῗο</strong></span> <span class='ocrx_word' id='word_1_208' title='bbox 742 3949 999 4035; x_wconf 72' lang='lat' dir='ltr'><strong>primae,</strong></span> <span class='ocrx_word' id='word_1_209' title='bbox 1052 3962 1163 4016; x_wconf 88' lang='lat' dir='ltr'><strong>aut</strong></span> <span class='ocrx_word' id='word_1_210' title='bbox 1212 3950 1712 4036; x_wconf 90' lang='lat' dir='ltr'><strong>omnipotentis,</strong></span> <span class='ocrx_word' id='word_1_211' title='bbox 1770 3958 1834 4014; x_wconf 90' lang='lat' dir='ltr'><strong>et</strong></span> <span class='ocrx_word' id='word_1_212' title='bbox 1886 3944 2292 4036; x_wconf 91' lang='lat' dir='ltr'><strong>hujusmodi,</strong></span> 
     </span>
     <span class='ocr_line' id='line_1_34' title="bbox 740 4059 2295 4151; baseline -0.003 -21"><span class='ocrx_word' id='word_1_213' title='bbox 740 4063 853 4151; x_wconf 91' lang='lat' dir='ltr'><strong>qui</strong></span> <span class='ocrx_word' id='word_1_214' title='bbox 894 4064 1044 4131; x_wconf 89' lang='lat' dir='ltr'><strong>licet</strong></span> <span class='ocrx_word' id='word_1_215' title='bbox 1091 4064 1224 4131; x_wconf 90' lang='lat' dir='ltr'><strong>sint</strong></span> <span class='ocrx_word' id='word_1_216' title='bbox 1273 4086 1351 4131; x_wconf 92' lang='lat' dir='ltr'><strong>eo</strong></span> <span class='ocrx_word' id='word_1_217' title='bbox 1392 4086 1593 4132; x_wconf 90' lang='lat' dir='ltr'><strong>sensu</strong></span> <span class='ocrx_word' id='word_1_218' title='bbox 1651 4073 2004 4150; x_wconf 88' lang='lat' dir='ltr'><strong>conceptus</strong></span> <span class='ocrx_word' id='word_1_219' title='bbox 2049 4059 2295 4147; x_wconf 89' lang='lat' dir='ltr'><strong>proprii</strong></span> 
     </span>
     <span class='ocr_line' id='line_1_35' title="bbox 740 4177 2291 4264; baseline -0.003 -19"><span class='ocrx_word' id='word_1_220' title='bbox 740 4180 877 4262; x_wconf 87' lang='lat' dir='ltr'><strong>Dei,</strong></span> <span class='ocrx_word' id='word_1_221' title='bbox 923 4192 994 4247; x_wconf 90' lang='lat' dir='ltr'><strong>ut</strong></span> <span class='ocrx_word' id='word_1_222' title='bbox 1042 4181 1203 4247; x_wconf 89' lang='lat' dir='ltr'><strong>nulli</strong></span> <span class='ocrx_word' id='word_1_223' title='bbox 1235 4181 1422 4247; x_wconf 91' lang='lat' dir='ltr'><strong>alteri</strong></span> <span class='ocrx_word' id='word_1_224' title='bbox 1452 4180 1874 4258; x_wconf 86' lang='lat' dir='ltr'><strong>conveniant,</strong></span> <span class='ocrx_word' id='word_1_225' title='bbox 1912 4189 1981 4243; x_wconf 93' lang='lat' dir='ltr'><strong>ut</strong></span> <span class='ocrx_word' id='word_1_226' title='bbox 2009 4177 2291 4264; x_wconf 88' lang='lat' dir='ltr'><strong>objecto,</strong></span> 
     </span>
     <span class='ocr_line' id='line_1_36' title="bbox 736 4290 2296 4384; baseline -0.002 -24"><span class='ocrx_word' id='word_1_227' title='bbox 736 4305 954 4363; x_wconf 87' lang='lat' dir='ltr'><strong>tamen</strong></span> <span class='ocrx_word' id='word_1_228' title='bbox 997 4317 1126 4364; x_wconf 92' lang='lat' dir='ltr'><strong>non</strong></span> <span class='ocrx_word' id='word_1_229' title='bbox 1168 4307 1323 4365; x_wconf 89' lang='lat' dir='ltr'><strong>sunt</strong></span> <span class='ocrx_word' id='word_1_230' title='bbox 1380 4296 1526 4384; x_wconf 77' lang='lat' dir='ltr'><strong>eJus</strong></span> <span class='ocrx_word' id='word_1_231' title='bbox 1576 4295 1697 4362; x_wconf 90' lang='lat' dir='ltr'><strong>sub</strong></span> <span class='ocrx_word' id='word_1_232' title='bbox 1741 4293 1992 4361; x_wconf 91' lang='lat' dir='ltr'><strong>ratione</strong></span> <span class='ocrx_word' id='word_1_233' title='bbox 2032 4290 2296 4379; x_wconf 89' lang='lat' dir='ltr'><strong>propria</strong></span> 
     </span>
     <span class='ocr_line' id='line_1_37' title="bbox 734 4409 2295 4512; baseline -0.004 -34"><span class='ocrx_word' id='word_1_234' title='bbox 734 4412 1029 4492; x_wconf 85' lang='lat' dir='ltr'><strong>Deitatis,</strong></span> <span class='ocrx_word' id='word_1_235' title='bbox 1084 4424 1148 4479; x_wconf 86' lang='lat' dir='ltr'><strong>et</strong></span> <span class='ocrx_word' id='word_1_236' title='bbox 1187 4414 1388 4502; x_wconf 86' lang='lat' dir='ltr'><strong>hujus</strong></span> <span class='ocrx_word' id='word_1_237' title='bbox 1444 4412 1636 4494; x_wconf 82' lang='lat' dir='ltr'><strong>entiS,</strong></span> <span class='ocrx_word' id='word_1_238' title='bbox 1691 4430 1819 4498; x_wconf 90' lang='lat' dir='ltr'><strong>qua</strong></span> <span class='ocrx_word' id='word_1_239' title='bbox 1878 4409 2006 4512; x_wconf 70' lang='lat' dir='ltr'><strong>tale</strong></span> <span class='ocrx_word' id='word_1_240' title='bbox 2051 4420 2172 4487; x_wconf 90' lang='lat' dir='ltr'><strong>est,</strong></span> <span class='ocrx_word' id='word_1_241' title='bbox 2218 4427 2295 4473; x_wconf 94' lang='lat' dir='ltr'><strong>eo</strong></span> 
     </span>
     <span class='ocr_line' id='line_1_38' title="bbox 734 4525 2294 4619; baseline -0.005 -22"><span class='ocrx_word' id='word_1_242' title='bbox 734 4529 929 4597; x_wconf 91' lang='lat' dir='ltr'><strong>modo</strong></span> <span class='ocrx_word' id='word_1_243' title='bbox 969 4551 1099 4619; x_wconf 91' lang='lat' dir='ltr'><strong>quo</strong></span> <span class='ocrx_word' id='word_1_244' title='bbox 1139 4530 1562 4618; x_wconf 88' lang='lat' dir='ltr'><strong>cognoscitur</strong></span> <span class='ocrx_word' id='word_1_245' title='bbox 1606 4549 1642 4595; x_wconf 96' lang='lat' dir='ltr'><strong>a</strong></span> <span class='ocrx_word' id='word_1_246' title='bbox 1691 4531 1912 4608; x_wconf 87' lang='lat' dir='ltr'><strong>Beato,</strong></span> <span class='ocrx_word' id='word_1_247' title='bbox 1965 4525 2067 4591; x_wconf 89' lang='lat' dir='ltr'><strong>vel</strong></span> <span class='ocrx_word' id='word_1_248' title='bbox 2104 4525 2294 4612; x_wconf 89' lang='lat' dir='ltr'><strong>juxta</strong></span> 
     </span>
     <span class='ocr_line' id='line_1_39' title="bbox 735 4643 2287 4733; baseline -0.003 -20"><span class='ocrx_word' id='word_1_249' title='bbox 735 4660 1018 4715; x_wconf 88' lang='lat' dir='ltr'><strong>mentem</strong></span> <span class='ocrx_word' id='word_1_250' title='bbox 1107 4647 1424 4729; x_wconf 91' lang='lat' dir='ltr'><strong>Doctoris,</strong></span> <span class='ocrx_word' id='word_1_251' title='bbox 1521 4646 1602 4713; x_wconf 90' lang='lat' dir='ltr'><strong>ab</strong></span> <span class='ocrx_word' id='word_1_252' title='bbox 1667 4645 1919 4733; x_wconf 86' lang='lat' dir='ltr'><strong>Angelo</strong></span> <span class='ocrx_word' id='word_1_253' title='bbox 2011 4643 2287 4720; x_wconf 86' lang='lat' dir='ltr'><strong>viatore,</strong></span> 
     </span>
     <span class='ocr_line' id='line_1_40' title="bbox 733 4759 2290 4849; baseline -0.002 -20"><span class='ocrx_word' id='word_1_254' title='bbox 733 4782 851 4849; x_wconf 86' lang='lat' dir='ltr'><strong>per</strong></span> <span class='ocrx_word' id='word_1_255' title='bbox 900 4763 1186 4849; x_wconf 88' lang='lat' dir='ltr'><strong>speciem</strong></span> <span class='ocrx_word' id='word_1_256' title='bbox 1260 4773 1699 4839; x_wconf 88' lang='lat' dir='ltr'><strong>concreatam,</strong></span> <span class='ocrx_word' id='word_1_257' title='bbox 1778 4760 1859 4826; x_wconf 92' lang='lat' dir='ltr'><strong>de</strong></span> <span class='ocrx_word' id='word_1_258' title='bbox 1902 4780 2030 4847; x_wconf 91' lang='lat' dir='ltr'><strong>qua</strong></span> <span class='ocrx_word' id='word_1_259' title='bbox 2089 4759 2167 4826; x_wconf 82' lang='lat' dir='ltr'><strong>in</strong></span> <span class='ocrx_word' id='word_1_260' title='bbox 2223 4761 2290 4826; x_wconf 72' lang='lat'><strong>2.</strong></span> 
     </span>
     <span class='ocr_line' id='line_1_41' title="bbox 733 4877 1390 4965; baseline 0 -22"><span class='ocrx_word' id='word_1_261' title='bbox 733 4877 891 4944; x_wconf 78' lang='lat' dir='ltr'><strong>dist.</strong></span> <span class='ocrx_word' id='word_1_262' title='bbox 931 4882 996 4945; x_wconf 89' lang='lat'><strong>3.</strong></span> <span class='ocrx_word' id='word_1_263' title='bbox 1051 4889 1279 4965; x_wconf 79' lang='lat' dir='ltr'><strong>quaesl.</strong></span> <span class='ocrx_word' id='word_1_264' title='bbox 1324 4881 1390 4945; x_wconf 87' lang='lat'><strong>9.</strong></span> 
     </span>
    </p>

    <p class='ocr_par' dir='ltr' id='par_1_14' title="bbox 733 4992 2293 5543">
     <span class='ocr_line' id='line_1_42' title="bbox 825 4992 2293 5080; baseline -0.004 -18"><span class='ocrx_word' id='word_1_265' title='bbox 825 4995 1013 5062; x_wconf 88' lang='lat' dir='ltr'><strong>Dices</strong></span> <span class='ocrx_word' id='word_1_266' title='bbox 1062 4993 1251 5072; x_wconf 88' lang='lat' dir='ltr'><strong>forte,</strong></span> <span class='ocrx_word' id='word_1_267' title='bbox 1312 4992 1636 5080; x_wconf 86' lang='lat' dir='ltr'><strong>Angelum</strong></span> <span class='ocrx_word' id='word_1_268' title='bbox 1697 5012 1824 5058; x_wconf 91' lang='lat' dir='ltr'><strong>non</strong></span> <span class='ocrx_word' id='word_1_269' title='bbox 1892 5011 2293 5078; x_wconf 89' lang='lat' dir='ltr'><strong>cognoscere</strong></span> 
     </span>
     <span class='ocr_line' id='line_1_43' title="bbox 733 5104 2292 5195; baseline -0.001 -23"><span class='ocrx_word' id='word_1_270' title='bbox 733 5111 941 5175; x_wconf 89' lang='lat' dir='ltr'><strong>Deum</strong></span> <span class='ocrx_word' id='word_1_271' title='bbox 992 5110 1117 5176; x_wconf 88' lang='lat' dir='ltr'><strong>sub</strong></span> <span class='ocrx_word' id='word_1_272' title='bbox 1185 5108 1437 5175; x_wconf 89' lang='lat' dir='ltr'><strong>ratione</strong></span> <span class='ocrx_word' id='word_1_273' title='bbox 1515 5108 1778 5195; x_wconf 92' lang='lat' dir='ltr'><strong>propria</strong></span> <span class='ocrx_word' id='word_1_274' title='bbox 1811 5107 1934 5172; x_wconf 86' lang='lat' dir='ltr'><strong>hoo</strong></span> <span class='ocrx_word' id='word_1_275' title='bbox 1974 5104 2168 5172; x_wconf 92' lang='lat' dir='ltr'><strong>modo</strong></span> <span class='ocrx_word' id='word_1_276' title='bbox 2216 5126 2292 5171; x_wconf 90' lang='lat' dir='ltr'><strong>ex</strong></span> 
     </span>
     <span class='ocr_line' id='line_1_44' title="bbox 733 5222 2287 5312; baseline -0.001 -24"><span class='ocrx_word' id='word_1_277' title='bbox 733 5225 1043 5312; x_wconf 91' lang='lat' dir='ltr'><strong>opinione</strong></span> <span class='ocrx_word' id='word_1_278' title='bbox 1073 5225 1648 5311; x_wconf 86' lang='lat' dir='ltr'><strong>Philosophorum,</strong></span> <span class='ocrx_word' id='word_1_279' title='bbox 1693 5223 1805 5289; x_wconf 91' lang='lat' dir='ltr'><strong>sed</strong></span> <span class='ocrx_word' id='word_1_280' title='bbox 1828 5223 2025 5309; x_wconf 91' lang='lat' dir='ltr'><strong>priori</strong></span> <span class='ocrx_word' id='word_1_281' title='bbox 2069 5222 2287 5302; x_wconf 83' lang='lat' dir='ltr'><strong>modO,</strong></span> 
     </span>
     <span class='ocr_line' id='line_1_45' title="bbox 738 5341 2291 5429; baseline -0.005 -17"><span class='ocrx_word' id='word_1_282' title='bbox 738 5357 808 5412; x_wconf 91' lang='lat' dir='ltr'><strong>ut</strong></span> <span class='ocrx_word' id='word_1_283' title='bbox 836 5354 1132 5410; x_wconf 87' lang='lat' dir='ltr'><strong>statuunt</strong></span> <span class='ocrx_word' id='word_1_284' title='bbox 1180 5341 1526 5429; x_wconf 80' lang='lat' dir='ltr'><strong>Theologi,</strong></span> <span class='ocrx_word' id='word_1_285' title='bbox 1566 5361 1716 5407; x_wconf 90' lang='lat' dir='ltr'><strong>eum</strong></span> <span class='ocrx_word' id='word_1_286' title='bbox 1773 5360 2172 5426; x_wconf 88' lang='lat' dir='ltr'><strong>cognoscere</strong></span> <span class='ocrx_word' id='word_1_287' title='bbox 2210 5359 2291 5405; x_wconf 86' lang='lat' dir='ltr'><strong>ex</strong></span> 
     </span>
     <span class='ocr_line' id='line_1_46' title="bbox 737 5455 2284 5543; baseline -0.003 -16"><span class='ocrx_word' id='word_1_288' title='bbox 737 5480 855 5527; x_wconf 90' lang='lat' dir='ltr'><strong>sua</strong></span> <span class='ocrx_word' id='word_1_289' title='bbox 888 5460 1197 5539; x_wconf 89' lang='lat' dir='ltr'><strong>essentia,</strong></span> <span class='ocrx_word' id='word_1_290' title='bbox 1243 5473 1314 5526; x_wconf 92' lang='lat' dir='ltr'><strong>ut</strong></span> <span class='ocrx_word' id='word_1_291' title='bbox 1352 5461 1548 5526; x_wconf 89' lang='lat' dir='ltr'><strong>habet</strong></span> <span class='ocrx_word' id='word_1_292' title='bbox 1582 5458 1898 5525; x_wconf 87' lang='lat' dir='ltr'><strong>rationem</strong></span> <span class='ocrx_word' id='word_1_293' title='bbox 1951 5455 2284 5543; x_wconf 80' lang='lat' dir='ltr'><strong>imaginiS,</strong></span> 
     </span>
    </p>
   </div>
   <div class='ocr_carea' id='block_1_10' title="bbox 732 5573 2287 5662">
    <p class='ocr_par' dir='ltr' id='par_1_15' title="bbox 732 5573 2287 5662">
     <span class='ocr_line' id='line_1_47' title="bbox 732 5573 2287 5662; baseline -0.004 -17"><span class='ocrx_word' id='word_1_294' title='bbox 732 5576 840 5645; x_wconf 87' lang='lat' dir='ltr'><strong>vel</strong></span> <span class='ocrx_word' id='word_1_295' title='bbox 888 5586 962 5642; x_wconf 92' lang='lat' dir='ltr'><strong>ut</strong></span> <span class='ocrx_word' id='word_1_296' title='bbox 1016 5586 1115 5643; x_wconf 88' lang='lat' dir='ltr'><strong>est</strong></span> <span class='ocrx_word' id='word_1_297' title='bbox 1139 5575 1413 5648; x_wconf 80' lang='lat' dir='ltr'><strong>effectus</strong></span> <span class='ocrx_word' id='word_1_298' title='bbox 1447 5574 1582 5656; x_wconf 84' lang='lat' dir='ltr'><strong>Dei,</strong></span> <span class='ocrx_word' id='word_1_299' title='bbox 1625 5573 2007 5662; x_wconf 84' lang='lat' dir='ltr'><strong>cognitione</strong></span> <span class='ocrx_word' id='word_1_300' title='bbox 2033 5573 2287 5640; x_wconf 90' lang='lat' dir='ltr'><strong>abstra-</strong></span> 
     </span>
    </p>
   </div>
   <div class='ocr_carea' id='block_1_11' title="bbox 392 4998 702 5064">
    <p class='ocr_par' dir='ltr' id='par_1_16' title="bbox 392 4998 702 5064">
     <span class='ocr_line' id='line_1_48' title="bbox 392 4998 702 5064; baseline 0.023 -16"><span class='ocrx_word' id='word_1_301' title='bbox 392 4998 702 5064; x_wconf 75' lang='lat' dir='ltr'><strong>ResponsiO.</strong></span> 
     </span>
    </p>
   </div>
   <div class='ocr_carea' id='block_1_12' title="bbox 2403 808 3956 1357">
    <p class='ocr_par' dir='ltr' id='par_1_17' title="bbox 2403 808 2659 893">
     <span class='ocr_line' id='line_1_49' title="bbox 2403 808 2659 893; baseline -0.004 -18"><span class='ocrx_word' id='word_1_302' title='bbox 2403 808 2659 893; x_wconf 86' lang='lat' dir='ltr'><strong>Angeli.</strong></span> 
     </span>
    </p>

    <p class='ocr_par' dir='ltr' id='par_1_18' title="bbox 2404 921 3956 1357">
     <span class='ocr_line' id='line_1_50' title="bbox 2492 921 3955 1010; baseline -0.004 -19"><span class='ocrx_word' id='word_1_303' title='bbox 2492 928 2755 1004; x_wconf 89' lang='lat' dir='ltr'><strong>Contra,</strong></span> <span class='ocrx_word' id='word_1_304' title='bbox 2801 923 3095 1010; x_wconf 85' lang='lat' dir='ltr'><strong>Angelus</strong></span> <span class='ocrx_word' id='word_1_305' title='bbox 3138 923 3431 990; x_wconf 89' lang='lat' dir='ltr'><strong>haberet.</strong></span> <span class='ocrx_word' id='word_1_306' title='bbox 3476 922 3675 988; x_wconf 87' lang='lat' dir='ltr'><strong>etiam</strong></span> <span class='ocrx_word' id='word_1_307' title='bbox 3709 921 3775 986; x_wconf 92' lang='lat' dir='ltr'><strong>in</strong></span> <span class='ocrx_word' id='word_1_308' title='bbox 3803 940 3955 986; x_wconf 88' lang='lat' dir='ltr'><strong>sen·</strong></span> 
     </span>
     <span class='ocr_line' id='line_1_51' title="bbox 2404 1037 3953 1126; baseline -0.003 -20"><span class='ocrx_word' id='word_1_309' title='bbox 2404 1040 2603 1107; x_wconf 90' lang='lat' dir='ltr'><strong>tentia</strong></span> <span class='ocrx_word' id='word_1_310' title='bbox 2637 1040 3208 1126; x_wconf 86' lang='lat' dir='ltr'><strong>Philosophorum,</strong></span> <span class='ocrx_word' id='word_1_311' title='bbox 3269 1039 3553 1125; x_wconf 90' lang='lat' dir='ltr'><strong>aliquam</strong></span> <span class='ocrx_word' id='word_1_312' title='bbox 3588 1037 3953 1104; x_wconf 86' lang='lat' dir='ltr'><strong>naturalem</strong></span> 
     </span>
     <span class='ocr_line' id='line_1_52' title="bbox 2408 1153 3956 1243; baseline -0.003 -20"><span class='ocrx_word' id='word_1_313' title='bbox 2408 1157 2900 1235; x_wconf 87' lang='lat' dir='ltr'><strong>beatitudinem,</strong></span> <span class='ocrx_word' id='word_1_314' title='bbox 2974 1156 3041 1223; x_wconf 92' lang='lat' dir='ltr'><strong>in</strong></span> <span class='ocrx_word' id='word_1_315' title='bbox 3100 1176 3227 1243; x_wconf 91' lang='lat' dir='ltr'><strong>qua</strong></span> <span class='ocrx_word' id='word_1_316' title='bbox 3285 1157 3570 1242; x_wconf 78' lang='lat' dir='ltr'><strong>perfecte</strong></span> <span class='ocrx_word' id='word_1_317' title='bbox 3628 1153 3956 1242; x_wconf 86' lang='lat' dir='ltr'><strong>quietare-</strong></span> 
     </span>
     <span class='ocr_line' id='line_1_53' title="bbox 2408 1268 3955 1357; baseline -0.004 -18"><span class='ocrx_word' id='word_1_318' title='bbox 2408 1286 2514 1339; x_wconf 90' lang='lat' dir='ltr'><strong>tur</strong></span> <span class='ocrx_word' id='word_1_319' title='bbox 2568 1273 2927 1339; x_wconf 86' lang='lat' dir='ltr'><strong>secundum</strong></span> <span class='ocrx_word' id='word_1_320' title='bbox 2987 1270 3417 1350; x_wconf 90' lang='lat' dir='ltr'><strong>intellectum,</strong></span> <span class='ocrx_word' id='word_1_321' title='bbox 3489 1270 3572 1336; x_wconf 89' lang='lat' dir='ltr'><strong>de</strong></span> <span class='ocrx_word' id='word_1_322' title='bbox 3609 1289 3743 1357; x_wconf 94' lang='lat' dir='ltr'><strong>quo</strong></span> <span class='ocrx_word' id='word_1_323' title='bbox 3801 1268 3955 1334; x_wconf 90' lang='lat' dir='ltr'><strong>vide</strong></span> 
     </span>
    </p>
   </div>
   <div class='ocr_carea' id='block_1_13' title="bbox 2411 1384 4137 1486">
    <p class='ocr_par' dir='ltr' id='par_1_19' title="bbox 2411 1384 4137 1486">
     <span class='ocr_line' id='line_1_54' title="bbox 2411 1384 4137 1486; baseline -0.003 -32"><span class='ocrx_word' id='word_1_324' title='bbox 2411 1392 2748 1456; x_wconf 90' lang='lat' dir='ltr'><strong>Doctorem</strong></span> <span class='ocrx_word' id='word_1_325' title='bbox 2779 1390 2855 1454; x_wconf 85' lang='lat' dir='ltr'><strong>in</strong></span> <span class='ocrx_word' id='word_1_326' title='bbox 2904 1393 2966 1453; x_wconf 85' lang='lat'><strong>1.</strong></span> <span class='ocrx_word' id='word_1_327' title='bbox 3004 1388 3163 1457; x_wconf 75' lang='lat' dir='ltr'><strong>dist.</strong></span> <span class='ocrx_word' id='word_1_328' title='bbox 3215 1392 3274 1454; x_wconf 83' lang='lat'><strong>1.</strong></span> <span class='ocrx_word' id='word_1_329' title='bbox 3311 1398 3539 1474; x_wconf 72' lang='lat' dir='ltr'><strong>quaest.</strong></span> <span class='ocrx_word' id='word_1_330' title='bbox 3577 1390 3639 1453; x_wconf 84' lang='lat'><strong>1.</strong></span> <span class='ocrx_word' id='word_1_331' title='bbox 3678 1385 3788 1452; x_wconf 88' lang='lat' dir='ltr'><strong>ubi</strong></span> <span class='ocrx_word' id='word_1_332' title='bbox 3819 1384 3954 1451; x_wconf 85' lang='lat' dir='ltr'><strong>dis·</strong></span> <span class='ocrx_word' id='word_1_333' title='bbox 4001 1392 4137 1486; x_wconf 50' lang='lat' dir='ltr'><strong>Intuli</strong></span> 
     </span>
    </p>
   </div>
   <div class='ocr_carea' id='block_1_14' title="bbox 2406 1502 3967 4247">
    <p class='ocr_par' dir='ltr' id='par_1_20' title="bbox 2406 1502 3967 4247">
     <span class='ocr_line' id='line_1_55' title="bbox 2409 1502 3957 1589; baseline -0.003 -18"><span class='ocrx_word' id='word_1_334' title='bbox 2409 1505 2566 1571; x_wconf 89' lang='lat' dir='ltr'><strong>serit</strong></span> <span class='ocrx_word' id='word_1_335' title='bbox 2622 1502 2847 1571; x_wconf 90' lang='lat' dir='ltr'><strong>contra</strong></span> <span class='ocrx_word' id='word_1_336' title='bbox 2885 1504 3274 1571; x_wconf 91' lang='lat' dir='ltr'><strong>sententiam</strong></span> <span class='ocrx_word' id='word_1_337' title='bbox 3328 1503 3711 1582; x_wconf 83' lang='lat' dir='ltr'><strong>Avicennae,</strong></span> <span class='ocrx_word' id='word_1_338' title='bbox 3759 1522 3957 1589; x_wconf 86' lang='lat' dir='ltr'><strong>quam</strong></span> 
     </span>
     <span class='ocr_line' id='line_1_56' title="bbox 2410 1616 3957 1707; baseline -0.003 -21"><span class='ocrx_word' id='word_1_339' title='bbox 2410 1621 2516 1686; x_wconf 87' lang='lat' dir='ltr'><strong>hio</strong></span> <span class='ocrx_word' id='word_1_340' title='bbox 2591 1619 2958 1707; x_wconf 90' lang='lat' dir='ltr'><strong>impugnat,</strong></span> <span class='ocrx_word' id='word_1_341' title='bbox 3050 1619 3331 1707; x_wconf 90' lang='lat' dir='ltr'><strong>probans</strong></span> <span class='ocrx_word' id='word_1_342' title='bbox 3397 1618 3525 1684; x_wconf 89' lang='lat' dir='ltr'><strong>late</strong></span> <span class='ocrx_word' id='word_1_343' title='bbox 3583 1616 3761 1703; x_wconf 91' lang='lat' dir='ltr'><strong>quod</strong></span> <span class='ocrx_word' id='word_1_344' title='bbox 3827 1636 3957 1683; x_wconf 90' lang='lat' dir='ltr'><strong>non</strong></span> 
     </span>
     <span class='ocr_line' id='line_1_57' title="bbox 2410 1732 3960 1822; baseline -0.003 -21"><span class='ocrx_word' id='word_1_345' title='bbox 2410 1746 2632 1822; x_wconf 86' lang='lat' dir='ltr'><strong>posset</strong></span> <span class='ocrx_word' id='word_1_346' title='bbox 2687 1732 3124 1820; x_wconf 87' lang='lat' dir='ltr'><strong>Intelligentia</strong></span> <span class='ocrx_word' id='word_1_347' title='bbox 3180 1743 3398 1800; x_wconf 88' lang='lat' dir='ltr'><strong>creata</strong></span> <span class='ocrx_word' id='word_1_348' title='bbox 3445 1733 3512 1798; x_wconf 91' lang='lat' dir='ltr'><strong>in</strong></span> <span class='ocrx_word' id='word_1_349' title='bbox 3562 1732 3690 1798; x_wconf 85' lang='lat' dir='ltr'><strong>alia</strong></span> <span class='ocrx_word' id='word_1_350' title='bbox 3744 1746 3960 1798; x_wconf 88' lang='lat' dir='ltr'><strong>creata</strong></span> 
     </span>
     <span class='ocr_line' id='line_1_58' title="bbox 2408 1849 3959 1939; baseline -0.003 -21"><span class='ocrx_word' id='word_1_351' title='bbox 2408 1852 2611 1931; x_wconf 88' lang='lat' dir='ltr'><strong>beari,</strong></span> <span class='ocrx_word' id='word_1_352' title='bbox 2693 1851 2807 1918; x_wconf 91' lang='lat' dir='ltr'><strong>sed</strong></span> <span class='ocrx_word' id='word_1_353' title='bbox 2867 1852 3095 1939; x_wconf 87' lang='lat' dir='ltr'><strong>nequit</strong></span> <span class='ocrx_word' id='word_1_354' title='bbox 3168 1850 3460 1938; x_wconf 90' lang='lat' dir='ltr'><strong>potentia</strong></span> <span class='ocrx_word' id='word_1_355' title='bbox 3543 1849 3824 1937; x_wconf 81' lang='lat' dir='ltr'><strong>quietari</strong></span> <span class='ocrx_word' id='word_1_356' title='bbox 3891 1850 3959 1914; x_wconf 94' lang='lat' dir='ltr'><strong>in</strong></span> 
     </span>
     <span class='ocr_line' id='line_1_59' title="bbox 2412 1967 3960 2058; baseline -0.003 -21"><span class='ocrx_word' id='word_1_357' title='bbox 2412 1970 2660 2058; x_wconf 91' lang='lat' dir='ltr'><strong>aliquo,</strong></span> <span class='ocrx_word' id='word_1_358' title='bbox 2729 1969 2856 2035; x_wconf 77' lang='lat' dir='ltr'><strong>nisi</strong></span> <span class='ocrx_word' id='word_1_359' title='bbox 2900 1968 2967 2035; x_wconf 91' lang='lat' dir='ltr'><strong>in</strong></span> <span class='ocrx_word' id='word_1_360' title='bbox 3036 1989 3166 2057; x_wconf 93' lang='lat' dir='ltr'><strong>quo</strong></span> <span class='ocrx_word' id='word_1_361' title='bbox 3225 1968 3579 2035; x_wconf 88' lang='lat' dir='ltr'><strong>includitur</strong></span> <span class='ocrx_word' id='word_1_362' title='bbox 3625 1967 3798 2033; x_wconf 89' lang='lat' dir='ltr'><strong>ratio</strong></span> <span class='ocrx_word' id='word_1_363' title='bbox 3855 1967 3960 2033; x_wconf 90' lang='lat' dir='ltr'><strong>sui</strong></span> 
     </span>
     <span class='ocr_line' id='line_1_60' title="bbox 2410 2085 3955 2174; baseline -0.002 -22"><span class='ocrx_word' id='word_1_364' title='bbox 2410 2087 2600 2174; x_wconf 88' lang='lat' dir='ltr'><strong>primi</strong></span> <span class='ocrx_word' id='word_1_365' title='bbox 2640 2086 2901 2174; x_wconf 85' lang='lat' dir='ltr'><strong>objecti,</strong></span> <span class='ocrx_word' id='word_1_366' title='bbox 2963 2108 3175 2174; x_wconf 91' lang='lat' dir='ltr'><strong>neque</strong></span> <span class='ocrx_word' id='word_1_367' title='bbox 3212 2097 3695 2173; x_wconf 88' lang='lat' dir='ltr'><strong>consequenter</strong></span> <span class='ocrx_word' id='word_1_368' title='bbox 3733 2085 3955 2163; x_wconf 86' lang='lat' dir='ltr'><strong>beari;</strong></span> 
     </span>
     <span class='ocr_line' id='line_1_61' title="bbox 2411 2201 3963 2290; baseline 0 -21"><span class='ocrx_word' id='word_1_369' title='bbox 2411 2224 2569 2290; x_wconf 90' lang='lat' dir='ltr'><strong>ergo</strong></span> <span class='ocrx_word' id='word_1_370' title='bbox 2626 2203 2681 2269; x_wconf 91' lang='lat' dir='ltr'><strong>si</strong></span> <span class='ocrx_word' id='word_1_371' title='bbox 2720 2202 3007 2269; x_wconf 87' lang='lat' dir='ltr'><strong>essentia</strong></span> <span class='ocrx_word' id='word_1_372' title='bbox 3067 2202 3298 2289; x_wconf 87' lang='lat' dir='ltr'><strong>Angeli</strong></span> <span class='ocrx_word' id='word_1_373' title='bbox 3331 2215 3505 2269; x_wconf 89' lang='lat' dir='ltr'><strong>esset</strong></span> <span class='ocrx_word' id='word_1_374' title='bbox 3543 2222 3742 2267; x_wconf 86' lang='lat' dir='ltr'><strong>sunm</strong></span> <span class='ocrx_word' id='word_1_375' title='bbox 3782 2201 3963 2288; x_wconf 89' lang='lat' dir='ltr'><strong>obje-</strong></span> 
     </span>
     <span class='ocr_line' id='line_1_62' title="bbox 2409 2318 3962 2407; baseline -0.003 -19"><span class='ocrx_word' id='word_1_376' title='bbox 2409 2334 2586 2388; x_wconf 92' lang='lat' dir='ltr'><strong>ctum</strong></span> <span class='ocrx_word' id='word_1_377' title='bbox 2640 2321 2923 2406; x_wconf 91' lang='lat' dir='ltr'><strong>primum</strong></span> <span class='ocrx_word' id='word_1_378' title='bbox 2983 2333 3047 2386; x_wconf 91' lang='lat' dir='ltr'><strong>et</strong></span> <span class='ocrx_word' id='word_1_379' title='bbox 3104 2320 3516 2407; x_wconf 88' lang='lat' dir='ltr'><strong>adaequatum</strong></span> <span class='ocrx_word' id='word_1_380' title='bbox 3561 2318 3962 2405; x_wconf 91' lang='lat' dir='ltr'><strong>principium</strong></span> 
     </span>
     <span class='ocr_line' id='line_1_63' title="bbox 2412 2435 3963 2525; baseline -0.001 -21"><span class='ocrx_word' id='word_1_381' title='bbox 2412 2438 2845 2525; x_wconf 87' lang='lat' dir='ltr'><strong>intelligendi,</strong></span> <span class='ocrx_word' id='word_1_382' title='bbox 2892 2438 3191 2525; x_wconf 89' lang='lat' dir='ltr'><strong>sequitur</strong></span> <span class='ocrx_word' id='word_1_383' title='bbox 3248 2436 3418 2524; x_wconf 94' lang='lat' dir='ltr'><strong>quod</strong></span> <span class='ocrx_word' id='word_1_384' title='bbox 3462 2437 3527 2503; x_wconf 84' lang='lat' dir='ltr'><strong>in</strong></span> <span class='ocrx_word' id='word_1_385' title='bbox 3570 2457 3643 2504; x_wconf 90' lang='lat' dir='ltr'><strong>se</strong></span> <span class='ocrx_word' id='word_1_386' title='bbox 3674 2436 3821 2522; x_wconf 89' lang='lat' dir='ltr'><strong>ipso</strong></span> <span class='ocrx_word' id='word_1_387' title='bbox 3853 2435 3963 2502; x_wconf 86' lang='lat' dir='ltr'><strong>be-</strong></span> 
     </span>
     <span class='ocr_line' id='line_1_64' title="bbox 2411 2552 3963 2641; baseline -0.001 -22"><span class='ocrx_word' id='word_1_388' title='bbox 2411 2566 2654 2633; x_wconf 90' lang='lat' dir='ltr'><strong>aretur,</strong></span> <span class='ocrx_word' id='word_1_389' title='bbox 2718 2555 2889 2640; x_wconf 90' lang='lat' dir='ltr'><strong>quod</strong></span> <span class='ocrx_word' id='word_1_390' title='bbox 2942 2552 3179 2621; x_wconf 87' lang='lat' dir='ltr'><strong>falsum</strong></span> <span class='ocrx_word' id='word_1_391' title='bbox 3220 2574 3369 2621; x_wconf 93' lang='lat' dir='ltr'><strong>esse</strong></span> <span class='ocrx_word' id='word_1_392' title='bbox 3426 2552 3658 2641; x_wconf 88' lang='lat' dir='ltr'><strong>probat</strong></span> <span class='ocrx_word' id='word_1_393' title='bbox 3707 2554 3804 2617; x_wconf 81' lang='lat' dir='ltr'><strong>ibi</strong></span> <span class='ocrx_word' id='word_1_394' title='bbox 3841 2556 3963 2618; x_wconf 89' lang='lat' dir='ltr'><strong>Do·</strong></span> 
     </span>
     <span class='ocr_line' id='line_1_65' title="bbox 2411 2665 3961 2756; baseline -0.002 -21"><span class='ocrx_word' id='word_1_395' title='bbox 2411 2684 2575 2737; x_wconf 88' lang='lat' dir='ltr'><strong>ctor.</strong></span> <span class='ocrx_word' id='word_1_396' title='bbox 2620 2670 2832 2735; x_wconf 87' lang='lat' dir='ltr'><strong>Minor</strong></span> <span class='ocrx_word' id='word_1_397' title='bbox 2892 2671 3205 2756; x_wconf 87' lang='lat' dir='ltr'><strong>probatur</strong></span> <span class='ocrx_word' id='word_1_398' title='bbox 3272 2669 3634 2749; x_wconf 88' lang='lat' dir='ltr'><strong>inductive‚</strong></span> <span class='ocrx_word' id='word_1_399' title='bbox 3697 2667 3853 2754; x_wconf 91' lang='lat' dir='ltr'><strong>quia</strong></span> <span class='ocrx_word' id='word_1_400' title='bbox 3895 2665 3961 2733; x_wconf 89' lang='lat' dir='ltr'><strong>id</strong></span> 
     </span>
     <span class='ocr_line' id='line_1_66' title="bbox 2411 2784 3964 2873; baseline -0.002 -21"><span class='ocrx_word' id='word_1_401' title='bbox 2411 2797 2588 2873; x_wconf 90' lang='lat' dir='ltr'><strong>patet</strong></span> <span class='ocrx_word' id='word_1_402' title='bbox 2628 2786 2694 2851; x_wconf 90' lang='lat' dir='ltr'><strong>in</strong></span> <span class='ocrx_word' id='word_1_403' title='bbox 2734 2785 3042 2851; x_wconf 89' lang='lat' dir='ltr'><strong>omnibus</strong></span> <span class='ocrx_word' id='word_1_404' title='bbox 3082 2784 3391 2871; x_wconf 91' lang='lat' dir='ltr'><strong>potentiis</strong></span> <span class='ocrx_word' id='word_1_405' title='bbox 3427 2784 3817 2872; x_wconf 78' lang='lat' dir='ltr'><strong>operativiS,</strong></span> <span class='ocrx_word' id='word_1_406' title='bbox 3851 2803 3964 2849; x_wconf 86' lang='lat' dir='ltr'><strong>ex·</strong></span> 
     </span>
     <span class='ocr_line' id='line_1_67' title="bbox 2410 2900 3965 2989; baseline -0.001 -22"><span class='ocrx_word' id='word_1_407' title='bbox 2410 2902 2726 2989; x_wconf 77' lang='lat' dir='ltr'><strong>parientia</strong></span> <span class='ocrx_word' id='word_1_408' title='bbox 2777 2901 2842 2966; x_wconf 91' lang='lat' dir='ltr'><strong>in</strong></span> <span class='ocrx_word' id='word_1_409' title='bbox 2883 2901 3059 2980; x_wconf 91' lang='lat' dir='ltr'><strong>visu,</strong></span> <span class='ocrx_word' id='word_1_410' title='bbox 3106 2902 3172 2966; x_wconf 91' lang='lat' dir='ltr'><strong>in</strong></span> <span class='ocrx_word' id='word_1_411' title='bbox 3233 2901 3599 2979; x_wconf 87' lang='lat' dir='ltr'><strong>voluntate,</strong></span> <span class='ocrx_word' id='word_1_412' title='bbox 3656 2900 3722 2965; x_wconf 91' lang='lat' dir='ltr'><strong>in</strong></span> <span class='ocrx_word' id='word_1_413' title='bbox 3762 2919 3965 2986; x_wconf 88' lang='lat' dir='ltr'><strong>appe-</strong></span> 
     </span>
     <span class='ocr_line' id='line_1_68' title="bbox 2411 3014 3966 3105; baseline -0.003 -22"><span class='ocrx_word' id='word_1_414' title='bbox 2411 3019 2576 3096; x_wconf 92' lang='lat' dir='ltr'><strong>titu;</strong></span> <span class='ocrx_word' id='word_1_415' title='bbox 2631 3029 2805 3105; x_wconf 78' lang='lat' dir='ltr'><strong>patet</strong></span> <span class='ocrx_word' id='word_1_416' title='bbox 2846 3016 2912 3081; x_wconf 91' lang='lat' dir='ltr'><strong>in</strong></span> <span class='ocrx_word' id='word_1_417' title='bbox 2960 3016 3271 3083; x_wconf 90' lang='lat' dir='ltr'><strong>omnibus</strong></span> <span class='ocrx_word' id='word_1_418' title='bbox 3311 3016 3706 3103; x_wconf 76' lang='lat' dir='ltr'><strong>suppositiS,</strong></span> <span class='ocrx_word' id='word_1_419' title='bbox 3770 3028 3842 3081; x_wconf 92' lang='lat' dir='ltr'><strong>ut</strong></span> <span class='ocrx_word' id='word_1_420' title='bbox 3897 3014 3966 3080; x_wconf 89' lang='lat' dir='ltr'><strong>in</strong></span> 
     </span>
     <span class='ocr_line' id='line_1_69' title="bbox 2410 3129 3967 3221; baseline -0.003 -21"><span class='ocrx_word' id='word_1_421' title='bbox 2410 3136 2563 3213; x_wconf 82' lang='lat' dir='ltr'><strong>Deo,</strong></span> <span class='ocrx_word' id='word_1_422' title='bbox 2609 3132 2884 3221; x_wconf 84' lang='lat' dir='ltr'><strong>Angelo,</strong></span> <span class='ocrx_word' id='word_1_423' title='bbox 2926 3132 3232 3213; x_wconf 78' lang='lat' dir='ltr'><strong>ltomine3</strong></span> <span class='ocrx_word' id='word_1_424' title='bbox 3278 3142 3453 3221; x_wconf 90' lang='lat' dir='ltr'><strong>patet</strong></span> <span class='ocrx_word' id='word_1_425' title='bbox 3492 3130 3772 3208; x_wconf 88' lang='lat' dir='ltr'><strong>ratione,</strong></span> <span class='ocrx_word' id='word_1_426' title='bbox 3809 3129 3967 3218; x_wconf 88' lang='lat' dir='ltr'><strong>quia</strong></span> 
     </span>
     <span class='ocr_line' id='line_1_70' title="bbox 2414 3246 3967 3338; baseline -0.002 -23"><span class='ocrx_word' id='word_1_427' title='bbox 2414 3250 2726 3338; x_wconf 89' lang='lat' dir='ltr'><strong>quietatio</strong></span> <span class='ocrx_word' id='word_1_428' title='bbox 2759 3250 3070 3337; x_wconf 79' lang='lat' dir='ltr'><strong>potentiae</strong></span> <span class='ocrx_word' id='word_1_429' title='bbox 3111 3262 3233 3329; x_wconf 87' lang='lat' dir='ltr'><strong>est,</strong></span> <span class='ocrx_word' id='word_1_430' title='bbox 3270 3263 3597 3337; x_wconf 89' lang='lat' dir='ltr'><strong>quatenus</strong></span> <span class='ocrx_word' id='word_1_431' title='bbox 3626 3246 3967 3314; x_wconf 87' lang='lat' dir='ltr'><strong>inclinatio</strong></span> 
     </span>
     <span class='ocr_line' id='line_1_71' title="bbox 2412 3365 3963 3453; baseline -0.002 -22"><span class='ocrx_word' id='word_1_432' title='bbox 2412 3366 2557 3452; x_wconf 89' lang='lat' dir='ltr'><strong>ejus</strong></span> <span class='ocrx_word' id='word_1_433' title='bbox 2614 3366 2835 3432; x_wconf 88' lang='lat' dir='ltr'><strong>innata</strong></span> <span class='ocrx_word' id='word_1_434' title='bbox 2901 3376 2999 3432; x_wconf 89' lang='lat' dir='ltr'><strong>est</strong></span> <span class='ocrx_word' id='word_1_435' title='bbox 3068 3365 3353 3452; x_wconf 85' lang='lat' dir='ltr'><strong>perfecte</strong></span> <span class='ocrx_word' id='word_1_436' title='bbox 3419 3366 3772 3453; x_wconf 79' lang='lat' dir='ltr'><strong>conjuncta</strong></span> <span class='ocrx_word' id='word_1_437' title='bbox 3840 3384 3963 3430; x_wconf 89' lang='lat' dir='ltr'><strong>suo</strong></span> 
     </span>
     <span class='ocr_line' id='line_1_72' title="bbox 2410 3480 3965 3570; baseline -0.001 -23"><span class='ocrx_word' id='word_1_438' title='bbox 2410 3483 2665 3570; x_wconf 90' lang='lat' dir='ltr'><strong>objecto</strong></span> <span class='ocrx_word' id='word_1_439' title='bbox 2732 3482 2945 3570; x_wconf 92' lang='lat' dir='ltr'><strong>primo</strong></span> <span class='ocrx_word' id='word_1_440' title='bbox 3021 3494 3087 3549; x_wconf 90' lang='lat' dir='ltr'><strong>et</strong></span> <span class='ocrx_word' id='word_1_441' title='bbox 3164 3482 3531 3569; x_wconf 73' lang='lat' dir='ltr'><strong>adaequato,</strong></span> <span class='ocrx_word' id='word_1_442' title='bbox 3604 3480 3784 3569; x_wconf 89' lang='lat' dir='ltr'><strong>quod</strong></span> <span class='ocrx_word' id='word_1_443' title='bbox 3861 3491 3965 3548; x_wconf 87' lang='lat' dir='ltr'><strong>est</strong></span> 
     </span>
     <span class='ocr_line' id='line_1_73' title="bbox 2411 3597 3962 3686; baseline 0 -23"><span class='ocrx_word' id='word_1_444' title='bbox 2411 3597 2847 3684; x_wconf 85' lang='lat' dir='ltr'><strong>perfectivum</strong></span> <span class='ocrx_word' id='word_1_445' title='bbox 2888 3599 3034 3686; x_wconf 88' lang='lat' dir='ltr'><strong>ejus</strong></span> <span class='ocrx_word' id='word_1_446' title='bbox 3097 3618 3213 3686; x_wconf 88' lang='lat' dir='ltr'><strong>per</strong></span> <span class='ocrx_word' id='word_1_447' title='bbox 3261 3619 3357 3680; x_wconf 88' lang='lat' dir='ltr'><strong>se,</strong></span> <span class='ocrx_word' id='word_1_448' title='bbox 3435 3597 3691 3683; x_wconf 90' lang='lat' dir='ltr'><strong>reliqua</strong></span> <span class='ocrx_word' id='word_1_449' title='bbox 3738 3610 3962 3665; x_wconf 90' lang='lat' dir='ltr'><strong>autem</strong></span> 
     </span>
     <span class='ocr_line' id='line_1_74' title="bbox 2413 3714 3961 3802; baseline -0.001 -22"><span class='ocrx_word' id='word_1_450' title='bbox 2413 3714 2664 3781; x_wconf 89' lang='lat' dir='ltr'><strong>ratione</strong></span> <span class='ocrx_word' id='word_1_451' title='bbox 2752 3714 2967 3795; x_wconf 89' lang='lat' dir='ltr'><strong>illius;</strong></span> <span class='ocrx_word' id='word_1_452' title='bbox 3039 3735 3199 3802; x_wconf 87' lang='lat' dir='ltr'><strong>ergo</strong></span> <span class='ocrx_word' id='word_1_453' title='bbox 3261 3715 3318 3782; x_wconf 91' lang='lat' dir='ltr'><strong>si</strong></span> <span class='ocrx_word' id='word_1_454' title='bbox 3367 3714 3655 3782; x_wconf 89' lang='lat' dir='ltr'><strong>essentia</strong></span> <span class='ocrx_word' id='word_1_455' title='bbox 3723 3714 3961 3801; x_wconf 84' lang='lat' dir='ltr'><strong>Angeli</strong></span> 
     </span>
     <span class='ocr_line' id='line_1_75' title="bbox 2412 3831 3962 3920; baseline -0.001 -23"><span class='ocrx_word' id='word_1_456' title='bbox 2412 3843 2512 3897; x_wconf 86' lang='lat' dir='ltr'><strong>cst</strong></span> <span class='ocrx_word' id='word_1_457' title='bbox 2553 3831 2836 3917; x_wconf 89' lang='lat' dir='ltr'><strong>primum</strong></span> <span class='ocrx_word' id='word_1_458' title='bbox 2879 3843 2943 3898; x_wconf 91' lang='lat' dir='ltr'><strong>et</strong></span> <span class='ocrx_word' id='word_1_459' title='bbox 2986 3831 3403 3919; x_wconf 70' lang='lat' dir='ltr'><strong>adaequatum</strong></span> <span class='ocrx_word' id='word_1_460' title='bbox 3444 3832 3805 3920; x_wconf 87' lang='lat' dir='ltr'><strong>objectum,</strong></span> <span class='ocrx_word' id='word_1_461' title='bbox 3863 3850 3962 3896; x_wconf 88' lang='lat' dir='ltr'><strong>re-</strong></span> 
     </span>
     <span class='ocr_line' id='line_1_76' title="bbox 2409 3946 3963 4034; baseline -0.001 -21"><span class='ocrx_word' id='word_1_462' title='bbox 2409 3958 2636 4034; x_wconf 87' lang='lat' dir='ltr'><strong>spectu</strong></span> <span class='ocrx_word' id='word_1_463' title='bbox 2670 3947 2771 4013; x_wconf 91' lang='lat' dir='ltr'><strong>sui</strong></span> <span class='ocrx_word' id='word_1_464' title='bbox 2815 3946 3211 4028; x_wconf 89' lang='lat' dir='ltr'><strong>intellectus,</strong></span> <span class='ocrx_word' id='word_1_465' title='bbox 3251 3948 3317 4014; x_wconf 90' lang='lat' dir='ltr'><strong>in</strong></span> <span class='ocrx_word' id='word_1_466' title='bbox 3351 3968 3425 4014; x_wconf 91' lang='lat' dir='ltr'><strong>ea</strong></span> <span class='ocrx_word' id='word_1_467' title='bbox 3457 3947 3745 4034; x_wconf 88' lang='lat' dir='ltr'><strong>perfecte</strong></span> <span class='ocrx_word' id='word_1_468' title='bbox 3775 3946 3963 4034; x_wconf 91' lang='lat' dir='ltr'><strong>quie-</strong></span> 
     </span>
     <span class='ocr_line' id='line_1_77' title="bbox 2406 4062 3955 4142; baseline 0.001 -15"><span class='ocrx_word' id='word_1_469' title='bbox 2406 4072 2605 4142; x_wconf 88' lang='lat' dir='ltr'><strong>tatur,</strong></span> <span class='ocrx_word' id='word_1_470' title='bbox 2658 4082 2790 4128; x_wconf 91' lang='lat' dir='ltr'><strong>non</strong></span> <span class='ocrx_word' id='word_1_471' title='bbox 2857 4062 3069 4130; x_wconf 90' lang='lat' dir='ltr'><strong>solum</strong></span> <span class='ocrx_word' id='word_1_472' title='bbox 3111 4063 3477 4130; x_wconf 90' lang='lat' dir='ltr'><strong>secundum</strong></span> <span class='ocrx_word' id='word_1_473' title='bbox 3520 4062 3955 4139; x_wconf 88' lang='lat' dir='ltr'><strong>intellectum,</strong></span> 
     </span>
     <span class='ocr_line' id='line_1_78' title="bbox 2407 4177 3646 4247; baseline 0.002 -3"><span class='ocrx_word' id='word_1_474' title='bbox 2407 4177 2522 4244; x_wconf 84' lang='lat' dir='ltr'><strong>sed</strong></span> <span class='ocrx_word' id='word_1_475' title='bbox 2619 4178 2814 4245; x_wconf 89' lang='lat' dir='ltr'><strong>etiam</strong></span> <span class='ocrx_word' id='word_1_476' title='bbox 2873 4179 3235 4247; x_wconf 86' lang='lat' dir='ltr'><strong>secundum</strong></span> <span class='ocrx_word' id='word_1_477' title='bbox 3309 4179 3646 4246; x_wconf 85' lang='lat' dir='ltr'><strong>affectum.</strong></span> 
     </span>
    </p>
   </div>
   <div class='ocr_carea' id='block_1_15' title="bbox 4010 938 4140 1051">
    <p class='ocr_par' dir='ltr' id='par_1_21' title="bbox 4010 938 4140 1051">
     <span class='ocr_line' id='line_1_79' title="bbox 4010 938 4140 1051; baseline 0 0"><span class='ocrx_word' id='word_1_478' title='bbox 4010 938 4140 1051; x_wconf 57' lang='grc' dir='ltr'>Ἢ</span> 
     </span>
    </p>
   </div>
   <div class='ocr_carea' id='block_1_16' title="bbox 4010 1267 4138 1317">
    <p class='ocr_par' dir='ltr' id='par_1_22' title="bbox 4010 1267 4138 1317">
     <span class='ocr_line' id='line_1_80' title="bbox 4010 1267 4138 1317; baseline 0 0"><span class='ocrx_word' id='word_1_479' title='bbox 4010 1267 4138 1317; x_wconf 62' lang='lat' dir='ltr'><strong>Bau</strong></span> 
     </span>
    </p>
   </div>
   <div class='ocr_carea' id='block_1_17' title="bbox 4012 1337 4138 1378">
    <p class='ocr_par' dir='ltr' id='par_1_23' title="bbox 4012 1337 4138 1378">
     <span class='ocr_line' id='line_1_81' title="bbox 4012 1337 4138 1378; baseline -0.016 1"><span class='ocrx_word' id='word_1_480' title='bbox 4012 1337 4138 1378; x_wconf 79' lang='lat' dir='ltr'><strong>natur</strong></span> 
     </span>
    </p>
   </div>
   <div class='ocr_carea' id='block_1_18' title="bbox 4084 1461 4138 1504">
    <p class='ocr_par' dir='ltr' id='par_1_24' title="bbox 4084 1461 4138 1504">
     <span class='ocr_line' id='line_1_82' title="bbox 4084 1461 4138 1504; baseline 0 0"><span class='ocrx_word' id='word_1_481' title='bbox 4084 1461 4138 1504; x_wconf 65' lang='lat' dir='ltr'><strong>tta</strong></span> 
     </span>
    </p>
   </div>
   <div class='ocr_carea' id='block_1_19' title="bbox 2496 4294 4128 4383">
    <p class='ocr_par' dir='ltr' id='par_1_25' title="bbox 2496 4294 4128 4383">
     <span class='ocr_line' id='line_1_83' title="bbox 2496 4294 4128 4383; baseline 0.002 -24"><span class='ocrx_word' id='word_1_482' title='bbox 2496 4295 2682 4360; x_wconf 89' lang='lat' dir='ltr'><strong>Dices</strong></span> <span class='ocrx_word' id='word_1_483' title='bbox 2746 4315 2893 4361; x_wconf 91' lang='lat' dir='ltr'><strong>esse</strong></span> <span class='ocrx_word' id='word_1_484' title='bbox 2947 4295 3235 4382; x_wconf 90' lang='lat' dir='ltr'><strong>primum</strong></span> <span class='ocrx_word' id='word_1_485' title='bbox 3295 4297 3617 4362; x_wconf 89' lang='lat' dir='ltr'><strong>motivum</strong></span> <span class='ocrx_word' id='word_1_486' title='bbox 3677 4294 3750 4364; x_wconf 91' lang='lat' dir='ltr'><strong>in</strong></span> <span class='ocrx_word' id='word_1_487' title='bbox 3791 4294 3956 4362; x_wconf 89' lang='lat' dir='ltr'><strong>rati-</strong></span> <span class='ocrx_word' id='word_1_488' title='bbox 3991 4319 4128 4383; x_wconf 58' lang='lat' dir='ltr'><strong>napo</strong></span> 
     </span>
    </p>
   </div>
   <div class='ocr_carea' id='block_1_20' title="bbox 2403 4412 3954 4850">
    <p class='ocr_par' dir='ltr' id='par_1_26' title="bbox 2403 4412 3954 4850">
     <span class='ocr_line' id='line_1_84' title="bbox 2404 4412 3949 4499; baseline 0.001 -23"><span class='ocrx_word' id='word_1_489' title='bbox 2404 4431 2528 4477; x_wconf 91' lang='lat' dir='ltr'><strong>one</strong></span> <span class='ocrx_word' id='word_1_490' title='bbox 2597 4412 2925 4499; x_wconf 87' lang='lat' dir='ltr'><strong>principii,</strong></span> <span class='ocrx_word' id='word_1_491' title='bbox 2980 4433 3109 4479; x_wconf 91' lang='lat' dir='ltr'><strong>non</strong></span> <span class='ocrx_word' id='word_1_492' title='bbox 3158 4423 3376 4480; x_wconf 89' lang='lat' dir='ltr'><strong>tamen</strong></span> <span class='ocrx_word' id='word_1_493' title='bbox 3425 4415 3949 4483; x_wconf 88' lang='lat' dir='ltr'><strong>terminativum.</strong></span> 
     </span>
     <span class='ocr_line' id='line_1_85' title="bbox 2406 4527 3954 4613; baseline 0.006 -21"><span class='ocrx_word' id='word_1_494' title='bbox 2406 4529 2655 4593; x_wconf 85' lang='lat' dir='ltr'><strong>Instare</strong></span> <span class='ocrx_word' id='word_1_495' title='bbox 2711 4527 2905 4593; x_wconf 90' lang='lat' dir='ltr'><strong>etiam</strong></span> <span class='ocrx_word' id='word_1_496' title='bbox 2980 4528 3129 4595; x_wconf 91' lang='lat' dir='ltr'><strong>licet</strong></span> <span class='ocrx_word' id='word_1_497' title='bbox 3197 4530 3409 4613; x_wconf 86' lang='lat' dir='ltr'><strong>quoad</strong></span> <span class='ocrx_word' id='word_1_498' title='bbox 3483 4533 3954 4601; x_wconf 88' lang='lat' dir='ltr'><strong>beatitudinem</strong></span> 
     </span>
     <span class='ocr_line' id='line_1_86' title="bbox 2403 4640 3954 4734; baseline 0.006 -27"><span class='ocrx_word' id='word_1_499' title='bbox 2403 4640 2793 4720; x_wconf 89' lang='lat' dir='ltr'><strong>naturalem,</strong></span> <span class='ocrx_word' id='word_1_500' title='bbox 2859 4662 3055 4728; x_wconf 89' lang='lat' dir='ltr'><strong>quam</strong></span> <span class='ocrx_word' id='word_1_501' title='bbox 3107 4643 3404 4732; x_wconf 89' lang='lat' dir='ltr'><strong>plerique</strong></span> <span class='ocrx_word' id='word_1_502' title='bbox 3463 4647 3784 4734; x_wconf 87' lang='lat' dir='ltr'><strong>Theologi</strong></span> <span class='ocrx_word' id='word_1_503' title='bbox 3842 4650 3954 4716; x_wconf 91' lang='lat' dir='ltr'><strong>ad·</strong></span> 
     </span>
     <span class='ocr_line' id='line_1_87' title="bbox 2404 4755 3954 4850; baseline 0.005 -28"><span class='ocrx_word' id='word_1_504' title='bbox 2404 4756 2692 4836; x_wconf 89' lang='lat' dir='ltr'><strong>mittunt,</strong></span> <span class='ocrx_word' id='word_1_505' title='bbox 2756 4755 3118 4845; x_wconf 88' lang='lat' dir='ltr'><strong>(quidquid</strong></span> <span class='ocrx_word' id='word_1_506' title='bbox 3166 4758 3339 4826; x_wconf 88' lang='lat' dir='ltr'><strong>dicat</strong></span> <span class='ocrx_word' id='word_1_507' title='bbox 3386 4763 3678 4848; x_wconf 82' lang='lat' dir='ltr'><strong>vasquez</strong></span> <span class='ocrx_word' id='word_1_508' title='bbox 3727 4763 3797 4829; x_wconf 90' lang='lat' dir='ltr'><strong>in</strong></span> <span class='ocrx_word' id='word_1_509' title='bbox 3837 4785 3954 4850; x_wconf 91' lang='lat' dir='ltr'><strong>op-</strong></span> 
     </span>
    </p>
   </div>
   <div class='ocr_carea' id='block_1_21' title="bbox 2404 4871 4100 4982">
    <p class='ocr_par' dir='ltr' id='par_1_27' title="bbox 2404 4871 4100 4982">
     <span class='ocr_line' id='line_1_88' title="bbox 2404 4871 4100 4982; baseline 0.005 -44"><span class='ocrx_word' id='word_1_510' title='bbox 2404 4871 2733 4960; x_wconf 90' lang='lat' dir='ltr'><strong>positum)</strong></span> <span class='ocrx_word' id='word_1_511' title='bbox 2775 4894 2968 4960; x_wconf 93' lang='lat' dir='ltr'><strong>quam</strong></span> <span class='ocrx_word' id='word_1_512' title='bbox 3022 4875 3290 4942; x_wconf 89' lang='lat' dir='ltr'><strong>haberet</strong></span> <span class='ocrx_word' id='word_1_513' title='bbox 3357 4890 3651 4944; x_wconf 88' lang='lat' dir='ltr'><strong>creatura</strong></span> <span class='ocrx_word' id='word_1_514' title='bbox 3694 4879 3952 4947; x_wconf 83' lang='lat' dir='ltr'><strong>intelle·</strong></span> <span class='ocrx_word' id='word_1_515' title='bbox 4016 4946 4100 4982; x_wconf 79' lang='lat' dir='ltr'><strong>non</strong></span> 
     </span>
    </p>
   </div>
   <div class='ocr_carea' id='block_1_22' title="bbox 2403 4987 3951 5087">
    <p class='ocr_par' dir='ltr' id='par_1_28' title="bbox 2403 4987 3951 5087">
     <span class='ocr_line' id='line_1_89' title="bbox 2403 4987 3951 5087; baseline 0.007 -32"><span class='ocrx_word' id='word_1_516' title='bbox 2403 4987 2637 5056; x_wconf 90' lang='lat' dir='ltr'><strong>ctualis</strong></span> <span class='ocrx_word' id='word_1_517' title='bbox 2705 4988 2772 5054; x_wconf 90' lang='lat' dir='ltr'><strong>in</strong></span> <span class='ocrx_word' id='word_1_518' title='bbox 2823 5001 2993 5056; x_wconf 90' lang='lat' dir='ltr'><strong>statu</strong></span> <span class='ocrx_word' id='word_1_519' title='bbox 3064 5012 3248 5077; x_wconf 86' lang='lat' dir='ltr'><strong>purae</strong></span> <span class='ocrx_word' id='word_1_520' title='bbox 3315 5006 3590 5073; x_wconf 82' lang='lat' dir='ltr'><strong>naturae,</strong></span> <span class='ocrx_word' id='word_1_521' title='bbox 3671 5016 3951 5087; x_wconf 90' lang='lat' dir='ltr'><strong>eamque</strong></span> 
     </span>
    </p>
   </div>
   <div class='ocr_carea' id='block_1_23' title="bbox 4010 4806 4126 4920">
    <p class='ocr_par' dir='ltr' id='par_1_29' title="bbox 4010 4806 4126 4920">
     <span class='ocr_line' id='line_1_90' title="bbox 4010 4806 4126 4870; baseline -0.043 -12"><span class='ocrx_word' id='word_1_522' title='bbox 4010 4806 4126 4870; x_wconf 66' lang='lat' dir='ltr'><strong>objet</strong></span> 
     </span>
     <span class='ocr_line' id='line_1_91' title="bbox 4027 4875 4125 4920; baseline -0.061 0"><span class='ocrx_word' id='word_1_523' title='bbox 4027 4875 4125 4920; x_wconf 75' lang='lat' dir='ltr'><strong>moli</strong></span> 
     </span>
    </p>
   </div>
   <div class='ocr_carea' id='block_1_24' title="bbox 4008 4990 4126 5102">
    <p class='ocr_par' dir='ltr' id='par_1_30' title="bbox 4008 4990 4126 5102">
     <span class='ocr_line' id='line_1_92' title="bbox 4008 4990 4126 5044; baseline -0.034 0"><span class='ocrx_word' id='word_1_524' title='bbox 4008 4990 4126 5044; x_wconf 74' lang='lat' dir='ltr'><strong>ten-mi</strong></span> 
     </span>
     <span class='ocr_line' id='line_1_93' title="bbox 4056 5073 4079 5102; baseline 0 0"><span class='ocrx_word' id='word_1_525' title='bbox 4056 5073 4079 5102; x_wconf 67' lang='lat' dir='ltr'><strong>V</strong></span> 
     </span>
    </p>
   </div>
   <div class='ocr_carea' id='block_1_25' title="bbox 2400 5107 4126 5197">
    <p class='ocr_par' dir='ltr' id='par_1_31' title="bbox 2400 5107 4126 5197">
     <span class='ocr_line' id='line_1_94' title="bbox 2400 5107 4126 5197; baseline 0.006 -25"><span class='ocrx_word' id='word_1_526' title='bbox 2400 5107 2761 5175; x_wconf 87' lang='lat' dir='ltr'><strong>consistere</strong></span> <span class='ocrx_word' id='word_1_527' title='bbox 2820 5109 2885 5174; x_wconf 93' lang='lat' dir='ltr'><strong>in</strong></span> <span class='ocrx_word' id='word_1_528' title='bbox 2953 5112 3441 5197; x_wconf 89' lang='lat' dir='ltr'><strong>operationibus</strong></span> <span class='ocrx_word' id='word_1_529' title='bbox 3479 5116 3649 5182; x_wconf 86' lang='lat' dir='ltr'><strong>circa</strong></span> <span class='ocrx_word' id='word_1_530' title='bbox 3711 5120 3940 5197; x_wconf 92' lang='lat' dir='ltr'><strong>Deum,</strong></span> <span class='ocrx_word' id='word_1_531' title='bbox 3973 5117 4126 5170; x_wconf 64' lang='lat' dir='ltr'><strong>beatius</strong></span> 
     </span>
    </p>
   </div>
   <div class='ocr_carea' id='block_1_26' title="bbox 2399 5223 3953 5664">
    <p class='ocr_par' dir='ltr' id='par_1_32' title="bbox 2399 5223 3953 5664">
     <span class='ocr_line' id='line_1_95' title="bbox 2401 5223 3947 5310; baseline 0.008 -22"><span class='ocrx_word' id='word_1_532' title='bbox 2401 5223 2479 5289; x_wconf 89' lang='lat' dir='ltr'><strong>ad</strong></span> <span class='ocrx_word' id='word_1_533' title='bbox 2525 5245 2686 5310; x_wconf 90' lang='lat' dir='ltr'><strong>quas</strong></span> <span class='ocrx_word' id='word_1_534' title='bbox 2746 5245 2876 5291; x_wconf 91' lang='lat' dir='ltr'><strong>non</strong></span> <span class='ocrx_word' id='word_1_535' title='bbox 2917 5238 3209 5293; x_wconf 89' lang='lat' dir='ltr'><strong>moveret</strong></span> <span class='ocrx_word' id='word_1_536' title='bbox 3261 5233 3453 5308; x_wconf 76' lang='lat' dir='ltr'><strong>Deua,</strong></span> <span class='ocrx_word' id='word_1_537' title='bbox 3518 5231 3668 5299; x_wconf 90' lang='lat' dir='ltr'><strong>licet</strong></span> <span class='ocrx_word' id='word_1_538' title='bbox 3724 5234 3947 5300; x_wconf 90' lang='lat' dir='ltr'><strong>termi-</strong></span> 
     </span>
     <span class='ocr_line' id='line_1_96' title="bbox 2401 5340 3951 5433; baseline 0.006 -27"><span class='ocrx_word' id='word_1_539' title='bbox 2401 5352 2585 5407; x_wconf 88' lang='lat' dir='ltr'><strong>naret</strong></span> <span class='ocrx_word' id='word_1_540' title='bbox 2624 5340 2690 5406; x_wconf 92' lang='lat' dir='ltr'><strong>in</strong></span> <span class='ocrx_word' id='word_1_541' title='bbox 2750 5342 3001 5408; x_wconf 84' lang='lat' dir='ltr'><strong>ratione</strong></span> <span class='ocrx_word' id='word_1_542' title='bbox 3037 5342 3276 5428; x_wconf 85' lang='lat' dir='ltr'><strong>objecti</strong></span> <span class='ocrx_word' id='word_1_543' title='bbox 3327 5344 3473 5412; x_wconf 90' lang='lat' dir='ltr'><strong>illas</strong></span> <span class='ocrx_word' id='word_1_544' title='bbox 3530 5348 3951 5433; x_wconf 85' lang='lat' dir='ltr'><strong>operationes</strong></span> 
     </span>
     <span class='ocr_line' id='line_1_97' title="bbox 2399 5455 3949 5553; baseline 0.008 -31"><span class='ocrx_word' id='word_1_545' title='bbox 2399 5455 2479 5523; x_wconf 91' lang='lat' dir='ltr'><strong>ad</strong></span> <span class='ocrx_word' id='word_1_546' title='bbox 2520 5478 2681 5544; x_wconf 91' lang='lat' dir='ltr'><strong>quas</strong></span> <span class='ocrx_word' id='word_1_547' title='bbox 2746 5457 3129 5525; x_wconf 88' lang='lat' dir='ltr'><strong>devenirent</strong></span> <span class='ocrx_word' id='word_1_548' title='bbox 3193 5475 3512 5528; x_wconf 84' lang='lat' dir='ltr'><strong>creaturae</strong></span> <span class='ocrx_word' id='word_1_549' title='bbox 3588 5486 3707 5553; x_wconf 91' lang='lat' dir='ltr'><strong>per</strong></span> <span class='ocrx_word' id='word_1_550' title='bbox 3773 5468 3949 5534; x_wconf 90' lang='lat' dir='ltr'><strong>viam</strong></span> 
     </span>
     <span class='ocr_line' id='line_1_98' title="bbox 2399 5570 3953 5664; baseline 0.01 -26"><span class='ocrx_word' id='word_1_551' title='bbox 2399 5570 2691 5653; x_wconf 77' lang='lat' dir='ltr'><strong>effectus,</strong></span> <span class='ocrx_word' id='word_1_552' title='bbox 2742 5585 2805 5641; x_wconf 89' lang='lat' dir='ltr'><strong>et</strong></span> <span class='ocrx_word' id='word_1_553' title='bbox 2872 5593 2910 5641; x_wconf 91' lang='lat' dir='ltr'><strong>a</strong></span> <span class='ocrx_word' id='word_1_554' title='bbox 2973 5574 3365 5661; x_wconf 83' lang='lat' dir='ltr'><strong>posteriori;</strong></span> <span class='ocrx_word' id='word_1_555' title='bbox 3425 5597 3586 5664; x_wconf 87' lang='lat' dir='ltr'><strong>ergo</strong></span> <span class='ocrx_word' id='word_1_556' title='bbox 3653 5600 3787 5648; x_wconf 91' lang='lat' dir='ltr'><strong>non</strong></span> <span class='ocrx_word' id='word_1_557' title='bbox 3850 5596 3953 5653; x_wconf 90' lang='lat' dir='ltr'><strong>est</strong></span> 
     </span>
    </p>
   </div>
   <div class='ocr_carea' id='block_1_27' title="bbox 4000 5186 4126 5232">
    <p class='ocr_par' dir='ltr' id='par_1_33' title="bbox 4000 5186 4126 5232">
     <span class='ocr_line' id='line_1_99' title="bbox 4000 5186 4126 5232; baseline -0.056 0"><span class='ocrx_word' id='word_1_558' title='bbox 4000 5186 4126 5232; x_wconf 71' lang='lat' dir='ltr'><strong>natur</strong></span> 
     </span>
    </p>
   </div>
  </div>
 </body>
</html>
