4255 6375
1420 388 1615 450 Dls'r.
1663 389 1708 449 1.
1759 388 2118 464 QUAES'rlo
2164 391 2272 456 vl.

237 545 399 618 sive
483 546 914 640 dispositio
991 548 1071 619 in
1138 568 1409 629 carne,
1509 551 1773 622 totum

238 664 501 754 potest
568 664 783 736 Deus
855 684 1298 758 reparare;
1364 665 1496 737 sed
1557 664 1779 737 ultra

235 777 389 850 ista
464 780 905 873 virginitas
982 782 1174 856 dicit
1260 782 1777 874 negationem

236 899 657 987 quamdam
698 904 929 973 actus
974 900 1400 991 praeteriti,
1447 905 1534 972 ut
1576 899 1781 973 scili-

232 1016 352 1086 cet
402 1033 815 1105 nunquam
867 1014 1255 1088 cecidisse
1297 1020 1586 1097 mente,
1650 1016 1777 1089 vel

234 1147 475 1202 carne
508 1128 591 1200 in
632 1135 1050 1222 peccatum
1103 1132 1376 1204 carnis
1415 1157 1430 1214 ;
1468 1154 1567 1205 ex
1620 1153 1775 1224 quo

232 1244 440 1316 enim
502 1250 733 1319 actus
791 1249 1215 1340 praeteriit,
1278 1270 1438 1321 non
1509 1254 1777 1342 potest

136 1450 139 1459 Ι
229 1364 437 1436 Deus
482 1363 780 1451 facere,
847 1367 1039 1459 quin
1082 1368 1511 1459 praeteriit.
1558 1368 1776 1441 Unde

135 1469 200 1560 ’ξι
231 1479 778 1575 Philosophus
808 1484 870 1556 6.
912 1487 1302 1564 Emit-prum
1333 1509 1388 1553 c.
1445 1486 1509 1555 3.
1565 1505 1776 1557 com-

143 1613 154 1624 ·
228 1598 547 1671 mendat
580 1599 886 1673 dictum
923 1600 1378 1691 Agathonis
1422 1603 1641 1674 recte
1671 1601 1777 1673 di-

227 1714 485 1789 centis
522 1739 537 1782 :
576 1719 707 1784 Hoc
744 1721 882 1785 solo
908 1722 1227 1806 privatur
1256 1721 1431 1785 Deus
1474 1721 1775 1806 inqem‘ta

223 1837 469 1919 facere,
534 1856 679 1921 quae
732 1838 919 1920 sacca
974 1848 1150 1902 sunt.
1204 1837 1302 1907 Et
1358 1834 1567 1905 ratio
1622 1839 1771 1918 est,

226 1946 413 2038 quia
476 1948 698 2020 nulla
750 1946 999 2022 factio
1045 1952 1313 2042 potest
1372 1971 1549 2022 esse
1615 1969 1774 2021 non

224 2062 460 2146 entiS,
531 2063 623 2137 de
710 2064 982 2157 aliquo
1078 2085 1234 2136 non
1306 2071 1513 2148 ente,
1589 2065 1774 2157 quia

227 2181 624 2269 (maxime
719 2182 1212 2254 extendendo
1299 2182 1773 2270 factionem)

227 2297 600 2387 quaelibet
631 2300 757 2371 est
786 2298 911 2370 vel
960 2299 1172 2371 entis
1213 2299 1302 2371 de
1354 2319 1513 2371 non
1560 2302 1767 2380 ente,

222 2413 344 2483 vel
386 2433 552 2487 non
587 2413 797 2486 entis
836 2415 927 2486 de
978 2418 1187 2494 ente.
1249 2414 1461 2488 sicut
1506 2415 1584 2486 in
1645 2434 1773 2486 an-

224 2528 732 2616 nihilatione,
765 2530 893 2603 vel
925 2530 1137 2603 entis
1170 2531 1260 2603 de
1302 2536 1531 2611 ente;
1582 2550 1775 2623 prae·

224 2646 564 2720 teritum
652 2650 925 2720 autem
1011 2667 1172 2720 non
1248 2653 1374 2721 est
1460 2668 1626 2729 ens,
1690 2653 1771 2721 et

224 2761 491 2853 ipsum
551 2781 711 2834 non
773 2760 1300 2853 praeteriisse,
1362 2766 1485 2836 est
1556 2762 1771 2835 aliud

221 2899 380 2952 non
429 2899 614 2960 ens;
668 2898 868 2971 ergo
904 2900 1066 2954 non
1111 2884 1381 2973 potest
1422 2901 1522 2952 ex
1566 2900 1772 2973 prae-

222 2995 470 3070 terito
504 2996 710 3080 fieri,
767 2998 975 3089 quod
1015 3017 1177 3070 non
1240 2997 1346 3071 sit
1408 2998 1761 3090 praeteri-

225 3113 423 3184 tum.

311 3230 393 3303 Si
436 3231 900 3323 objiciatur,
965 3231 1032 3304 si
1083 3233 1298 3304 Deus
1363 3234 1625 3304 totum
1676 3231 1771 3303 il-

225 3344 353 3417 lud
386 3346 874 3430 absolutum,
913 3347 1119 3439 quod
1161 3345 1399 3420 estin
1433 3346 1771 3437 virgini-

229 3467 416 3545 tate,
454 3466 726 3556 potest
762 3465 1228 3544 restituere,
1266 3482 1466 3555 ergo
1510 3467 1590 3536 et
1642 3484 1772 3534 au-

231 3580 536 3652 reolam
574 3582 929 3664 reddere,
975 3602 1163 3654 nani
1193 3582 1529 3654 aureola
1564 3581 1771 3653 vide-

230 3699 367 3768 tur
414 3700 1063 3791 correspondere
1103 3698 1350 3771 alicui
1402 3698 1771 3791 perfecti-

237 3813 366 3885 oni
394 3815 763 3887 absolute
810 3813 889 3887 in
920 3814 1426 3907 virginitate.
1493 3818 1771 3891 Potest

234 3927 407 4011 dici,
459 3931 668 4022 quod
706 3934 982 3999 aureola
1031 3932 1377 4023 Virginis
1429 3935 1553 4005 est
1587 3951 1773 4023 gau-

236 4044 444 4117 dium
465 4046 957 4120 accidentale
980 4047 1071 4119 de
1106 4068 1252 4119 sua
1277 4047 1765 4131 innocentia,

212 4158 308 4231 ‚id
347 4165 492 4244 est,
575 4162 667 4233 de
745 4182 1154 4255 nunquam
1239 4162 1625 4236 cecidisse
1688 4162 1768 4234 in

237 4274 425 4348 illud
481 4281 935 4369 peccatum,
992 4277 1086 4349 ad
1164 4278 1371 4370 quod
1416 4299 1772 4351 commu-

236 4390 444 4465 niter
510 4397 810 4466 natura
875 4413 1134 4486 prona
1199 4396 1349 4475 est,
1419 4393 1771 4467 maxime

238 4506 312 4577 in
351 4507 916 4582 adolescentia.

319 4626 417 4696 Et
456 4624 524 4697 si
558 4624 1021 4718 objiciatur,
1068 4627 1271 4716 quod
1307 4626 1465 4698 ista
1535 4646 1770 4717 nega-

237 4739 347 4811 tio
385 4760 537 4813 non
568 4746 694 4815 est
732 4742 1079 4816 materia
1111 4742 1379 4833 gaudii
1425 4743 1769 4814 multum

240 4857 726 4941 excellentis,
779 4858 1348 4951 velspecialis,
1420 4880 1751 4952 respon-

235 4970 395 5054 deo,
466 4973 675 5047 sicut
724 4973 1170 5047 affirmatio
1221 4978 1346 5047 est
1414 4976 1771 5066 1·'ugibilis

237 5105 369 5158 seu
416 5089 753 5173 odibilis,
804 5088 917 5162 sic
960 5090 1290 5181 negatio
1347 5091 1767 5172 amabilis;

237 5202 435 5277 sicut
495 5224 695 5295 ergo
764 5205 1168 5277 excellens
1260 5204 1543 5277 odibile
1619 5212 1768 5291 est,

234 5315 474 5392 fuisse
541 5320 861 5414 lapsum
926 5321 1007 5393 in
1077 5320 1239 5394 tale
1319 5326 1767 5412 peccatum,

234 5431 347 5504 ita
376 5455 468 5507 ex
498 5436 902 5510 charitate
946 5435 1293 5508 amabile
1324 5441 1404 5510 et
1436 5438 1774 5512 delecta-

230 5538 384 5612 bile
450 5547 597 5625 est,
652 5562 1065 5635 nunquam
1120 5543 1529 5617 cecidisse.
1596 5545 1773 5618 Etsi

392 5657 536 5713 Tom.
572 5658 717 5713 XVI.

3339 396 3460 460 209

1889 568 2088 641 ergo
2157 550 2538 642 gaudium
2615 553 3053 628 essentiale
3138 555 3264 627 e'st
3350 554 3443 627 de

1890 664 2096 738 bono
2136 666 2514 759 positivo,
2557 669 2717 742 imo
2755 669 3141 754 maximo,
3169 673 3444 744 tamen

1892 801 2051 853 non
2121 786 2247 856 est
2316 783 2891 859 inconveniens
2969 786 3188 859 ultra
3248 785 3442 858 illud

1892 899 2067 971 addi
2125 900 2452 992 aliquod
2501 903 2885 992 gaudium
2945 902 3440 976 accidentale

1891 1015 1983 1087 de
2020 1017 2483 1107 negatione,
2539 1018 2669 1090 cui
2725 1020 3171 1112 opponitur·
3220 1018 3445 1092 affir-

1896 1130 2149 1203 matio
2207 1132 2545 1205 odibilis.
2603 1134 2951 1206 Multum
2984 1134 3200 1207 enim
3233 1134 3447 1208 addit

1892 1247 1983 1317 de
2026 1248 2321 1339 gaudio
2356 1271 2516 1322 non
2556 1251 2945 1325 cecidisse
2996 1252 3075 1323 in
3117 1253 3442 1345 culpam

1891 1362 2115 1436 ultra
2166 1365 2262 1448 id,
2303 1368 2505 1459 quod
2539 1367 2833 1460 aliquis
2868 1367 3106 1442 habet
3135 1369 3225 1442 de
3259 1368 3438 1456 hoc,

1893 1482 2099 1572 quod
2198 1488 2382 1576 post
2463 1485 2789 1579 culpam
2885 1485 3248 1558 surrexit
3345 1486 3442 1558 ad

1893 1597 2278 1687 gratiam.

1983 1718 2345 1792 Concedo
2438 1736 2636 1808 ergo
2714 1715 2804 1808 (f)
2871 1717 3435 1792 conclusiones

1890 1833 2373 1906 ultimarum
2418 1832 2857 1915 rationum,
2906 1834 3114 1926 quod
3154 1834 3245 1907 de
3299 1854 3439 1918 po-

1890 1951 2149 2024 tentia
2218 1950 2592 2024 absoluta
2672 1955 2947 2044 posset
3033 1953 3248 2025 Deus
3330 1952 3439 2024 di-

1894 2066 2226 2139 mittere
2303 2066 2625 2160 culpam
2688 2067 3203 2159 originalem,
3274 2087 3434 2140 non

1888 2181 2373 2255 conferendo
2450 2183 2833 2275 gratiam,
2907 2189 2987 2258 et
3056 2184 3208 2256 hoc
3272 2203 3644 2273 mamm„
3680 2237 3784 2273 Μ

1885 2294 2126 2376 xime,
2182 2314 2364 2367 cum
2419 2295 2692 2385 gratia
2748 2314 2908 2366 non
2971 2300 3435 2388 opponatur·
3483 2285 3764 2397 ssssffifflffi

1887 2409 2356 2481 formaliter
2431 2415 2761 2503 peccato
2807 2411 3216 2503 originali,
3289 2432 3433 2485 nec
3491 2416 3755 2539 offia‘g·

1886 2527 2118 2598 modo
2199 2526 2669 2601 dimittatur
2754 2527 3429 2621 illudpeccatum

1884 2663 2030 2734 per
2077 2642 2599 2716 collationem
2664 2643 2982 2736 gratiae,
3024 2644 3182 2716 nisi
3243 2645 3434 2733 quia

1880 2758 2156 2849 gratia
2246 2758 2583 2833 includit
2674 2759 3259 2851 aequivalenter
3357 2759 3438 2832 in

1886 2875 2360 2966 acceptione
2427 2874 2699 2948 divina
2775 2875 3190 2968 justitiam
3270 2876 3436 2949 ori-

1884 2990 2264 3081 ginalem,
2342 3011 2514 3084 quae
2574 2989 3042 3065 formaliter
3103 2992 3439 3086 opponi-

1884 3112 2025 3179 tur
2093 3111 2428 3202 peccato
2511 3108 2926 3201 originali.

1974 3226 2086 3298 Ad
2149 3232 2638 3317 argumenta
2688 3232 2791 3321 (g)
2855 3250 3007 3322 pro
3056 3230 3434 3323 opinione
3600 3286 3654 3337 7·

1884 3342 2415 3434 praecedente.
2474 3343 2586 3414 Ad
2639 3344 2993 3436 primum
3056 3345 3429 3429 concedo,
3467 3348 3785 3401 Adrationffi

1886 3458 2094 3549 quod
2176 3462 2448 3550 potest
2557 3460 2735 3531 fieri
2843 3461 2934 3532 de
3025 3461 3435 3534 immunda
3509 3412 3757 3526 3322&ss

1885 3575 2201 3657 munda,
2269 3574 2668 3649 munditia
2722 3577 3137 3669 opposita,
3195 3579 3264 3650 si
3316 3598 3434 3651 re·
3513 3552 3610 3650 ’ἷά
3638 3540 3696 3653 i:

1884 3690 2636 3783 stituaturjustitia
2694 3693 3149 3783 originaliS,
3190 3714 3431 3786 quam

1881 3805 2155 3898 privat
2236 3810 2656 3899 peccatum
2746 3808 3193 3900 originale,
3268 3810 3437 3883 sive

1883 3921 2077 3994 illud
2121 3923 2227 3996 sit
2276 3923 2572 3995 donum
2626 3925 3233 4015 superadditum
3293 3946 3435 3998 na-

1885 4044 2118 4119 turae,
2159 4037 2327 4110 sive
2383 4038 2487 4110 sit
2554 4039 2954 4113 rectitudo
2998 4041 3431 4124 naturaliS,

1888 4155 2202 4230 scilicet
2280 4156 2821 4249 praescindens
2926 4179 3245 4231 omnem
3319 4159 3436 4232 de-

1885 4270 2401 4346 formitatem
2455 4274 2791 4367 peccati.

1974 4388 2086 4460 Ad
2130 4388 2564 4460 secundum
2641 4390 2885 4481 patet,
2946 4391 3147 4481 quod
3225 4390 3435 4463 falsa
3528 4396 3714 4468 Ad‚2·

1885 4510 2009 4579 est
2044 4504 2498 4597 propositio
2525 4506 2616 4577 de
2649 4506 3163 4598 oppositione
3197 4460 3787 4585 istiusjssgffsstssgu

1886 4620 2144 4713 culpae
2185 4620 2279 4692 ad
2339 4620 2721 4711 gratiam,
2789 4622 2952 4693 imo
3015 4622 3131 4695 sic
3193 4643 3432 4716 oppo-
3492 4583 3758 4706 Εζῖῑιῗιῖἷέῗ

1885 4737 2112 4810 nitur
2156 4737 2396 4830 culpa
2431 4737 2590 4809 ista
2623 4736 2971 4828 justitiae
3016 4739 3429 4829 originali,
3472 4708 3781 4819 „3323300

1887 4857 1967 4926 et
2033 4873 2192 4924 non
2253 4853 2570 4944 gratiae,
2646 4850 2800 4924 nisi
2863 4852 3049 4944 quia
3112 4853 3286 4946 ipsa
3358 4830 3780 4954 in3n3¹32¹2{¹⁸005

1885 4967 2359 5060 acceptione
2399 4967 2669 5039 divina
2721 4968 3153 5059 aequivalet
3194 4970 3436 5060 justi·
3486 4954 3759 5083 gssssffssffssff

1887 5085 2023 5157 tiae
2139 5084 2553 5176 originali,
2654 5087 2784 5157 sed
2870 5087 3093 5158 nullo
3202 5088 3433 5160 modo
3489 5078 3752 5194 dgfggf·

1890 5202 2333 5295 opponitur
2399 5202 2689 5293 gratiae
2759 5210 2846 5278 ut
2946 5206 3278 5299 proprie
3354 5211 3435 5281 et

1889 5318 2230 5411 praecise
2291 5318 2648 5410 privatio
2708 5318 2912 5411 ejus.

1976 5433 2089 5504 Ad
2158 5434 2497 5507 tertium
2548 5434 2870 5508 dubium
2940 5438 3088 5519 est,
3155 5439 3433 5510 utrum
3547 5438 3629 5488 Ad
3656 5437 3710 5491 3·

1890 5549 2150 5642 possit
2216 5569 2376 5621 non
2446 5548 2838 5643 imputari
2915 5551 3010 5622 ad
3085 5572 3443 5645 poenam,

3215 5666 3277 5723 14
