4255 6375
590 1446 669 1499 17.

812 336 933 397 552

806 502 1071 574 agente,
1131 503 1239 578 qui
1288 502 1439 564 licet
1491 501 1785 565 includat
1827 503 1891 561 in
1942 518 2061 564 sua
2120 502 2358 564 virtute

804 609 1083 672 formam
1151 612 1563 690 productam,
1624 620 1843 676 tamen
1887 616 1970 676 ob
2017 616 2360 693 incapaci-

810 732 1004 790 tatem
1051 731 1223 807 passi
1285 738 1720 795 concurrente
1767 733 1891 794 alio
1946 734 2126 813 igne,
2175 732 2246 794 fit
2295 734 2360 795 in

808 845 1099 921 potentia
1164 856 1415 909 remota
1486 855 1552 910 et
1621 848 2155 922 indeterminata,
2229 865 2358 910 non

799 978 953 1022 vero
1018 964 1345 1038 proxima,
1421 961 1633 1025 donec
1697 965 2176 1025 determinetur
2237 980 2357 1041 per

804 1077 1076 1154 primam
1106 1094 1395 1153 causam,
1446 1080 1634 1158 cujus
1676 1087 1776 1141 est
1819 1081 2135 1158 supplere
2172 1078 2359 1142 defe-

805 1198 983 1254 ctum
1028 1198 1271 1258 naturae
1313 1195 1378 1257 in
1410 1197 1507 1267 iis,
1554 1200 1616 1257 in
1650 1199 1889 1275 quibus
1931 1198 2074 1274 ipsa
2130 1206 2357 1260 natura

817 1310 1053 1372 delicit.

893 1427 1141 1489 Eodem
1212 1428 1409 1489 modo
1472 1430 1535 1488 in
1610 1431 1972 1506 proposito,
2046 1428 2361 1490 salvando

809 1542 991 1605 idem
1022 1545 1435 1621 principium,
1493 1545 1688 1606 eliam
1738 1544 1958 1624 quoad
2005 1543 2364 1605 efficaciam

809 1662 1402 1735 Sacramentorum,
1450 1662 1815 1739 respective
1869 1662 1954 1723 ad
2025 1662 2362 1733 effectum,

804 1778 915 1854 qui
949 1782 1139 1838 natus
1172 1782 1370 1848 esset,
1406 1777 1597 1857 juxta
1641 1779 1803 1853 haec,
1863 1778 2231 1855 procedere
2280 1778 2359 1839 ab

802 1910 933 1955 uno
983 1898 1240 1954 tantum
1293 1894 1588 1966 seorsim,
1664 1901 1731 1956 et
1796 1911 1930 1955 non
1994 1910 2029 1953 a
2104 1894 2364 1958 duobus

768 2010 1018 2085 ·simul,
1070 2016 1224 2072 tunc
1276 2009 1736 2073 determinatio
1788 2012 2065 2073 effectus
2115 2012 2364 2074 debere

475 5406 787 5524 Prodiffeere-

593 5546 678 5590 tur

808 2134 1150 2208 provenire
1182 2148 1216 2191 a
1249 2132 1455 2209 prima
1501 2149 1720 2203 causa,
1765 2135 2156 2211 inquantum
2201 2137 2359 2195 assi·

801 2249 917 2309 stit
967 2248 1429 2320 sacramentis,
1508 2264 1725 2326 neque
1782 2249 2139 2328 requiritur
2185 2250 2362 2311 aliud

810 2366 1144 2437 motivum,
1178 2370 1252 2425 ut
1281 2382 1486 2428 unum
1521 2384 1651 2445 prae
1700 2367 1823 2429 alio
1886 2370 1951 2430 in
1996 2368 2228 2430 ordine
2280 2369 2363 2430 ad

813 2484 1122 2546 effectum
1172 2483 1527 2555 ordinaret,
1593 2490 1776 2546 extra
1824 2500 2011 2546 suam
2061 2486 2362 2548 volunta-

816 2607 947 2663 tem
975 2622 989 2675 ;
1025 2601 1360 2666 ordinaret
1389 2608 1612 2664 tamen
1646 2603 1915 2682 aliquod
1957 2605 2250 2681 ipsorum
2282 2622 2363 2665 ex

811 2721 1145 2783 voluntate
1190 2721 1488 2801 antiqua,
1537 2738 1664 2799 qua
1712 2720 2005 2784 decrevit
2051 2724 2360 2784 assistere

807 2838 1246 2900 sacramentis
1277 2837 1340 2898 in
1387 2837 1618 2900 ordine
1671 2839 1754 2900 ad
1801 2856 1992 2900 suum
2026 2839 2360 2914 effectum,

807 2956 926 3017 etsi
999 2954 1203 3027 dicaS,
1278 2971 1435 3033 ergo
1519 2956 1692 3016 Deus
1765 2960 1942 3016 esset
2002 2971 2224 3029 causa,
2291 2959 2366 3017 ut

801 3071 1295 3132 Sacramentum
1326 3071 1601 3132 alterum
1651 3076 1908 3133 careret
1954 3072 2220 3135 effectu.

883 3187 1344 3266 Respondetur
1411 3187 1718 3268 negando
1788 3191 2359 3268 consequentiam,

807 3307 959 3386 quia
1029 3306 1161 3366 haec
1223 3305 1412 3385 culpa
1470 3310 1646 3367 esset.
1692 3308 2036 3385 utriusque
2091 3307 2364 3369 ministri

810 3422 1260 3485 concurrentis
1297 3425 1363 3485 in
1397 3439 1475 3483 eo
1510 3438 1690 3496 casu,
1734 3422 1835 3483 vel
1886 3428 2065 3483 certe
2111 3423 2362 3485 dicere·

813 3544 917 3601 tur
985 3545 1290 3602 neutrum
1362 3555 1587 3600 carere
1667 3555 1785 3599 suo
1862 3540 2135 3614 effectu,
2211 3541 2364 3619 quia

811 3672 1017 3718 unum
1086 3653 1409 3736 significat
1472 3655 1781 3718 effectum
1842 3657 1908 3717 in
1960 3658 2142 3733 faceo
2207 3673 2361 3730 esse,

810 3773 1087 3836 alterum
1159 3789 1314 3834 vero
1385 3774 1449 3833 in
1516 3773 1687 3848 fieri,
1763 3771 1940 3850 quod
1993 3770 2233 3833 sufficit
2278 3771 2363 3833 ad

806 3891 1145 3952 veritatem
1197 3889 1418 3952 formae
1457 3893 1823 3968 utriusque,
1857 3894 2156 3967 utsupra
2201 3889 2359 3950 alias

810 4007 1087 4070 diximus
1120 4023 1268 4069 cum
1299 4007 1580 4068 Doctore
1635 4005 1716 4067 de
1771 4006 2098 4083 Baptismo
2155 4006 2362 4086 Virgi-

807 4126 910 4188 nis
952 4128 1096 4187 ἀίει.
1142 4126 1202 4185 4.
1255 4132 1475 4203 quaest.
1527 4124 1586 4185 6.
1636 4125 1711 4185 Et
1739 4123 1832 4185 sic
1866 4128 2063 4187 etiam
2096 4141 2366 4203 respon-

817 4247 1087 4309 deretur
1127 4246 1213 4308 ad
1243 4246 1558 4324 replicam
1605 4262 1641 4305 a
1685 4246 1876 4307 nobis
1919 4243 2183 4322 factam,
2218 4264 2366 4309 con-

816 4370 911 4427 tra
970 4363 1278 4426 eamdem
1322 4362 1771 4435 additionem;
1823 4364 1943 4424 sed
2006 4380 2138 4425 non
2185 4368 2367 4425 recte

815 4482 1118 4562 quadrat,
1167 4482 1318 4559 quia
1362 4482 1858 4542 Sacramentum
1905 4478 2109 4543 debet
2170 4481 2369 4543 habe-

815 4616 888 4661 re
930 4598 1220 4677 aliquem
1262 4597 1573 4661 effectum
1639 4612 1722 4658 ex
1751 4597 2163 4661 ordinatione
2211 4598 2372 4660 divi-

821 4734 904 4779 na
978 4721 1042 4778 el
1088 4715 1216 4778 fine
1286 4731 1419 4777 suae
1486 4713 1926 4785 institutionis,
1996 4713 2081 4776 ad
2117 4714 2242 4776 hoc
2299 4717 2373 4774 ut

824 4832 999 4895 licite
1046 4848 1081 4892 a
1124 4833 1414 4894 ministro
1461 4831 1771 4909 applicari
1815 4831 2053 4909 possit;
2109 4833 2174 4890 in
2216 4847 2371 4907 pro-

822 4951 1032 5030 posito
1108 4951 1357 5011 nullum
1427 4951 1647 5020 habet,
1709 4953 1774 5010 et
1832 4947 2095 5026 quando
2156 4947 2375 5026 signat

826 5070 1136 5131 effectum
1169 5068 1452 5148 aliquem
1484 5069 1548 5129 in
1575 5069 1752 5143 facco
1784 5081 1932 5137 esse,
1980 5066 2141 5127 illud
2174 5064 2375 5127 debet

819 5201 1196 5265 supponere
1258 5184 1362 5246 vel
1418 5202 1454 5245 a
1502 5186 1637 5244 Deo
1699 5197 2084 5243 concessum
2137 5182 2374 5275 imme-

827 5305 1025 5380 diate,
1059 5303 1162 5365 vel
1193 5319 1316 5380 per
1341 5302 1500 5364 alias
1546 5317 1799 5363 causas.

906 5421 1235 5496 Quantum
1282 5434 1441 5497 ergo
1515 5417 1600 5478 ad
1676 5415 1983 5478 effectum
2053 5418 2374 5475 remotum

828 5525 1121 5594 ministri,
1187 5525 1296 5601 qui
1344 5527 1446 5583 est
1501 5522 1710 5598 gratia
1756 5524 1824 5580 et
1881 5519 2239 5592 character,
2287 5516 2379 5577 di·

1965 338 2107 400 ΜΒ.
2145 339 2245 401 lv.
2278 337 2874 404 SENTENTIARUM

2480 501 2767 563 cendum
2826 507 2947 577 est,
3006 503 3110 567 illa
3174 502 3305 566 duo
3364 503 3768 565 Sacramenta
3799 508 3935 569 simul
3987 576 3996 585 ‚

2476 633 2868 680 concurrere
2938 618 3022 680 ad
3075 620 3256 680 illum
3328 619 3666 691 effectum,
3725 624 3786 681 ut
3836 591 3982 685 dicitI

2476 733 2718 793 Doctor
2758 750 2956 810 supra
3008 737 3072 798 in
3123 737 3565 812 responsione
3618 734 3696 795 ad
3739 736 3938 814 primam

2475 847 2944 927 objectionem;
2980 854 3046 910 et
3075 851 3199 912 hoc
3229 866 3366 913 non
3397 857 3494 911 est
3528 853 3941 923 inconveniens,

2477 964 2628 1042 quia
2671 963 2954 1027 efficacia
3007 972 3137 1028 tam
3189 967 3617 1029 ministrantis
3669 983 3839 1046 quam
3875 971 3948 1030 Sa·

2477 1082 2793 1143 cramenti
2851 1083 3142 1145 consistit
3193 1085 3261 1144 in
3334 1100 3415 1144 eo
3493 1084 3778 1160 praecise,
3827 1088 3950 1163 quod

2475 1198 2763 1260 habeant
2810 1198 3190 1278 adjunctam
3244 1199 3481 1261 divinae
3529 1200 3855 1262 voluntatis
3888 1204 3953 1263 de

2479 1311 3003 1373 terminationem
3042 1317 3105 1371 et
3133 1312 3696 1389 promissionem;
3744 1329 3852 1374 303
3897 1328 3958 1376 es

2478 1432 2702 1487 autem
2731 1427 3207 1489 inconveniens
3237 1428 3373 1490 haec
3396 1428 3819 1505 multiplicari,
3837 1431 3898 1491 ita
3917 1446 3959 1490 ut

2477 1544 2716 1607 intuitu
2744 1551 2875 1606 tam
2917 1546 3115 1625 hujus
3171 1562 3369 1624 quarn
3423 1547 3602 1610 illius
3647 1548 3961 1613 sacramenti

2480 1670 2542 1724 et
2595 1662 2887 1735 ministri,
2941 1670 3248 1740 tanquam
3304 1665 3568 1753 motivis
3615 1679 3860 1725 numero
3901 1665 3963 1725 di·

2477 1784 2678 1844 versis
2740 1787 2809 1843 et
2851 1781 3163 1843 totalibus
3211 1781 3700 1845 determinetur
3741 1800 3840 1860 per
3871 1786 3964 1845 sin·

2475 1898 2631 1978 gula
2683 1895 2768 1959 ad
2821 1897 3217 1959 causandam
3268 1898 3559 1978 gratiam
3601 1908 3966 1962 sacramenta·

2475 2014 2630 2088 lem,
2676 2013 2762 2076 ad
2805 2030 3008 2094 quam
3063 2017 3516 2089 Sacramenta,
3587 2020 3871 2094 tanquam
3909 2018 3964 2077 ad

2479 2130 2791 2193 eumdem
2847 2148 3124 2196 numero
3178 2131 3517 2205 effectum,
3578 2138 3658 2196 ut
3719 2133 3964 2211 applicata

2474 2252 2629 2308 sunt
2675 2246 2824 2310 huic
2874 2247 3194 2324 subjecto,
3226 2248 3649 2310 ordinantur.
3695 2250 3793 2333 Sic
3830 2252 3966 2311 etiam

2476 2363 2727 2425 electus
2770 2363 3102 2426 mediante
3133 2364 3465 2441 Baptismo
3502 2371 3624 2426 aut
3651 2366 3966 2428 Poenitentia

2474 2480 2539 2541 in
2583 2479 2712 2542 fine
2755 2483 2989 2559 recipit
3031 2483 3330 2560 gratiam,
3378 2487 3448 2543 et
3498 2483 3806 2545 eamdem
3832 2484 3966 2544 etiam

2472 2601 2702 2676 recipit
2733 2615 2814 2658 ex
2845 2599 3082 2661 motivo
3116 2598 3457 2660 electionis
3504 2617 3669 2673 suoe,
3717 2617 3844 2680 quae
3865 2610 3966 2659 sunt

2476 2716 2733 2777 diversa
2762 2715 3029 2791 motiva,
3075 2716 3159 2777 ad
3206 2716 3524 2780 eumdem
3575 2719 3870 2782 effectum
3891 2717 3964 2778 de·

2476 2832 2916 2895 terminantia.

2556 2951 2674 3012 Alii
2722 2949 2985 3023 docent,
3018 2954 3092 3012 ut
3134 2952 3439 3024 Bassolis,
3475 2953 3582 3014 illa
3615 2955 3967 3016 Sacramenta

2477 3085 2598 3147 per
2632 3069 2902 3132 modum
2947 3070 3144 3133 unius
3192 3087 3266 3132 se
3317 3071 3565 3134 habere
3610 3076 3679 3138 in
3734 3077 3871 3133 actu
3901 3086 4010 3131 se·-

2475 3183 2717 3259 cund0,
2771 3190 2837 3247 et
2898 3186 2991 3248 sic
3053 3189 3251 3250 etiam
3309 3191 3670 3252 commode
3732 3190 3970 3251 sustineri

2475 3307 2722 3379 posset,
2756 3307 2826 3365 et
2854 3302 3168 3366 declarari
3199 3307 3421 3367 unitas
3461 3308 3802 3369 numerica
3852 3308 3973 3384 ipso-

2473 3438 2642 3494 rum,
2694 3436 2776 3481 ex
2826 3420 3074 3483 unitate
3123 3424 3459 3485 numerica
3502 3423 3679 3498 finis,
3721 3430 3792 3484 ut
3836 3422 3980 3482 hicet

2475 3552 2650 3598 nunc
2691 3538 3123 3616 applicantur,
3161 3544 3227 3599 et
3267 3538 3435 3600 fiunt
3466 3545 3534 3600 et
3574 3539 3977 3602 ordinantura

2474 3653 2804 3725 ministriS,
2897 3659 2968 3717 ut
3054 3656 3365 3718 eumdem
3453 3672 3740 3720 numero
3813 3655 3981 3718 finem,

2476 3786 2676 3849 quem
2720 3773 3070 3851 attingunt,
3122 3773 3227 3834 vel
3271 3774 3636 3849 partialiter
3678 3773 3786 3834 vel
3829 3768 3981 3831 totali·

2481 3891 2578 3949 ter
2605 3890 2672 3950 in
2703 3906 2830 3949 esse
2861 3903 3071 3950 causae
3114 3891 3378 3951 moralis
3407 3908 3423 3959 ;
3473 3894 3567 3953 sic
3599 3891 3799 3951 etiam
3829 3889 3983 3951 sumi-

2480 4007 2582 4066 tur
2623 4006 2839 4066 unitas
2889 4006 3225 4067 numerica
3273 4006 3339 4066 in
3393 4008 3823 4068 Sacramento
3849 4004 3976 4066 Alta·

2479 4126 2587 4195 riS,
2645 4127 2720 4184 ut
2788 4123 3129 4186 ordinatur
3200 4139 3319 4201 per
3385 4124 3664 4185 modum
3723 4122 3977 4199 completi

2478 4247 2702 4315 pastus
2775 4243 2842 4301 et
2911 4240 3182 4301 convivii
3256 4239 3339 4301 ad
3409 4238 3730 4303 eumdem
3809 4238 3981 4302 finem,

2481 4362 2773 4439 quamvis
2871 4362 2978 4423 ille
3076 4360 3224 4424 finis
3344 4379 3467 4440 per
3559 4378 3756 4423 unam
3831 4359 3984 4420 solam

2479 4480 2772 4556 speciem
2817 4479 3197 4558 attingatur.
3246 4478 3470 4539 Potest
3545 4478 3834 4558 denique
3862 4476 3982 4536 inre

2481 4593 2710 4654 morali
2788 4595 2955 4654 sumi
3029 4594 3224 4655 etiam
3298 4597 3524 4657 unitas
3598 4593 3908 4657 numerica
3959 4604 3982 4647 a

2482 4712 2755 4775 materia
2801 4717 3052 4773 remota
3090 4713 3466 4791 utriusque,
3516 4731 3760 4791 nempe
3806 4730 3839 4774 a
3874 4710 3984 4771 loti·

2484 4845 2636 4902 one,
2698 4830 3086 4908 inquantum
3144 4830 3415 4909 physice
3479 4831 3765 4910 integrat
3828 4842 3982 4890 unam

2486 4948 2801 5009 lotionem
2878 4946 3354 5023 suscipientis;
3429 4952 3495 5008 et
3563 4949 3656 5008 sic
3726 4945 3980 5024 explicari

2487 5068 2707 5142 potest
2763 5065 3024 5139 Doctor,
3072 5067 3145 5124 ut
3194 5080 3393 5140 supra
3444 5064 3654 5127 visum
3686 5072 3800 5138 est,
3845 5064 3981 5123 etin

2486 5180 2914 5257 responsione
2968 5179 3051 5241 ad
3100 5178 3492 5249 secundum,
3545 5179 3768 5243 dicens
3812 5181 3978 5257 bapti·

2489 5299 2809 5359 zationem
2840 5300 3159 5373 passivam
3192 5315 3338 5360 esse
3387 5317 3614 5373 unam,
3667 5299 3976 5378 intelligen-

2490 5414 2571 5476 do
2632 5422 2759 5476 tam
2821 5413 2903 5476 de
2968 5415 3213 5476 lotione
3270 5416 3525 5478 interna
3586 5434 3776 5497 quam
3826 5415 3976 5477 etiam

2489 5522 2761 5576 externa
2830 5515 3028 5576 modo
3105 5515 3344 5589 dicto;
3417 5521 3770 5598 utrumque
3842 5515 3978 5578 enim
