4255 6375
116 871 231 919 isio.

115 939 223 982 atur

1435 459 1633 523 DlS'l'.
1666 459 1768 520 Vl.
1814 454 2179 533 QUAESTlo
2241 455 2315 516 V.

264 634 682 724 recipientiS,
745 632 1049 721 quamvis
1097 627 1264 695 adsit
1330 627 1396 691 in
1470 625 1665 692 dante
1713 627 1826 690 Ba-

268 756 623 840 ptismum,
667 751 957 837 recipere
995 768 1150 813 vere
1188 748 1706 812 Sacramentum.

395 868 884 955 Respondetur,
938 865 1473 951 chrysostomum
1530 879 1659 924 non
1716 877 1825 922 ex-

115 1000 241 1045 osu>
268 985 551 1052 cludere
605 981 1032 1049 intentionem
1083 978 1443 1064 legitimam
1509 971 1827 1039 offerendi

116 1841 212 1912 iter

115 1909 222 1953 isti·-

118 4087 207 4136 rtia

115 4154 223 4201 actio
232 4190 245 4204 .

272 1123 524 1169 manus
581 1115 643 1167 et
710 1098 908 1165 verba
964 1096 1043 1163 ad
1100 1095 1404 1161 effectum
1474 1087 1824 1177 praestandi

270 1218 628 1306 Baptismi,
664 1216 818 1304 quia
849 1212 1126 1281 intendit
1158 1226 1375 1277 actum
1413 1207 1651 1274 debere
1682 1225 1829 1272 esse

267 1338 646 1401 humanum
682 1332 748 1398 in
781 1331 1009 1397 ordine
1038 1330 1116 1394 ad
1148 1331 1639 1394 Sacramentum
1678 1341 1827 1388 con-

267 1451 636 1518 ficiendum
706 1460 770 1514 et
834 1448 1165 1520 oblatum;
1239 1463 1450 1529 neque
1493 1461 1608 1527 per
1649 1438 1827 1504 mali-

268 1569 436 1634 tiam
519 1566 797 1634 intendit
885 1562 1206 1630 defectum
1285 1557 1667 1625 intentionis
1721 1554 1830 1618 de-

274 1688 467 1766 bitae,
540 1684 655 1751 sed
713 1683 928 1749 solum
979 1677 1343 1765 probitatis,
1414 1686 1479 1741 et
1545 1692 1825 1749 morum,

274 1824 434 1891 quae
490 1820 619 1866 non
661 1810 847 1865 nocet
886 1796 1226 1883 baptizat0,
1270 1793 1351 1858 de
1390 1811 1519 1877 qua
1565 1810 1647 1855 ex
1688 1809 1831 1873 pro·

278 1917 504 2004 posito
546 1915 678 1981 illic
715 1910 1002 1979 disserit.
1039 1908 1353 1974 Similiter
1391 1916 1564 1991 patet
1595 1903 1674 1969 ad
1705 1906 1831 1967 Au-

274 2034 657 2121 gustinum,
694 2029 824 2117 'qui
879 2049 1009 2094 non
1062 2026 1350 2112 loquitur
1386 2023 1467 2090 de
1518 2019 1833 2089 simulati-

273 2172 405 2217 one
436 2148 828 2218 excludente
880 2145 1117 2211 seriam
1166 2141 1590 2207 intentionem
1640 2135 1834 2203 dandi

276 2265 718 2342 Sacramenti,
765 2262 1068 2349 quamvis
1117 2259 1204 2324 ibi
1240 2278 1369 2324 non
1412 2256 1669 2342 integre
1718 2274 1832 2319 ex-

277 2384 484 2471 plicat
522 2383 602 2450 de
647 2402 773 2468 qua
821 2379 1234 2447 simulatione
1274 2387 1448 2461 agat;
1515 2371 1626 2438 sed
1677 2391 1838 2457 prac-

280 2500 463 2566 sumi
496 2501 687 2565 debet
725 2496 804 2563 de
836 2497 957 2562 hac
993 2514 1211 2581 agere.
1259 2495 1335 2557 Et
1387 2493 1549 2555 forte
1607 2486 1838 2553 alludit

279 2616 364 2684 ad
396 2617 810 2704 Baptismum
871 2613 1094 2679 datum
1151 2611 1231 2676 ab
1291 2607 1672 2684 AthanasiO,
1728 2614 1839 2671 aut

281 2734 488 2801 etiam
559 2733 781 2799 datum
814 2739 820 2747 '
852 2729 1047 2795 Mimo
1113 2747 1365 2807 coram,
1411 2722 1833 2800 Diocletiano,

288 2847 524 2934 quide
581 2856 849 2930 repente
901 2858 1264 2907 conversus
1321 2850 1419 2903 est
1474 2850 1534 2900 et
1593 2833 1841 2920 profes-

290 2984 407 3031 sus
442 2962 641 3028 fidem
701 2958 1160 3036 Christianam,
1196 2970 1260 3020 et
1301 2953 1508 3019 factus
1547 2957 1644 3017 est
1678 2953 1840 3017 Mar·

292 3092 427 3167 tyr,
468 3082 535 3145 in
578 3078 821 3165 quibus
853 3097 934 3143 ex
968 3086 1148 3162 parte
1177 3088 1308 3140 tam
1342 3069 1842 3155 suscipientium

295 3219 496 3286 quam
571 3193 984 3263 offerentium
1060 3203 1317 3258 servata
1404 3200 1504 3254 est
1573 3186 1845 3253 intentio

295 3316 472 3382 serio
527 3312 789 3401 agendi,
844 3310 1016 3397 quod
1084 3308 1406 3374 faciebant
1463 3303 1840 3371 Christiani.

300 3429 760 3517 Respondetur
790 3426 983 3494 etiam
1035 3423 1348 3505 secundO,
1403 3420 1843 3504 Augustinum

297 3548 464 3614 nihil
502 3549 568 3613 in
607 3568 683 3612 eo
712 3566 864 3611 casu
896 3529 1391 3618 determinasse,
1429 3540 1542 3606 sed
1575 3556 1846 3622 suspen-

298 3666 480 3733 disse
527 3663 945 3741 sententiam,
1000 3659 1205 3725 donec
1253 3657 1333 3724 ab
1380 3655 1693 3735 Ecclesia,
1739 3667 1850 3717 aut

300 3780 446 3849 aliis
479 3779 722 3869 aliquid
769 3777 1333 3852 determinaretur,
1396 3770 1567 3858 quod
1625 3780 1850 3855 postea

308 3901 553 3966 factum
594 3909 716 3964 est.

397 4004 684 4094 Objicies
742 4002 934 4068 tertio
972 3999 1306 4066 Christum
1335 3993 1704 4063 instituisse
1743 3994 1853 4057 Sa-

311 4133 667 4198 cramenta,
718 4118 912 4184 modo
972 4135 1100 4202 quo
1139 4109 1638 4179 convenientius
1686 4119 1847 4184 erat,

313 4240 424 4305 sed
460 4237 670 4324 magis
709 4233 1110 4302 conveniens
1140 4241 1277 4296 erat
1306 4249 1381 4294 ea
1421 4247 1550 4292 non
1608 4225 1851 4311 depen-

313 4355 468 4423 dere
542 4357 622 4422 ab
673 4351 1035 4419 intentione
1094 4347 1420 4424 ministri;
1492 4362 1651 4429 ergo
1710 4352 1839 4406 etc.

313 4473 523 4539 Minor
554 4471 888 4558 probatur,
943 4465 1093 4553 quia
1137 4482 1344 4551 neque
1380 4460 1504 4529 alia
1543 4459 1734 4544 signa
1772 4475 1855 4521 ex

314 4590 699 4658 auctoritate
776 4585 1032 4674 publica
1106 4581 1402 4648 instituta
1484 4574 1855 4664 dependent

316 4710 395 4775 ab
462 4707 823 4775 intentione
898 4701 1221 4769 utentium
1279 4718 1295 4775 ;
1375 4695 1610 4762 deinde
1696 4713 1853 4759 con-

318 4835 583 4901 tractus,
703 4817 1175 4886 transactiones
1276 4827 1340 4878 et
1448 4806 1850 4896 hujusmodi,

320 4959 449 5005 non
525 4936 895 5024 dependent
962 4935 1043 5001 ab
1123 4929 1485 4996 intentione
1546 4923 1851 5002 ministri,

323 5056 504 5121 verbi
543 5052 776 5142 gratia,
851 5046 1314 5137 procuratoris,
1378 5043 1492 5111 sed
1560 5062 1596 5107 a
1664 5041 1850 5125 lege;

323 5192 477 5259 ergo
542 5170 844 5237 similiter
892 5187 1022 5232 non
1077 5164 1201 5230 fuit
1258 5178 1623 5247 congruum
1663 5156 1857 5222 talem

322 5286 817 5374 dependentiam
914 5284 979 5348 iu
1062 5278 1395 5368 proposito
1454 5274 1846 5342 admiscere.

323 5401 798 5490 Consequentia
837 5411 1033 5488 patet,
1087 5396 1240 5484 quia
1296 5393 1390 5461 sic
1437 5390 1864 5458 redderentur

328 5522 507 5587 multi
551 5517 844 5607 perplexi
883 5518 961 5582 de
1001 5514 1223 5581 valore
1289 5507 1685 5578 Sacramenti
1720 5525 1864 5592 per-

328 5643 517 5725 cepti,
590 5636 775 5704 verbi
831 5633 1068 5722 gratia,
1120 5632 1288 5699 inter
1344 5625 1713 5704 haereticoS,
1751 5610 1863 5710 qui

3372 453 3491 515 575

1940 636 2236 684 errorem
2287 617 2521 682 docent
2585 626 2809 682 contra
2875 612 3218 681 veritatem
3271 617 3493 681 Sacra-

1941 731 2176 797 menti.
2251 730 2496 796 Deinde
2584 731 2705 796 hac
2783 731 3057 809 ratione,
3130 741 3198 795 ut
3250 727 3494 816 passim

1942 847 2165 911 Patres
2233 856 2296 909 et
2361 842 2649 909 Concilia
2720 843 3011 923 tradunt,
3102 862 3230 908 non
3292 841 3501 907 voluit

1942 960 2243 1027 Christus
2322 981 2443 1027 sua
2529 962 2948 1026 Sacramenta
3042 958 3412 1047 dependere
3457 979 3494 1023 a

1943 1077 2284 1162 probitate,
2330 1090 2441 1143 aut
2501 1076 2629 1141 fide
2678 1076 3008 1155 ministri;
3062 1096 3224 1165 ergo
3286 1074 3497 1161 magis

1943 1195 2006 1260 id
2035 1194 2341 1279 congruit
2388 1214 2468 1259 ne
2505 1192 2950 1279 dependerent
2998 1191 3192 1257 etiam
3235 1191 3314 1257 ab
3354 1192 3497 1278 ejus

1943 1311 2336 1377 intentione.

2031 1426 2482 1512 Respondetur
2514 1424 2812 1511 negando
2851 1424 3194 1491 minorem.
3240 1422 3335 1490 Ad
3383 1444 3491 1489 cu·
3535 1446 3837 1512 Responsio.

1938 1545 2050 1630 jus
2088 1545 2532 1630 probationem
2566 1543 2962 1630 repondetur
2994 1563 3185 1609 usum
3217 1541 3491 1608 aliorum
3539 1510 3821 1624 fflssmffiss

1947 1658 2289 1746 signorum
2330 1659 2694 1747 dependere
2733 1659 2813 1725 ab
2854 1659 3237 1725 auctoritate
3275 1657 3490 1743 publi·
3557 1637 3740 1761 ἓξὲξ,
3765 1700 3819 1747 et

1947 1797 2020 1843 ca
2081 1790 2359 1857 tantum,
2427 1777 2621 1863 idque
2667 1786 3108 1861 congruenter
3172 1774 3249 1841 ad
3294 1774 3491 1840 finem
3559 1775 3830 1875 aeramen-

1950 1894 2126 1979 pacis
2167 1907 2232 1957 et
2286 1892 2772 1959 communionis
2814 1890 3092 1978 publicae
3122 1891 3492 1968 servandae,
3606 1862 3771 1952 quoiad

1949 2009 2027 2075 ad
2070 2030 2267 2096 quam
2310 2030 2381 2075 se
2421 2009 2663 2075 habent
2697 2007 3123 2094 particulares
3163 2026 3488 2094 personas,
3596 1965 3767 2003 usum.

1949 2138 2258 2212 tanquam
2316 2125 2632 2212 subjectae
2678 2123 2965 2211 legibus,
3012 2142 3140 2188 non
3190 2135 3500 2209 tanquam

1953 2242 2237 2307 ministri
2296 2261 2546 2341 eorum,
2584 2262 2620 2306 a
2677 2240 2919 2327 quibus
2976 2238 3300 2325 dependet
3349 2238 3506 2303 finis

1952 2357 2197 2444 politici
2247 2356 2751 2437 administratio,
2806 2377 2936 2421 non
2983 2355 3068 2421 ita
3100 2356 3167 2421 in
3207 2354 3500 2441 proposi-

1953 2488 2041 2553 t0,
2079 2474 2230 2560 quia
2281 2476 2696 2540 Sacramenta
2736 2494 2812 2539 ex
2859 2471 3240 2538 definitione
3277 2472 3500 2538 Eccle-

1955 2591 2074 2657 siae
2142 2591 2514 2677 dependent
2597 2591 2677 2656 ab
2757 2590 3118 2656 intentione
3186 2588 3503 2667 ministri,

1955 2704 2151 2791 idque
2199 2717 2664 2793 congruenter,
2702 2704 2854 2791 quia
2893 2704 3208 2801 instituta·
3247 2716 3400 2770 sunt
3441 2702 3508 2769 in

1954 2824 2202 2890 cultum
2269 2824 2637 2909 religionis,
2707 2823 2818 2910 qui
2883 2822 3158 2889 debetur
3218 2825 3373 2901 Deo,
3441 2834 3506 2889 et

1956 2946 2339 3030 consignata
2407 2953 2563 3006 sunt
2627 2940 2957 3019 Ecclesiae,
3033 2952 3103 3006 ut
3154 2960 3268 3024 per
3310 2938 3503 3004 mini-

1958 3072 2129 3127 stros
2172 3057 2466 3145 publicos
2530 3066 3016 3133 exercerentur,
3094 3075 3329 3139 nempe
3392 3058 3506 3121 Sa-

1957 3174 2280 3252 cerdoteS,
2324 3172 2428 3240 vel
2494 3172 2679 3253 alios,
2734 3182 2806 3238 ut
2863 3171 2931 3237 in
2992 3170 3347 3258 Baptismo,
3419 3191 3501 3236 ex

1960 3312 2188 3389 eorum
2273 3289 2555 3368 deiectu,
2644 3300 2707 3354 et
2756 3307 3048 3375 congruo
3133 3286 3263 3353 fine
3303 3288 3504 3374 hujus

1961 3405 2392 3472 Sacramenti.
2447 3405 2647 3471 Debet
2704 3424 2860 3489 ergo
2891 3403 2961 3468 in
3011 3401 3329 3470 ministris
3368 3414 3517 3469 tan-

1961 3544 2158 3609 quam
2219 3522 2287 3588 in
2327 3523 2544 3588 causis
2575 3520 3050 3602 subordinatis,
3116 3519 3370 3587 servari
3417 3521 3514 3586 in-

1960 3638 2165 3704 tentio
2232 3638 2491 3723 publica
2556 3637 2723 3724 legis
2782 3648 2845 3703 et
2902 3635 3245 3723 principis,
3316 3637 3515 3723 cujus

1962 3765 2115 3819 sunt
2163 3751 2473 3831 ministri,
2526 3752 2695 3817 sicut
2753 3751 2820 3816 iu
2861 3750 3179 3818 ministris
3227 3749 3512 3837 justitiae

1963 3869 2156 3935 debet
2211 3867 2460 3935 servari
2520 3866 2794 3933 intentio
2852 3865 3019 3952 legis
3054 3879 3373 3952 quantum
3434 3864 3512 3931 ad

1964 3996 2178 4050 actum
2211 3984 2277 4048 in
2319 4003 2433 4060 se;
2478 3981 2668 4048 debet
2705 3982 2901 4047 etiam
2942 3981 3190 4047 servari
3244 3980 3520 4047 intentio

1966 4099 2274 4166 Ecclesiae
2341 4112 2654 4184 tanquam
2715 4097 2780 4163 in
2848 4095 3514 4172 administratoribuS‚

1965 4228 2031 4282 et
2078 4213 2391 4302 quamdiu
2447 4214 2590 4278 haec
2652 4223 2976 4293 servatur,
3039 4212 3256 4278 valide
3321 4211 3523 4278 confi·

1964 4332 2134 4399 citur
2204 4333 2723 4409 Sacramentum,
2813 4349 2945 4394 non
3004 4330 3310 4396 obstante
3363 4348 3523 4416 qua-

1964 4468 2249 4534 cumque
2308 4444 2671 4512 intentione
2720 4443 3096 4530 particulari
3147 4446 3351 4532 hujus
3411 4457 3524 4511 aut

1967 4566 2170 4644 illius,
2207 4564 2597 4649 inquantum
2629 4572 2730 4626 est
2760 4580 3039 4647 persona
3070 4561 3514 4646 particulam,

1969 4680 2162 4748 modo
2201 4679 2310 4746 illa
2370 4699 2498 4745 non
2537 4678 2832 4744 destruat
2892 4676 3323 4744 intentionem
3371 4678 3518 4745 uni-

1968 4797 2319 4865 versalem.

2058 4916 2157 4980 Ex
2218 4933 2346 5000 quo
2413 4922 2588 4998 patet
2673 4909 2751 4976 ad
2816 4909 3168 4978 secundam
3228 4909 3517 4996 probati-
3668 4948 3750 4999 20.

1975 5048 2192 5107 onem,
2226 5026 2378 5114 quia
2419 5045 2631 5113 neque
2658 5024 2765 5092 lex
2813 5026 3003 5111 cujus
3035 5024 3277 5091 virtute
3314 5025 3519 5090 stabi·
3560 5009 3869 5124 ἰξξῗξΐῇἳξξ

1970 5144 2125 5210 litur
2155 5153 2551 5221 contractuS,
2599 5160 2811 5227 neque
2848 5140 3043 5205 etiam
3076 5138 3519 5208 mandatarius
3547 5139 3866 5200 curatorem,

3684 5204 3736 5247 et

1973 5258 2204 5325 volunt
2254 5256 2623 5344 dependere
2663 5267 3066 5322 contractum
3118 5275 3156 5320 a
3189 5255 3513 5337 ministrO,
3562 5259 3855 5312 Ministrum

1978 5373 2101 5439 nisi
2170 5373 2237 5438 in
2282 5384 2460 5438 certo
2527 5370 2743 5450 modu,
2808 5369 2874 5434 in
2935 5389 3064 5456 quo
3133 5372 3521 5437 Procurator
3574 5325 3871 5440 Saogqmeu-

1975 5501 2112 5589 agit
2162 5501 2368 5566 vicem
2413 5497 2822 5578 mandatarii,
2883 5511 2946 5564 et
3002 5499 3362 5565 secundum
3423 5499 3521 5566 in-

1973 5617 2403 5688 structionem
2441 5617 2684 5698 datam,
2744 5629 2807 5684 et
2862 5616 2961 5684 sic
3005 5615 3200 5684 etiam
3266 5630 3525 5687 contra·
