4255 6375
777 367 897 433 240

774 532 1215 623 quamlibet
1274 555 1709 627 personam
1780 536 2318 628 singularem;

772 658 1075 743 praeter
1122 653 1269 726 hoc
1337 659 1611 728 autem
1675 655 2132 748 requiritur
2181 655 2322 727 ali-

770 768 977 858 quod
1033 769 1448 860 pertinens
1491 772 1585 844 ad
1617 771 2315 851 communitatem,

775 904 931 976 quo
986 886 1284 979 aliquis
1373 889 1929 964 constituatur
2007 889 2086 962 in
2137 907 2320 981 gra-

766 1001 863 1072 du
925 1004 1391 1077 necessario
1462 1006 1556 1078 ad
1622 1007 1974 1098 aliquem
2043 1010 2320 1080 actum

474 1170 704 1235 Quium„
764 1121 1319 1192 necessarium
1437 1123 2043 1198 communitati.
2194 1125 2321 1196 Ita

456 1232 707 1360 fflgffijg
765 1235 1319 1328 spiritualiter
1377 1239 1470 1310 ad
1514 1239 2004 1333 completam
2061 1240 2319 1333 perfe-

418 1359 633 1477 siuglffig
680 1352 1118 1469 inctionem
1214 1356 1654 1439 extensive,
1763 1361 2089 1449 oportet
2140 1378 2319 1430 esse

416 1480 528 1550 1233
578 1499 730 1539 nova.
764 1469 1266 1561 adjutorium
1336 1470 1660 1563 aliquod
1726 1473 2141 1564 pertinens
2222 1472 2318 1545 ad

763 1587 1374 1677 generationem
1427 1588 1988 1681 spiritualem;
2048 1593 2126 1663 et
2201 1610 2315 1662 se-

763 1704 1021 1775 cundo
1064 1703 1366 1796 aliquid
1446 1706 1860 1798 pertinens
1906 1707 2317 1798 adjnutri-

758 1817 1110 1902 tionem;
1165 1821 1417 1894 tertio
1476 1821 1893 1914 pertinens
1937 1822 2032 1895 ad
2086 1822 2316 1897 robo-

764 1934 1202 2018 rationem;
1244 1938 1668 2028 quarto-ad
1705 1939 2311 2031 reparationem

762 2056 944 2144 post
1014 2052 1367 2145 lapsum.
1430 2056 1743 2130 Praeter
1789 2054 1957 2128 haec
2035 2062 2309 2130 autem

762 2169 1042 2259 quinto
1146 2170 1642 2262 requiritur·
1713 2173 2015 2264 aliquid
2101 2195 2306 2259 esse,

760 2307 915 2377 quo
984 2287 1263 2360 exiens
1326 2288 1687 2363 finaliter
1764 2298 2306 2384 praeparetur,

758 2406 949 2496 quia
1016 2404 1186 2480 vita
1234 2407 1390 2480 ista
1426 2408 1883 2500 spiritualis
1946 2409 2310 2502 quaedam

753 2522 885 2594 via
917 2527 1043 2597 est
1086 2524 1492 2607 ordinanS,
1530 2529 1617 2599 ut
1665 2525 1862 2599 bene
1902 2526 2182 2599 vivens
2226 2527 2310 2600 in

759 2639 839 2712 in
880 2660 998 2723 ea,
1051 2641 1144 2714 de
1223 2641 1399 2735 ipsa
1476 2642 1647 2715 sine
1733 2643 2307 2737 impedimento

760 2759 1134 2831 transeat
1177 2758 1271 2830 ad
1332 2758 1605 2841 aliam,
1657 2780 1802 2852 pro
1882 2780 2039 2852 qua
2108 2781 2308 2854 prae·

760 2876 1128 2964 paratur.
1213 2875 1404 2948 Haec
1480 2895 1676 2967 ergo
1758 2876 2106 2969 quinque
2180 2898 2307 2951 re-

754 2989 1195 3081 quiruntur
1264 2994 1653 3085 tanquam
1714 2992 2127 3086 adjutoria
2167 3014 2305 3067 ne-

758 3107 1123 3179 cessaria
1161 3128 1528 3202 personae
1597 3108 2074 3202 cuicumque
2153 3131 2301 3205 pro

501 3304 643 3356 Finis
759 3244 874 3295 se·
2077 3347 2091 3359 .
2239 3347 2252 3360 .

475 3375 667 3435 septem
841 3344 957 3417 Ad
997 3344 1295 3417 bonum
1365 3350 1638 3420 autem
1687 3350 2302 3421 communitatis

429 3430 727 3546 Sssssssssfn‘
752 3459 1262 3533 observantis
1322 3460 1567 3535 istam
1627 3462 1888 3553 legem
1962 3462 2302 3555 requiri·

751 3584 891 3653 tur
932 3585 1012 3656 et
1065 3581 1641 3675 multiplicatio
1684 3584 2071 3667 carnalis,
2109 3583 2301 3676 quia

746 3697 908 3772 ista
942 3702 1606 3792 praesupponitur
1637 3700 1846 3774 bono
1912 3701 2300 3794 spiritua-

744 3813 829 3895 li,
879 3812 1420 3890 sicutnatura
1488 3814 1807 3908 gratiae,
1880 3818 1959 3889 et
2031 3816 2300 3895 multi·

748 3931 1077 4023 plicatio
1130 3933 1589 4025 spiritualis
1657 3933 2123 4026 aliquorum
2218 3934 2298 4007 in

745 4046 905 4121 ista
937 4047 1163 4138 lege;
1219 4048 1566 4140 sicergo
1629 4070 2083 4141 congruum
2144 4050 2298 4124 fuit

743 4168 1055 4255 septem
1126 4164 1536 4258 adJutoria
1605 4166 1965 4238 conferri
2028 4167 2296 4239 obser·

742 4279 1164 4353 vatoribus
1269 4280 1475 4371 legis
1573 4281 2109 4373 Evangelicae,
2213 4284 2295 4356 in

740 4395 1027 4487 quibus
1095 4401 1311 4471 esset
1381 4398 1801 4490 perfectio,
1874 4418 2035 4470 non
2123 4404 2293 4473 tan·

739 4516 912 4585 tum
957 4511 1384 4598 intensiva,
1443 4515 1574 4587 sed
1616 4513 1865 4587 etiam
1945 4515 2292 4588 extensi-

736 4647 862 4711 va,
899 4633 980 4701 et
1022 4629 1429 4702 sufficiens
1475 4630 1572 4701 ad
1608 4630 1881 4701 omnia
1919 4649 2292 4702 necessa·

739 4743 865 4815 ria
916 4764 1062 4835 pro
1155 4744 1675 4818 observantia
1748 4745 1991 4839 huJus
2058 4746 2288 4839 legis.

734 4861 923 4932 Haec
957 4865 1229 4933 autem
1266 4864 1476 4942 sunt,
1505 4862 1622 4949 (ut
1652 4860 1846 4935 dicit
1888 4862 2291 4953 Magister

733 4976 814 5050 in
912 4975 1247 5066 littera,)
1317 4975 1785 5069 Baptismus
1865 4978 2284 5071 pertinens

733 5097 827 5169 ad
877 5093 1492 5186 generationem
1534 5095 2097 5187 spiritualem;
2137 5099 2285 5169 Eu-

733 5209 1131 5283 charistia.
1198 5209 1666 5283 necessaria
1768 5210 1864 5283 ad
1946 5211 2284 5285 nutriti-

735 5344 1011 5408 onem;
1088 5327 1624 5402 Confirmatio
1712 5327 1807 5398 ad
1880 5327 2284 5400 roborati-

734 5461 1011 5525 onem;
1092 5444 1577 5519 Poenitentia
1646 5445 1741 5518 ad
1792 5443 2000 5537 lapsi
2053 5463 2278 5537 repa-

737 5560 1209 5645 rationem,
1311 5564 1701 5635 Extrema
1777 5560 2067 5636 Unctio
2185 5562 2283 5637 ad

1954 373 2096 439 [ΑΒ.
2131 373 2230 438 lv.
2278 373 2879 444 SENTENTIARUM

2436 536 2759 611 finalem
2807 539 3528 633 praeparationem;
3558 537 3950 611 Matrimo-

2436 653 2660 727 nium
2702 655 2797 728 ad
2858 656 3626 750 multiplicationem
3668 655 3748 726 in
3802 676 3954 728 esse

2437 776 2754 846 naturae
2820 773 2947 846 vel
2990 774 3355 857 carnali;
3436 780 3519 849 et
3588 772 3794 848 Ordo
3880 770 3958 843 ad

2439 887 3206 982 multiplicationem
3295 891 3375 964 in
3442 910 3623 964 esse
3695 887 3956 981 gratias

2435 1005 2561 1078 vel
2598 1006 3041 1098 spirituali.

2850 1274 3513 1340 COMMENTARIUS.

2521 1491 2614 1581 (b)
2672 1495 3053 1582 Respondeo
3141 1497 3270 1577 hic,
3339 1498 3565 1583 prima
3636 1497 3946 1564 conclusio
4056 1539 4088 1588 2.

2430 1615 2517 1678 sic
2548 1613 2709 1691 herc,
2772 1626 2895 1678 etc.
2934 1616 3023 1679 De
3074 1614 3193 1680 hac
3240 1614 3665 1681 conclusione
3729 1614 3949 1701 aliquid

2429 1728 2676 1796 dictum
2720 1741 2819 1795 est
2854 1751 3061 1814 supra
3103 1730 3178 1795 in
3224 1731 3587 1816 quoestione
3624 1734 3691 1796 3.
3737 1728 3948 1796 Probat

2430 1849 2685 1926 Ductor,
2741 1846 2893 1933 quia
2940 1847 3083 1913 haec
3145 1858 3243 1914 est
3300 1847 3406 1913 lex
3467 1847 3945 1935 perfectissima,

2429 1983 2624 2049 quam
2667 1964 2950 2031 Trinitas
2989 1963 3317 2051 disposuit
3364 1963 3502 2030 dari
3555 1963 3806 2030 homini
3854 1984 3950 2050 pro
4129 1951 4134 2050 Ι

2429 2093 2601 2149 statu
2653 2080 2804 2146 viae.
2861 2082 3011 2145 Haec
3059 2090 3234 2165 patet
3284 2099 3367 2145 ex
3420 2078 3530 2144 illo
3571 2078 3843 2145 Ioannis
3895 2083 3947 2142 1.

2427 2198 2598 2285 quod
2633 2197 2799 2263 infra
2840 2195 3141 2282 subjicit:
3175 2196 3317 2260 Lecc
3340 2217 3463 2281 per
3494 2195 3786 2281 Moyscm
3815 2193 3953 2258 data

2424 2323 2537 2392 est,
2599 2313 2825 2399 qratia
2873 2322 2933 2376 ec
2984 2311 3227 2376 veritas
3281 2332 3405 2397 per
3475 2311 3702 2377 Iesum
3738 2311 3948 2376 Chris-

2427 2442 2585 2510 tum,
2636 2442 2761 2498 ete.
2828 2432 3015 2496 Rom.
3062 2431 3125 2494 8.
3171 2429 3318 2495 Non
3371 2429 3723 2514 accepistis
3772 2429 3954 2515 spiri-

2421 2558 2560 2614 tum
2594 2549 2941 2613 seruitutis
2998 2547 3070 2612 in
3103 2547 3361 2625 timore,
3448 2545 3565 2611 sed
3620 2544 3951 2632 accepistis

2419 2666 2736 2751 spiritum
2764 2664 3149 2750 adoptionis
3186 2665 3514 2746 filiorum,
3561 2663 3638 2730 in
3684 2684 3809 2750 quo
3836 2663 3953 2729 cla·

2421 2801 2698 2860 mamus,
2742 2780 2941 2860 Abba,
3015 2781 3240 2846 Pater.
3297 2782 3360 2846 2.
3417 2779 3495 2845 ad
3546 2778 3844 2846 Corinth.
3894 2778 3947 2846 3.

2422 2897 2683 2977 dicitur,
2740 2897 2850 2962 lex
2904 2897 3157 2982 scripta
3217 2899 3289 2962 in
3346 2895 3589 2974 cordc,·
3644 2895 3729 2961 ad
3761 2894 3943 2961 Galat.

2423 3012 2570 3078 Non
2600 3014 2754 3078 estis
2824 3013 2942 3079 sub
3011 3013 3173 3100 loys,
3208 3012 3324 3078 sed
3381 3012 3497 3076 sub
3533 3013 3787 3097 qratia,
3837 3020 3945 3074 etc.

2420 3132 2574 3196 Haec
2611 3128 2830 3217 itaque
2880 3129 3009 3210 lex,
3048 3139 3118 3195 ut
3151 3140 3321 3215 patet
3359 3148 3440 3195 ex
3495 3126 3722 3208 dictis,
3767 3125 3942 3192 habet

2422 3245 2556 3311 vim
2599 3244 3000 3332 justificandi
3048 3269 3063 3325 ;
3107 3243 3189 3311 ad
3231 3248 3561 3311 Romanos
3605 3248 3674 3310 1.
3739 3244 3944 3310 Evan-

2414 3362 2663 3448 9elium
2717 3371 2808 3427 cst
2849 3361 3061 3427 virtus
3127 3361 3253 3425 Dei
3292 3361 3367 3425 in
3425 3360 3717 3425 salutem
3782 3358 3946 3423 omni

2416 3477 2731 3556 credenti,
2769 3489 2893 3543 etc.
2930 3487 2990 3542 cl
3029 3497 3183 3561 cap.
3236 3480 3302 3544 3.
3357 3488 3547 3544 vocat
3576 3496 3723 3542 eam
3758 3477 3947 3561 legem

2415 3593 2592 3671 fidei,
2628 3610 2747 3671 per
2777 3609 2971 3673 quam
3002 3592 3370 3655 excluditur
3396 3593 3698 3673 gloriatio
3723 3596 3944 3654 nostra.
3979 3616 4062 3672 Ami

2415 3712 2599 3776 Unde
2650 3719 2718 3773 ut
2766 3727 2848 3773 ex
2890 3709 3235 3789 praexnissis
3280 3711 3547 3772 ,loannis
3595 3710 3807 3788 primo
3857 3707 3940 3769 di·
3976 3687 4091 3797 ’ἲ

2413 3829 2765 3909 stinguitur
2809 3844 2847 3889 a
2899 3827 3050 3906 lege
3102 3824 3328 3907 Moysi,
3378 3826 3446 3887 in
3495 3842 3574 3887 eo
3617 3823 3800 3905 quod
3827 3825 3944 3887 haec

2413 3942 2858 4021 principaliter
2905 3940 3182 4004 includit
3231 3941 3531 4018 spiritum
3580 3942 3829 4020 gratiae,
3889 3942 3946 3999 et

2410 4063 2620 4137 ipsam
2648 4061 3014 4131 veritatem,
3056 4057 3223 4120 dans
3271 4073 3404 4121 non
3453 4059 3673 4119 solum
3723 4071 3942 4136 praece·

2410 4179 2520 4253 pta
2570 4179 2636 4236 et
2680 4174 2970 4245 consilia,
3017 4173 3140 4234 sed
3189 4174 3383 4233 etiam
3430 4169 3788 4251 adjutoria,
3834 4184 3941 4247 per

2411 4306 2552 4371 quae
2597 4289 3102 4366 adimpleantur,
3151 4302 3301 4367 quae
3343 4288 3599 4366 propria
3647 4292 3798 4349 suut
3839 4286 3940 4348 hu·

2397 4408 2533 4488 juS,
2568 4407 2718 4470 licet
2758 4406 2930 4468 enim
2970 4406 3037 4467 in
3080 4405 3357 4466 Mosaica
3407 4409 3473 4465 et
3521 4403 3677 4483 lege
3721 4410 3941 4466 naturae

2407 4522 2732 4585 dabantur
2778 4519 3132 4600 adiutoria,
3185 4537 3263 4582 ea
3311 4527 3532 4582 tamen
3586 4521 3939 4598 respective

2402 4639 2487 4701 ad
2537 4638 2758 4718 legem
2809 4653 3070 4709 novam,
3131 4640 3199 4698 et
3242 4635 3473 4697 merita
3519 4637 3625 4697 sui
3675 4632 3936 4698 auctoris

2403 4755 2658 4827 Christi,
2705 4769 2904 4832 quem
2949 4753 3264 4825 continet,
3311 4750 3661 4815 dabantur.
3716 4753 3784 4813 In
3827 4750 3934 4812 illis

2400 4867 2521 4931 fuit
2588 4868 2932 4946 promissio
3003 4867 3260 4929 venturi
3331 4866 3812 4944 Redemptoris,
3876 4865 3933 4925 in

2399 4985 2521 5047 hac
2563 4985 2705 5062 ipsa
2754 4981 2988 5046 veritas
3035 4981 3392 5059 adimpleta
3431 4988 3553 5056 est,
3584 4981 3739 5044 ideo
3770 4979 3928 5059 prin-

2399 5101 2697 5179 cipaliter
2726 5101 3018 5163 continet
3047 5098 3327 5177 gratiam
3357 5101 3422 5159 et
3463 5094 3660 5159 fidem
3692 5104 3757 5161 et
3785 5095 3928 5161 veri·

2400 5224 2627 5282 tatem.

2477 5335 2660 5411 ltem,
2711 5332 2876 5395 sicut
2922 5335 3011 5396 ad
3055 5331 3350 5393 Hebraeos
3388 5330 3450 5392 9.
3505 5330 3923 5394 infirmitatem

2393 5453 2635 5515 veteris
2678 5451 2846 5531 legis
2895 5450 3139 5529 colligit
3190 5447 3452 5522 PauluS‚
3501 5464 3585 5509 ex
3629 5466 3708 5511 eo
3761 5443 3918 5526 quod

2391 5568 2621 5634 habuit
2648 5570 3079 5645 Sacramenta,
3115 5582 3260 5648 quae
3299 5564 3747 5645 justificabant
3789 5571 3910 5627 tau·
