4255 6375
826 418 942 479 310
2005 428 2153 493 LlB.
2201 426 2299 495 lV.
2342 434 2940 506 SENTEN'mARtJM

819 582 1190 668 Baptismus
1256 586 1616 656 adstruitur
1697 590 1885 659 datus
1938 593 2001 660 in
2098 596 2363 663 nomine

813 706 1078 788 Christi,
1123 712 1265 777 Act.
1304 717 1366 779 2.
1414 735 1528 800 per
1556 716 1947 784 Antithesim
1978 720 2253 807 loquens
2284 724 2365 790 de

810 822 1055 890 Judaeis
1085 837 1148 891 et
1188 828 1527 910 Gentibus,
1570 843 1764 919 atque
1793 833 1872 899 de
1914 835 2119 903 forma
2156 838 2363 925 bapti-

813 939 997 1005 zandi
1070 951 1404 1031 utrosque,
1497 946 1757 1014 videtur
1839 951 2184 1020 admittere
2269 956 2365 1023 sic

814 1056 1017 1125 fuisse
1039 1059 1440 1146 Baptismum
1466 1062 1686 1131 datum
1713 1069 1789 1133 in
1809 1071 2076 1136 nomine
2109 1074 2364 1139 Christi

810 1172 1077 1255 Judaeis,
1138 1178 1503 1244 Gentilibus
1546 1201 1703 1246 vero
1746 1183 1809 1248 in
1848 1185 2050 1270 plena
2098 1199 2159 1253 et
2198 1190 2363 1255 adu-

813 1299 971 1353 nata
1036 1290 1385 1359 Trinitate.
1459 1297 1666 1363 Verba
1728 1298 1873 1385 ejus
1940 1314 2130 1369 sunt:
2203 1306 2361 1371 Alia

812 1407 992 1471 enim
1036 1409 1175 1493 fuit
1210 1411 1594 1479 Iudaeorum
1630 1415 1746 1481 sub
1793 1419 2129 1503 Apostolis
2157 1426 2354 1503 ratio,

810 1523 952 1587 alia
981 1535 1075 1589 est
1110 1525 1473 1594 Gentilium
1515 1532 1812 1597 conditio
1832 1558 1859 1612 ,·
1891 1535 2005 1601 illi
2033 1539 2363 1626 quiajam

813 1639 978 1724 leqis
1006 1651 1068 1706 et
1121 1642 1370 1727 Moysis
1423 1649 1965 1734 antiquissimum
2035 1654 2364 1741 baptisma

807 1757 1084 1839 fuerant
1129 1758 1377 1844 adepti,
1447 1763 1519 1827 in
1578 1767 1847 1831 nomine
1905 1790 2159 1856 quoque
2212 1773 2363 1837 Iesu

816 1871 1073 1937 Christi
1102 1885 1296 1940 erant
1334 1876 1748 1962 baptizandi,
1800 1886 2161 1952 secundum
2191 1889 2365 1974 quod

811 1987 886 2051 in
933 1989 1116 2053 Actis
1180 1992 1648 2075 Apostolorum
1693 1998 1930 2065 Petrus
1978 2001 2068 2067 acl
2116 2023 2224 2068 eos
2271 2005 2364 2069 lo-

811 2104 1060 2188 quitur,
1119 2115 1180 2171 et
1217 2106 1382 2172 dicit
1407 2135 1427 2174 .·
1469 2111 1917 2193 Poenitemini,
1974 2128 2032 2181 et
2073 2119 2362 2204 baptize-

816 2230 925 2285 tur
960 2225 1407 2311 unusquisque
1444 2239 1734 2295 vestrum
1798 2233 1869 2297 in
1918 2237 2188 2301 nomine
2236 2238 2363 2302 Do-

812 2337 987 2401 mini
1040 2339 1194 2403 Jesu
1254 2342 1531 2423 Christi,
1590 2359 1715 2413 etc.
1769 2349 1994 2415 Subdit
2054 2351 2363 2439 deinceps

809 2452 1011 2519 verba
1079 2456 1273 2534 Petri,
1327 2471 1390 2524 et
1446 2461 1829 2551 subjungit:
1909 2467 2059 2531 Iesu
2107 2470 2364 2536 Christi

819 2570 1220 2636 mentionem
1259 2574 1428 2656 facit
1467 2578 1726 2658 Petrus,
1764 2602 1900 2647 non
1939 2584 2132 2668 quasi
2161 2585 2366 2651 Pater

815 2685 1253 2764 omitteretur,
1308 2690 1425 2754 sed
1489 2702 1560 2758 ut
1613 2694 1812 2760 Patri
1853 2718 2102 2783 quoque
2145 2699 2364 2766 Filius

815 2799 1315 2889 adjungeretur,
1362 2819 1486 2875 etc.

588 2953 671 3003 57.
905 2920 1064 2994 Quae
1101 2921 1297 2987 verba
1339 2921 1433 2989 sic
1479 2945 1559 2991 ex
1599 2946 1795 3013 scopo
1825 2930 2131 3017 Cypriani
2181 2933 2364 3000 intel·

471 3016 770 3132 ἳὶῐζξξῗιζζῗζ
816 3020 1075 3121 ligenda
1129 3038 1288 3103 mihi
1336 3038 1663 3121 videntur,
1703 3056 1773 3110 ut
1813 3066 1940 3111 non
1989 3047 2068 3114 de
2105 3049 2364 3117 omissi-

496 3142 767 3274 fflir‘ssnz
814 3170 961 3229 one,
1023 3173 1173 3246 quae
1227 3153 1419 3222 fiebat
1458 3154 1524 3222 in
1568 3158 1770 3226 forma
1813 3160 2202 3247 baptizandi,
2249 3167 2359 3233 sed

812 3268 893 3334 de
966 3270 1323 3338 omissione
1399 3285 1731 3361 spectante
1798 3279 1875 3344 ad
1915 3281 2357 3365 cognitionem

811 3384 1043 3462 Patris,
1097 3383 1176 3451 de
1206 3406 1332 3473 qua
1364 3387 1429 3453 in
1470 3389 1918 3475 superioribus
1950 3403 2205 3476 tractat,
2249 3418 2356 3464 su-

809 3508 1094 3579 mantur,
1164 3500 1452 3589 alioquin
1482 3504 1640 3571 *non
1688 3523 1696 3592 j
1739 3521 2114 3576 servaretur
2197 3513 2359 3578 anti-

803 3614 1036 3694 thesiS,
1083 3637 1295 3703 neque
1332 3618 1697 3687 differentia
1740 3622 1844 3688 illa
1898 3624 2068 3691 inter
2100 3626 2359 3694 Iudaeos

805 3741 870 3798 et
888 3732 1197 3813 GentileS,
1227 3747 1289 3801 et
1319 3735 1591 3803 formam
1625 3739 1986 3824 baptizandi
2014 3753 2351 3829 utrosque,

807 3867 1000 3933 quam
1051 3851 1275 3916 statuit
1359 3873 1396 3918 a
1465 3853 1824 3941 principio;
1893 3877 2105 3944 neque
2157 3860 2357 3927 altera

808 3983 956 4049 pars
1014 3966 1288 4034 adversa
1347 3969 1519 4036 illius
1567 3972 1939 4053 antithesiS,
1993 3996 2142 4062 quae
2198 3978 2356 4043 sub-

805 4080 1124 4167 sequitur,
1178 4094 1351 4149 recte
1408 4084 1786 4166 cohaereret,
1833 4110 1986 4176 qnae
2024 4101 2123 4157 est
2162 4091 2349 4159 talis:

803 4197 1101 4283 Denique
1139 4198 1251 4263 ubi
1276 4211 1424 4285 post
1455 4201 2019 4270 Resurrectionem
2057 4230 2099 4272 α
2130 4208 2356 4273 Domi-

799 4334 886 4380 no
932 4315 1236 4398 Apostoli
1267 4317 1359 4382 ad
1404 4319 1637 4386 Gentes
1692 4324 2049 4389 mittuntur
2106 4326 2181 4390 in
2238 4347 2356 4391 no-

799 4432 978 4496 mine
1043 4433 1269 4498 Patris
1327 4444 1386 4499 et
1440 4434 1610 4500 Filii
1675 4448 1734 4502 et
1799 4440 2096 4525 Spiritus
2135 4445 2352 4508 sancti

797 4546 1141 4632 baptizare
1222 4551 1514 4617 Gentiles
1572 4554 1923 4639 jubentur.
2015 4559 2354 4633 Quomodo

795 4684 951 4751 erqo
972 4666 1246 4751 quidam
1278 4668 1509 4736 dicunt
1529 4673 1704 4755 foris
1737 4683 1932 4738 extra
1961 4675 2345 4754 Ecclesiam,

798 4782 932 4846 imo
961 4793 1022 4847 et
1052 4795 1287 4849 contra
1325 4785 1714 4866 Ecclesiam,
1763 4789 1979 4869 modo,
2028 4793 2102 4856 in
2143 4794 2353 4857 nomi-

796 4918 880 4963 ne
925 4900 1079 4965 Iesu
1123 4900 1382 4971 Christi
1430 4902 1840 4990 ubicumque,
1892 4916 1952 4970 et
1991 4908 2352 4993 quomodo-

798 5039 1071 5106 cumque
1104 5021 1430 5087 Gentilem
1463 5023 1874 5109 baptizatum
1893 5028 2353 5093 remissionem

793 5144 1214 5220 peccatorum
1254 5139 1564 5224 consequi
1601 5140 1840 5224 posse?
1896 5141 2163 5227 quando
2211 5144 2352 5228 ipse

802 5254 1106 5319 Christus
1159 5256 1392 5322 Gentes
1448 5258 1791 5343 baptizari
1819 5259 2050 5344 jubeat
2094 5261 2169 5326 in
2204 5264 2347 5346 ple-

797 5391 886 5436 na
923 5381 985 5437 et
1012 5371 1313 5439 adunata
1360 5372 1710 5441 Trinitate.

887 5487 998 5553 Illa
1065 5489 1280 5569 verba,
1325 5501 1518 5555 eaetra
1569 5492 1934 5557 Ecclesiam
1987 5503 2049 5558 et
2115 5505 2348 5560 contra

800 5606 1188 5687 Ecclesiam,
1234 5608 1640 5674 tantumdem
1683 5608 2060 5696 significant
2099 5612 2229 5690 hic,
2277 5633 2350 5679 ac

2478 612 2662 669 extra
2738 604 2931 673 fidem
2999 631 3250 691 veram,
3296 621 3361 679 et
3413 626 3641 680 contra
3699 612 3892 694 fidem,
3927 630 3973 687 ut

2478 717 2742 786 suerunt
2768 724 3056 790 Gentiles
3096 737 3303 807 extra,
3343 742 3407 793 et
3439 731 3729 796 haeretici
3777 747 3970 814 contra,

2475 855 2553 899 ex
2597 841 2917 905 sententia
2990 843 3325 929 Cypriani,
3372 845 3483 931 qui
3533 846 3857 913 constituit
3899 853 3977 917 lu·

2475 950 2654 1017 daeos
2697 952 2863 1020 intra
2893 957 3279 1043 Ecclesiam,
3335 981 3573 1047 nempe
3615 964 3977 1051 synagogam

2476 1086 2593 1150 per
2639 1089 2862 1135 veram
2910 1070 3102 1138 fidem
3175 1074 3345 1162 legis
3416 1078 3691 1165 Moysis,
3759 1094 3815 1146 et
3853 1084 3980 1147 anti·

2476 1203 2676 1269 quum
2711 1188 3064 1273 Baptisma,
3124 1192 3359 1279 supple
3423 1196 3975 1265 circumcisionem.

2474 1300 2886 1370 Advertenda
2917 1307 3112 1373 etiam
3145 1308 3252 1375 illa
3279 1311 3601 1396 particula
3642 1314 3842 1391 modo,
3873 1336 3980 1401 que

2470 1412 2861 1482 determinat
2920 1430 3178 1506 tempus
3258 1443 3552 1508 praesens
3634 1440 3969 1496 controver-

2477 1531 2617 1607 siae,
2672 1546 2736 1599 et
2772 1535 3085 1622 implicite
3131 1542 3443 1626 supponit
3475 1544 3644 1611 alias
3676 1546 3979 1631 baptizatos

2476 1647 2679 1716 fuisse
2710 1652 2971 1719 Judaeos
3021 1655 3097 1720 in
3156 1660 3429 1723 nomine
3449 1661 3605 1726 Iesu
3633 1663 3874 1728 Christi
3905 1686 3976 1729 so·
4016 1689 4088 1745 &a

2474 1764 2635 1847 lum,
2670 1780 2734 1833 et
2767 1788 2892 1834 non
2928 1772 2999 1836 in
3022 1772 3225 1858 plena
3258 1786 3318 1839 e!
3340 1776 3649 1843 adunata
3680 1776 3976 1857 'Pr-initote,
3998 1750 4088 1860 {2³³2

2477 1878 2648 1945 sicut
2676 1900 2755 1945 ex
2798 1894 3124 1969 praecepto
3164 1885 3402 1952 Christi
3436 1889 3752 1974 baptizari
3793 1890 3981 1957 debent
4025 1886 4087 1923 [ᾖ

2481 1995 2808 2076 Gentiles;
2854 2008 3109 2066 tantum
3150 2022 3309 2088 ergo
3359 2016 3480 2084 est,
3549 2018 3624 2072 ut
3676 2026 3800 2072 non
3837 2009 3982 2074 modo

2474 2131 2604 2177 non
2635 2112 3021 2181 adversetur
3058 2118 3428 2205 Cyprianus
3460 2121 3587 2189 hoc
3620 2122 3786 2202 loco,
3829 2145 3980 2211 quem

2476 2248 2593 2315 pro
2632 2249 2701 2295 se
2749 2230 3079 2299 adducunt
3127 2235 3513 2316 adversarii,
3562 2252 3639 2306 ut
3701 2242 3891 2328 magis
3918 2241 3983 2306 fa·

2476 2356 2624 2410 veat
2673 2358 2915 2414 nostrae
2947 2351 3310 2419 sententiae.

2566 2463 2748 2540 item,
2795 2464 3078 2531 Hilarius
3110 2469 3185 2533 in
3244 2469 3358 2535 lib.
3404 2470 3487 2535 de
3518 2473 3819 2557 Synodis
3844 2476 3983 2539 circa
4021 2468 4088 2583 ng

2473 2575 2697 2657 finem,
2747 2577 2856 2644 ubi
2897 2581 3228 2648 contendit
3287 2604 3414 2649 non
3476 2606 3627 2653 esse
3687 2587 3984 2654 mutandas

2474 2692 2866 2777 ScripturaS,
2930 2696 3077 2763 licet
3128 2698 3327 2786 aliqui
3386 2721 3497 2767 eas
3532 2703 3662 2768 sub
3701 2703 3982 2770 contradi-

2474 2802 2712 2888 ctione,
2759 2808 2823 2875 in
2873 2810 3201 2898 aliquibus
3250 2814 3636 2903 intelligant
3696 2840 3772 2885 ex
3827 2839 3987 2904 pravo

2475 2941 2697 2990 sensu.
2764 2926 2942 2991 Inter
3006 2928 3129 2993 alia
3187 2930 3483 3017 exempla
3546 2933 3810 3001 adducit
3853 2933 3984 2999 hoc:

2476 3038 2761 3104 Pereant
2800 3061 3069 3127 quoque,
3137 3043 3372 3130 inquit,
3424 3048 3486 3111 si
3520 3048 3788 3115 videtur
3832 3049 3989 3135 (quod

2474 3174 2603 3220 non
2638 3176 2753 3241 eqo
2793 3156 3111 3236 dioeerim,
3155 3161 3272 3226 sed
3319 3167 3780 3249 responsionis
3820 3187 3988 3232 neces·

2471 3270 2660 3357 sitas)
2693 3274 2921 3338 omnia
2968 3273 3206 3342 divina
3256 3279 3403 3358 illa,
3442 3291 3504 3345 et
3531 3294 3769 3348 sancta
3809 3284 3988 3348 Evan-

2470 3386 2650 3471 qelia
2679 3389 2918 3454 salutis
2947 3391 3275 3472 humanoe,
3321 3415 3405 3460 ne
3449 3417 3521 3462 se
3560 3400 3839 3464 invicem
3866 3419 3981 3462 con·

2473 3503 2690 3567 traria
2722 3503 3053 3573 dictorum
3075 3510 3391 3594 opinione
3411 3524 3865 3600 compuqnent,
3885 3525 3978 3579 etc.

2470 3628 2536 3682 et
2567 3617 2759 3685 infra:
2800 3619 2899 3688 Ne
2918 3634 3244 3706 postremo
3265 3623 3571 3712 Apostoli
3591 3632 3982 3713 reperiantur

2469 3734 2545 3797 in
2565 3734 2867 3814 crimine,
2898 3738 3014 3821 qui
3033 3737 3374 3824 baptizare
3406 3744 3479 3807 in
3508 3746 3779 3811 nomine
3800 3746 3984 3810 Patris

2470 3861 2531 3914 et
2586 3850 2755 3916 Filii
2784 3864 2844 3917 et
2870 3854 3168 3938 Spiritus
3196 3860 3416 3922 sancti
3425 3861 3628 3945 jussi,
3668 3853 3909 3927 tantum
3926 3862 3981 3923 in

2467 3967 2618 4032 Iesu
2646 3970 2914 4034 nomine
2979 3969 3540 4055 baptizaverunt?
3594 3977 3752 4063 Agit
3795 3991 3979 4043 contra

2467 4103 2603 4162 eos,
2649 4084 2760 4171 qui
2788 4087 3217 4154 homoousion
3248 4110 3377 4154 non
3418 4091 3825 4159 retinendum
3864 4112 3977 4158 cen-

2467 4198 2720 4279 sebant,
2765 4201 3069 4286 quamvis
3116 4202 3317 4290 aliqui
3358 4204 3663 4274 dubitent
3700 4209 3777 4275 de
3807 4211 3975 4273 inten-

2466 4327 2532 4379 to
2572 4315 2821 4394 Hilarii,
2859 4332 3226 4384 asserentes
3269 4333 3566 4388 neutram
3635 4339 3865 4411 partem
3912 4323 3973 4388 ab

2468 4449 2543 4494 eo
2583 4430 2689 4495 hic
2746 4430 3040 4510 definiri;
3109 4435 3264 4500 mihi
3307 4446 3524 4504 tamen
3574 4438 3971 4507 videntur-illa

2470 4546 2674 4611 verba
2707 4567 3022 4634 expressa
3054 4571 3198 4616 esse
3259 4573 3376 4637 pro
3416 4567 3638 4621 nostra
3675 4557 3969 4631 sententia,

2467 4662 2618 4748 quia
2660 4663 2950 4729 clausula
2990 4664 3122 4744 illa,
3160 4677 3415 4734 tantum
3453 4672 3528 4735 in
3574 4672 3728 4738 lesu
3757 4673 3971 4738 »iumine

2466 4779 2991 4865 baptizaverunt,
3036 4797 3133 4849 est
3197 4785 3535 4853 exclusiva
3575 4802 3643 4855 et
3668 4787 3968 4856 adversati·

2465 4916 2547 4961 va
2595 4895 2819 4981 priori,
2900 4897 2968 4964 in
3011 4920 3141 4985 qua
3205 4902 3598 4987 exprimitur
3648 4905 3963 4971 mandatum

2466 5010 2829 5096 baptizandi
2894 5013 2968 5077 in
3014 5016 3284 5080 nomine
3345 5017 3575 5084 Patris
3632 5032 3693 5086 et
3738 5021 3883 5086 Filii
3921 5029 3965 5081 et

2462 5128 2763 5214 Spiritus
2799 5131 3042 5208 sancti,
3111 5144 3235 5196 etc.
3297 5153 3509 5220 neque
3565 5135 3955 5207 contradictio.

2462 5258 2573 5312 aut
2622 5247 3052 5331 repugnantia
3114 5252 3500 5336 proponitur
3566 5255 3632 5318 in
3701 5256 3841 5322 hoc:
3884 5257 3953 5317 An

2462 5361 2711 5428 scilicet
2732 5363 3011 5449 jusserit
3058 5366 3357 5433 Christus
3396 5368 3709 5454 baptizari
3765 5372 3819 5436 in
3869 5386 3952 5432 no·

2464 5488 2638 5555 mine
2668 5489 3030 5569 Trinita'tiS,
3068 5502 3132 5558 et
3180 5511 3261 5558 an
3314 5496 3603 5581 Apostoli
3648 5495 3945 5583 baptizave-

2463 5614 2594 5682 rint
2638 5625 2891 5681 tantum
2924 5615 2993 5682 in
3030 5620 3184 5684 Iesu
3228 5618 3540 5686 nomine?
3565 5621 3717 5708 quia
3755 5630 3943 5688 utrum-
