4255 6375
74 3714 187 3784 Cous

247 3730 327 3765 en·

141 3783 231 3828 tue.

92 5471 180 5521 ,xlia
212 5492 312 5548 ‹eon-

94 5545 305 5597 grueuna.

1514 377 1789 441 Dts'r.1.
1838 375 2202 452 QUAESTIO
2253 379 2352 439 Vl.

345 539 804 610 distinctivum
846 542 1116 609 seminis
1167 543 1471 620 Abrahae,
1527 553 1657 607 tam
1728 540 1902 627 rigo-

344 678 572 725 rosum
617 674 833 726 autem
877 670 1278 747 praeceptum
1336 657 1901 745 comprehendens

344 773 632 840 infantes
671 787 816 841 octo
845 775 1127 856 dierum,
1177 796 1302 841 non
1351 773 1759 861 congruebat
1807 772 1902 838 di-

343 891 523 957 vinae
554 891 921 958 clementiae
954 892 1220 971 inferre,
1260 891 1387 956 nisi
1427 912 1507 957 ex
1550 889 1902 957 necessita-

344 1019 409 1072 te
450 1006 708 1074 fructus
756 1006 1119 1094 spiritualis
1185 1007 1474 1094 adjuncti
1538 1027 1618 1072 ex
1678 1006 1902 1073 divina

343 1122 787 1190 institutione.
855 1123 1099 1190 Deinde
1164 1123 1588 1189 circumcisio
1644 1122 1903 1189 valebat

342 1241 658 1307 omnibus
699 1240 993 1327 parvulis
1024 1262 1106 1307 ex
1147 1241 1399 1307 semine
1446 1239 1751 1320 Abrahae‚
1787 1240 1899 1306 sed

345 1358 539 1423 multi
570 1378 652 1423 ex
683 1359 785 1425 his
841 1357 1218 1424 defecerunt
1257 1378 1291 1422 a
1341 1356 1509 1436 fide;
1559 1377 1718 1444 ergo
1770 1377 1899 1423 non

347 1475 414 1541 in
456 1474 587 1542 fide
644 1488 985 1563 parentum
1045 1474 1467 1541 circumcisio
1514 1473 1580 1539 in
1640 1473 1734 1540 eis
1764 1485 1903 1540 erat

344 1589 609 1657 efficax.

438 1708 706 1774 Accedit
745 1707 918 1794 quod
969 1707 1034 1772 in
1100 1706 1240 1792 ipsa
1309 1707 1456 1793 lege
1506 1704 1714 1791 Moysi
1775 1703 1900 1771 cir-

340 1823 795 1892 cumcidentes
827 1824 1130 1903 infantes-3,
1151 1844 1278 1888 non
1311 1843 1537 1889 omnes
1573 1821 1903 1888 habebant

344 1940 548 2007 fidem
591 1941 963 2028 explicitam
997 1938 1390 2018 Mediatoris,
1429 1952 1492 2004 et
1534 1937 1746 2004 valide
1777 1937 1899 2003 cir·

338 2057 839 2124 cumcidebatur
912 2057 1153 2137 infans,
1233 2078 1310 2123 eo
1378 2057 1520 2142 ipso
1578 2054 1751 2143 quod
1819 2054 1898 2121 ad

341 2174 658 2262 praecepti
713 2175 1158 2262 impletionem
1207 2172 1636 2262 circumcisio
1678 2172 1894 2254 fiebat,

342 2291 600 2378 absque
629 2291 754 2357 alia
797 2290 923 2357 fide
954 2290 1283 2378 explicita.
1322 2291 1482 2356 Hinc
1540 2287 1899 2375 Gregorius

343 2407 462 2475 lib.
490 2407 558 2478 4.
587 2407 810 2474 Moral.
847 2429 905 2475 c.
942 2411 1006 2474 2.
1050 2407 1239 2484 Quod
1270 2408 1452 2495 apud
1478 2427 1617 2484 nos,
1657 2404 1895 2492 inquit,

348 2524 524 2590 valet
568 2545 742 2610 aqua
778 2524 1128 2609 Baptismi‚
1166 2524 1287 2588 hoc
1319 2523 1451 2609 eqie
1499 2520 1682 2608 apud
1731 2531 1900 2585 vete-

350 2660 479 2718 rex,
550 2641 654 2706 vel
706 2660 837 2725 pro
884 2639 1194 2726 parvulis
1224 2639 1368 2703 sola
1423 2638 1609 2721 sideS,
1650 2637 1751 2702 vel
1777 2657 1902 2723 pro

352 2754 721 2842 majoribus
786 2757 1000 2821 virtus
1036 2755 1379 2836 sacrificii,
1445 2756 1547 2818 vel
1591 2775 1717 2840 pro
1786 2755 1891 2832 iia,

349 2874 466 2960 qui
505 2872 591 2938 de
646 2872 929 2938 Abrahoe
964 2873 1175 2957 stirpe
1228 2871 1633 2957 prodierunt
1665 2883 1901 2956 mysec-

350 2990 533 3053 rium
568 2988 1134 3066 Εἰνοιιηισίεἰοηιέ,
1173 3000 1296 3054 etc.

440 3104 790 3192 Sequendo
822 3124 978 3191 ergo
1020 3103 1381 3169 doctrinam
1439 3101 1788 3191 Augustini
1840 3112 1904 3167 et

350 3221 643 3300 Patrum,
706 3221 817 3306 qui
876 3219 1173 3286 eamdem
1230 3230 1638 3305 receperunt,
1684 3217 1901 3305 sequi-

348 3345 455 3400 tur
487 3334 1064 3402 circumcisionem
1109 3333 1418 3401 habuisse
1472 3340 1640 3399 hanc
1684 3332 1899 3400 effica-

346 3448 517 3515 ciam
558 3468 639 3514 ex
676 3448 898 3515 divina
929 3448 1365 3528 institutione,
1410 3469 1484 3513 ac
1517 3447 1791 3534 pr-›inde
1824 3469 1899 3514 ex

348 3585 548 3651 opere
603 3575 890 3650 operato.
992 3564 1324 3630 Accedunt
1420 3563 1895 3651 congruentiis,

351 3681 524 3747 sicut
554 3701 918 3766 congruum
979 3693 1119 3746 erat
1174 3679 1494 3746 sacrificia
1564 3679 1900 3747 sensibilia

352 3799 552 3884 hujus
583 3798 747 3885 legis
785 3797 1204 3865 determinari
1258 3820 1372 3885 per
1406 3798 1611 3885 ipsam
1654 3797 1892 3885 legem,

345 3934 381 3979 a
424 3915 674 3981 fortiori
738 3916 948 4003 magis
987 3915 1222 3982 fuisset
1279 3935 1682 4001 congruum,
1739 3914 1896 3981 illud

348 4028 522 4115 quod
581 4041 714 4094 erat
795 4028 1151 4095 remedium
1231 4028 1477 4115 peccati
1527 4029 1889 4117 originaliS,

347 4156 635 4211 statuere
684 4145 749 4211 in
790 4145 1009 4232 aliquo
1040 4144 1365 4226 sensibili,
1405 4146 1554 4232 quia
1590 4167 1703 4232 per
1735 4144 1895 4211 illud

346 4260 682 4339 sensibile,
763 4260 935 4347 quod
995 4262 1394 4329 consistebat
1464 4263 1525 4327 in
1600 4262 1896 4328 circum-

353 4368 624 4457 cisione,
706 4390 842 4444 erat
907 4377 972 4443 in
1040 4378 1286 4445 Judaeis
1364 4379 1888 4458 fundamentum,

352 4505 415 4558 et
473 4494 658 4579 quasi
693 4495 920 4580 janua,
978 4504 1043 4560 et
1094 4494 1412 4576 professio
1471 4495 1661 4581 legis,
1701 4494 1895 4561 indu-

354 4629 512 4675 cens
550 4609 1013 4697 obligationem
1075 4612 1220 4698 ejus
1290 4610 1748 4691 observanda),
1818 4609 1897 4677 ad

355 4725 608 4792 Galatas
636 4726 701 4795 5.
762 4726 1102 4810 Teseificor
1141 4749 1395 4808 rursus,
1436 4729 1667 4815 inquit,
1714 4731 1899 4795 omni

359 4841 862 4907 circumcidenti
926 4864 1014 4921 se,
1098 4844 1412 4928 quoniam
1482 4843 1739 4909 debitor
1806 4855 1899 4909 est

359 4959 684 5024 um’vcrsae
734 4958 896 5045 leqis
935 4960 1292 5043 faciendae,
1341 4971 1464 5024 etc.
1513 4972 1575 5026 et
1642 4959 1720 5025 ad
1766 4963 1897 5025 Ro-

362 5094 585 5141 manos
635 5078 698 5140 3.
771 5073 966 5141 dicit:
1061 5076 1351 5161 Eloquia
1414 5076 1559 5155 Dei,
1640 5074 1700 5140 id
1769 5088 1892 5154 est,

358 5189 593 5277 legem,
693 5191 903 5273 fuisse
995 5190 1253 5256 credita
1351 5191 1895 5257 Circumcisioni.

358 5307 620 5373 Accedit

450 5424 767 5505 Secundo,
831 5422 996 5510 quod
1037 5423 1205 5489 sicut
1254 5423 1330 5490 ad
1380 5424 1734 5492 efficaciam
1781 5426 1901 5491 Sa-

362 5537 673 5607 cramenti
726 5558 916 5606 novae
975 5535 1141 5625 legis
1200 5558 1329 5604 non
1406 5538 1696 5628 exigitur
1742 5538 1901 5607 fides

3443 373 3553 436 201

2013 553 2078 606 et
2116 541 2429 608 sanctitas
2496 541 2806 624 ministri,
2860 541 3085 608 eadem
3137 537 3565 626 congruentia

2017 677 2097 722 ne
2138 657 2497 725 remedium
2542 659 2783 744 peccati
2835 656 3175 745 originalis
3233 666 3408 722 esset
3446 654 3563 721 du·

2015 775 2225 860 bium,
2275 789 2384 842 aut
2440 774 2506 839 in
2575 789 2825 842 certum
2887 776 2952 841 in
3003 777 3376 862 synagoga,
3436 794 3563 840 non

2013 893 2285 960 debebat
2319 892 2686 981 dependere
2726 915 2762 959 a
2802 892 2930 960 fide
2962 893 3215 958 interna
3252 891 3558 969 ministri,

2014 1025 2127 1077 aut
2188 1022 2557 1098 parentum,
2618 1010 2699 1076 de
2757 1030 2884 1096 qua
2926 1031 3055 1076 non
3113 1009 3325 1098 potuit
3386 1009 3564 1096 judi-

2015 1149 2163 1195 care
2222 1127 2509 1195 Ecclesia
2577 1149 2689 1195 seu
2733 1130 3110 1215 synagoga,
3157 1147 3369 1213 neque
3417 1122 3557 1192 effi-

2014 1243 2257 1310 caciam
2302 1241 2450 1308 inde
2484 1243 2895 1329 participare,
2943 1261 3154 1328 neque
3195 1241 3556 1309 remedium

2014 1381 2363 1428 commune
2420 1360 2789 1447 dependere
2857 1381 2894 1427 a
2934 1359 3062 1426 fide
3101 1360 3380 1445 privata,
3446 1360 3561 1426 sed

2016 1500 2098 1546 ex
2157 1478 2313 1546 solis
2354 1478 2604 1546 meritis
2660 1478 2929 1546 Clu-isti.

2105 1596 2290 1662 Dices
2323 1596 2488 1662 forte
2518 1596 2744 1662 eodem
2781 1595 2995 1678 modo,
3040 1616 3170 1683 quo
3213 1595 3561 1663 Durandus
3693 1636 3764 1692 ¹0.

2015 1713 2304 1801 loquitur
2343 1713 2422 1780 de
2484 1714 2769 1780 remedio
2826 1713 2993 1801 legis
3051 1725 3327 1792 naturae,
3386 1713 3558 1801 quod
3593 1703 3896 1767 Responsio.

2012 1831 2462 1913 circumcisiO,
2511 1845 2577 1898 ut
2618 1831 2810 1898 habet
2851 1851 3171 1896 annexam
3207 1830 3398 1897 fidem
3441 1851 3559 1915 pu·

2014 1945 2249 2013 blicam
2307 1948 2638 2028 Ecclesiae,
2714 1947 2956 2013 virtute
3014 1948 3157 2034 ejus
3217 1945 3552 2012 habuisse.
3612 1983 3876 2048 Impugna-

2012 2060 2397 2129 efficaciam.
2443 2061 3044 2144 Contra‚sacrificia
3076 2062 3267 2128 etiam
3313 2062 3558 2128 habue-
3695 2052 3800 2097 ²⁰¹⁸·

2013 2192 2166 2247 runt
2214 2179 2505 2246 eamdem
2550 2178 2743 2247 fidem
2785 2200 3131 2265 annexam,
3179 2191 3393 2245 tamen
3429 2199 3558 2244 non

2014 2310 2311 2384 poterant
2350 2297 2706 2364 subvenire
2748 2299 3045 2384 parvum,
3104 2312 3403 2384 respectu
3454 2319 3559 2364 cu-

2005 2415 2116 2501 jus
2148 2413 2572 2480 circumcisio
2604 2413 2831 2479 habuit
2872 2412 3329 2481 necessitatem
3361 2413 3556 2480 medii

2013 2542 2158 2617 post
2205 2530 2378 2596 diem
2420 2543 2750 2611 octavum,
2799 2543 2867 2597 ut
2907 2542 3081 2618 patet
3124 2550 3203 2596 ex
3244 2529 3560 2616 Augusti-

2015 2668 2121 2725 no,
2158 2659 2218 2714 et
2249 2669 2391 2734 cap.
2440 2649 2746 2735 MajoreS,
2802 2648 2884 2714 de
2923 2649 3282 2735 Baptismo‚
3321 2659 3383 2713 et
3415 2646 3561 2714 aliis

2015 2766 2315 2832 Patribus
2391 2766 2648 2846 citatis;
2724 2788 2881 2853 ergo
2941 2764 3229 2832 efficacia
3294 2763 3553 2830 delendi

2013 2882 2356 2969 originalis
2417 2882 2659 2969 peccati
2750 2904 2878 2949 non
2939 2883 3062 2949 fuit
3102 2904 3181 2948 ex
3248 2882 3386 2948 sola
3426 2879 3553 2946 fide

2010 2998 2342 3078 Ecclesiae,
2407 3000 2518 3066 sed
2561 3021 2640 3066 ex
2700 2999 3109 3066 institutione
3160 2997 3370 3085 ipsius
3416 2997 3906 3114 Cir-Cirggffiitsio

2009 3114 2453 3196 cumcisionis,
2489 3115 2659 3204 quod
2700 3130 2763 3182 et
2794 3115 3216 3181 comminatio
3254 3114 3551 3203 praemis·
3609 3129 3879 3179 necvffiita-

2009 3254 2079 3299 sa
2120 3233 2200 3300 de
2267 3234 2558 3320 parvulis
2620 3234 2945 3300 intellecta
3012 3233 3295 3299 declarat
3336 3232 3547 3318 ipsam
3654 3198 3829 3307 mtgiiii.

2012 3349 2591 3416 circumcisionem
2634 3349 2946 3415 habuisse
2985 3370 3066 3415 ex
3106 3347 3327 3413 divina
3369 3346 3556 3413 insti·

2013 3466 2264 3533 tutione
2305 3466 2755 3532 necessitatem
2800 3465 3020 3545 medii,
3057 3486 3129 3531 ac
3173 3464 3445 3552 proinde
3476 3485 3556 3530 ex

2011 3604 2206 3669 opere
2259 3596 2522 3669 operato
2582 3583 2830 3648 ratione
2897 3603 3036 3650 suae
3095 3580 3551 3667 institutioniS,

2011 3714 2074 3766 et
2131 3700 2504 3766 continebat
2554 3698 2619 3765 in
2681 3720 2752 3765 se
2813 3699 3065 3764 ratione
3124 3697 3554 3764 institutionis

2011 3816 2205 3883 fidem
2265 3817 2531 3897 Christi,
2595 3830 2657 3884 et
2696 3836 2916 3903 opera,
2981 3837 3062 3882 ex
3114 3836 3391 3903 quorum
3447 3836 3555 3882 va·

2010 3934 2147 4000 lore
2206 3934 2632 4021 participabat
2695 3932 3075 4011 efficaciam,
3139 3945 3447 4020 tanquam
3516 3953 3553 3999 a

2009 4073 2207 4121 causa
2249 4052 2621 4131 meritoria3
2667 4071 2795 4117 non
2838 4070 3028 4117 secus
3068 4071 3143 4117 ac
3189 4050 3312 4117 alia
3348 4072 3554 4117 reme·
3635 4056 3640 4062 '

2008 4170 2116 4236 dia
2164 4170 2229 4236 in
2266 4171 2508 4236 virtute
2546 4169 2922 4235 eorumdem
2965 4189 3232 4255 operum
3266 4168 3549 4234 sortiun-

2009 4300 2116 4353 tur
2174 4286 2554 4368 efficaciam,
2615 4285 2787 4374 quod
2850 4286 3061 4372 magis
3119 4295 3552 4351 consentane-

2013 4425 2121 4469 um
2183 4416 2283 4470 est
2324 4402 2515 4470 dictis
2557 4403 2932 4489 Augustini,
2997 4423 3191 4490 quam
3252 4400 3424 4489 quod
3488 4400 3551 4466 in

2014 4517 2139 4587 fide
2181 4532 2550 4605 parentum,
2615 4532 2726 4585 aut
2787 4519 3092 4598 ministri,
3160 4518 3352 4585 fuerit
3409 4517 3555 4584 effi-

2010 4654 2153 4713 caX,
2239 4654 2386 4719 quae
2446 4654 2575 4698 non
2639 4632 2848 4719 potuit
2884 4632 3040 4699 dare
3089 4631 3550 4699 certitudinem

2010 4765 2074 4817 et
2149 4750 2673 4818 infallibilitatem
2750 4748 3043 4831 etfectuS,
3107 4740 3548 4837 sicut'neque

2014 4867 2145 4947 illa,
2214 4866 2451 4954 quibus
2493 4865 2777 4933 Ecclesia
2827 4866 2963 4953 jam
3023 4866 3304 4953 applicat
3353 4865 3551 4932 fidem

2012 4997 2075 5051 et
2122 4976 2533 5052 sanctitatem
2602 5003 2814 5065 suam,
2861 4984 3103 5049 habent
3142 4982 3550 5050 infallibilem

2011 5102 2336 5181 effectum,
2400 5100 2569 5167 sicut
2616 5103 3031 5166 Sacramenta
3078 5099 3341 5165 habent.

2104 5216 2342 5305 Objicit
2389 5216 2818 5283 Bellarminus
2876 5223 3097 5283 contra
3148 5218 3315 5282 hanc
3372 5237 3555 5285 com-

2015 5352 2277 5399 munem
2322 5332 2715 5399 sententiam
2779 5333 2916 5398 loca
2983 5331 3188 5411 Pauli,
3250 5344 3314 5398 et
3372 5331 3556 5419 plura

2013 5445 2152 5514 loca
2211 5452 2496 5528 Patrum,
2563 5469 2711 5536 quae
2761 5447 3071 5513 videntur
3139 5468 3382 5535 negare
3419 5448 3554 5515 cir·

2015 5565 2402 5634 cumcisioni
2453 5564 2806 5634 efficaciam
2851 5564 3044 5631 ullam
3081 5577 3377 5653 respectu
3412 5586 3554 5652 pec-

3617 5152 3869 5220 obj00uo.
