4255 6375
1453 407 1647 469 nis'r.
1694 408 1795 470 ιν.
1844 406 2206 483 QUAEsrio
2252 406 2327 469 u.

256 565 344 627 ad
387 567 848 630 remissionem
907 573 1331 644 peccatorum
1384 569 1800 646 subsequen-

255 686 444 757 tium,
485 690 549 746 et
577 683 642 745 in
673 687 912 746 virtute
961 684 1107 764 ejus
1154 683 1249 746 fit.

331 801 482 861 Haec
522 802 665 862 loca
713 799 995 863 difficilia
1043 818 1191 863 esse
1245 802 1488 864 docent
1537 798 1804 878 quidam

176 925 221 958 0·
254 916 585 991 moderni,
633 924 699 979 et
745 920 1015 982 nimium
1045 917 1266 983 favere
1298 919 1635 990 haereticiS,
1682 916 1804 978 sed

252 1032 416 1093 nihil
469 1034 734 1105 minus;
801 1035 941 1112 ipse
988 1034 1162 1096 enim
1210 1034 1428 1096 verbis
1461 1034 1805 1111 praemissis

253 1146 433 1208 clare
471 1145 664 1208 docet
712 1148 930 1209 omnia
980 1153 1279 1226 peccata,
1327 1148 1436 1210 vel
1483 1147 1804 1227 quidquid

249 1263 460 1324 habet
503 1264 822 1325 rationem
876 1266 1153 1342 peccati,
1208 1265 1439 1328 dimitti
1479 1265 1543 1326 in
1584 1266 1800 1341 Bapti-

177 1413 203 1446 a
252 1395 423 1440 smo.
461 1381 600 1442 Fuit
641 1381 746 1442 illa
773 1381 1093 1443 calumnia
1120 1381 1622 1461 pelagianorum
1653 1398 1806 1444 con·

172 1475 233 1507 '⁰'
260 1503 355 1559 tra
400 1500 846 1579 Augustinum
888 1500 1000 1560 lib.
1054 1503 1108 1562 l.
1162 1504 1390 1561 contra
1449 1499 1612 1562 duas
1663 1500 1804 1576 epi·

171 1600 230 1697 ξ·
253 1614 463 1674 stolas
515 1614 1013 1694 Pelagianorum
1056 1632 1197 1693 cap.
1253 1616 1350 1678 13.
1401 1616 1655 1689 Dicunt,
1707 1617 1803 1678 in-

252 1729 416 1809 quit,
481 1739 538 1792 et
592 1748 706 1793 nos
760 1733 973 1794 dicere
1021 1736 1422 1810 Baptismum
1477 1749 1601 1794 non
1646 1734 1807 1793 dare

248 1849 544 1910 omnium
639 1851 1110 1926 indulqentiam
1172 1856 1614 1926 peccatorum,
1693 1866 1808 1910 nec

246 1966 524 2039 auferre
570 1968 871 2039 crimina,
923 1969 1035 2028 sed
1085 1970 1344 2038 radere,
1396 1973 1464 2027 ut
1503 1971 1801 2042 peccato-

242 2099 395 2144 rum
429 2086 686 2147 radices
713 2085 779 2143 in
822 2084 1005 2144 mala
1032 2099 1229 2145 carne
1255 2087 1628 2153 teneantur,·
1666 2082 1808 2156 quis

245 2200 562 2260 adversus
641 2198 1031 2273 Pelaqianos
1111 2198 1250 2271 hoc,
1332 2199 1460 2257 nisi
1533 2196 1808 2272 infidelis

247 2311 580 2385 affirmet?
637 2312 924 2372 Dicimus
972 2312 1140 2371 enim
1196 2313 1602 2386 Baptismum
1646 2313 1806 2372 dare

250 2427 546 2486 omnium
585 2426 1055 2503 indulqentiam
1094 2432 1530 2501 peccatorum,
1579 2431 1635 2485 et
1683 2443 1805 2485 au-

248 2543 432 2618 ferre
463 2542 766 2616 crimina,
801 2558 925 2602 non
947 2545 1221 2613 radcre;
1250 2559 1364 2603 nec
1406 2546 1473 2601 ut
1516 2541 1805 2601 omnium

250 2664 668 2732 peccatorum
723 2660 978 2720 radices
1032 2661 1101 2720 in
1147 2658 1327 2718 mala
1373 2673 1559 2718 carne
1595 2664 1804 2720 tenea-

255 2790 421 2847 mus,
455 2776 647 2850 quasi
669 2790 970 2837 rasorum
1017 2746 1083 2837 in
1132 2776 1339 2851 capite
1386 2773 1801 2849 capillorum,

259 2893 427 2952 unde
484 2897 771 2953 crescant
818 2894 1057 2953 iterum
1111 2894 1459 2953 resecanda
1510 2898 1800 2968 peccata.

160 3033 175 3066 ι
259 3010 427 3069 Nam
471 3014 529 3069 et
572 3011 764 3071 istam
803 3011 1290 3072 similitudinem
1342 3012 1626 3085 comperi
1676 3028 1805 3072 suae

160 3095 177 3190 ἶ
259 3125 408 3187 illos
435 3126 746 3187 adhibere
774 3125 1137 3198 calumniae,
1182 3132 1489 3205 tanquam
1527 3127 1647 3187 hoc
1692 3143 1806 3187 nos

160 3222 229 3260 ⁰⁰·
257 3246 609 3304 sentiamus
662 3249 854 3320 atque
912 3245 1226 3306 dicamus.
1288 3249 1415 3305 etc.
1477 3246 1612 3305 Sed
1675 3243 1809 3305 haec

259 3357 517 3418 etiamsi
555 3362 825 3419 vocatur
846 3365 1203 3434 peccatum,
1248 3374 1375 3419 non
1404 3360 1620 3435 utique
1648 3361 1806 3434 quia

250 3478 586 3547 peccatum
619 3480 725 3546 εει,
757 3476 868 3535 sed
895 3473 1044 3550 quia
1065 3481 1329 3551 peccato
1358 3476 1537 3550 sacta
1571 3480 1681 3546 est,
1713 3477 1806 3536 sic

257 3597 526 3650 vocatur
589 3591 753 3650 sicut
814 3591 1140 3665 scriptura
1210 3606 1442 3651 manus
1495 3591 1805 3667 cujusque

259 3705 522 3778 dicitur,
554 3709 728 3782 quod
763 3721 999 3767 manus
1043 3722 1190 3766 eam
1232 3707 1494 3780 fecerim
1538 3715 1804 3782 peccata

263 3823 475 3878 autem
516 3826 660 3881 sunt
716 3835 857 3895 quae
902 3821 1254 3880 secundum
1307 3822 1521 3881 carnis
1568 3837 1798 3882 concu-

257 3937 629 4007 piscentiam
679 3934 774 3994 vel
816 3934 1272 4010 iqn'orantiam,
1340 3935 1566 3997 illicite
1615 3938 1800 4012 stunt,

262 4051 583 4123 dicuntur,
647 4054 1030 4127 coquantur,
1093 4054 1221 4113 etc.
1283 4052 1358 4111 Et
1412 4051 1575 4113 infra
1623 4053 1800 4125 dicit,

255 4168 829 4243 ‚concupiscentiam
920 4169 1146 4229 vocari
1216 4174 1555 4243 peccatum
1582 4214 1598 4240 ,
1671 4171 1804 4231 sive

261 4284 427 4355 quod
447 4288 712 4358 peccato
738 4283 921 4357 sacta
962 4283 1063 4355 sit,
1118 4282 1249 4341 sive
1286 4285 1461 4358 quod
1489 4285 1808 4357 peccandi

264 4396 671 4459 delectatione
708 4402 1063 4469 moveatur,
1124 4399 1238 4458 elsi
1284 4398 1346 4458 ei
1385 4399 1804 4459 delectatione

254 4512 514 4584 justitiae
564 4528 691 4571 non
748 4515 1199 4584 consentiatur,
1252 4519 1376 4574 etc.
1428 4515 1518 4574 Ex
1564 4517 1800 4591 quibus

269 4627 474 4689 verbis
551 4622 1003 4689 'l'ridentinum
1092 4630 1388 4692 similiter
1458 4630 1800 4694 declarans

148 4767 216 4811 2112.
267 4759 399 4805 sess.
433 4747 496 4807 5.
530 4762 672 4806 can.
705 4746 764 4806 5.
809 4762 925 4806 cur
966 4747 1490 4825 concupiscentia
1547 4749 1803 4812 dicatur

271 4870 631 4938 peccatum,
687 4863 845 4925 dicit
889 4863 1040 4927 ideo
1092 4868 1430 4943 appellari,
1491 4871 1646 4945 quia
1718 4886 1803 4930 ea:

266 4987 516 5054 peccato
559 4989 667 5055 est,
703 4988 758 5042 et
790 4982 879 5042 ad
895 4990 1237 5058 peccatum
1266 4985 1556 5048 inclinat.

343 5098 598 5159 Remitti
643 5103 858 5159 autem
919 5099 1136 5160 omnia
1179 5101 1244 5161 in
1292 5101 1617 5176 Baptismo
1667 5117 1801 5164 non

271 5214 471 5275 solum
514 5215 656 5276 loco
701 5214 997 5292 praefatO,
1057 5215 1176 5276 sed
1230 5217 1292 5276 in
1341 5219 1799 5293 anterioribuS,

273 5332 336 5388 ut
383 5346 521 5404 cap.
572 5332 673 5392 25.
723 5335 778 5391 et
819 5330 921 5392 26.
975 5335 1042 5391 et
1081 5335 1516 5409 sequentibus
1587 5350 1799 5413 usque

273 5442 346 5504 aci
373 5447 683 5519 ultimum,
731 5445 911 5524 quod
945 5454 1045 5508 est
1072 5448 1170 5512 33.
1206 5449 1317 5509 lib.
1359 5453 1411 5512 l.
1459 5452 1536 5511 de
1563 5451 1801 5526 nuptiis

272 5565 323 5621 et
347 5579 605 5642 concup.
639 5564 744 5628 vel
787 5580 1101 5644 expresse
1134 5565 1290 5628 dicit
1316 5569 1422 5629 vel
1459 5567 1798 5645 supponit,

3309 402 3428 468 395

1918 566 2334 647 distinguens
2364 569 2965 645 concupiscentiam
3006 585 3043 630 a
3092 570 3307 640 reatu,
3354 567 3466 642 qui

1919 682 2259 746 dimittitur
2328 687 2394 747 in
2452 687 2801 762 Baptismo,
2877 686 3003 746 hoc
3063 689 3192 754 est,‘
3256 683 3463 761 ipsam

1914 801 2407 863 inclinationem
2437 806 2812 877 corruptam
2844 799 2928 861 ad
2960 798 3225 870 malum,
3263 806 3393 859 tam
3425 814 3462 859 a
3543 830 3788 896 Concupi-

1915 925 2189 993 peccato
2247 918 2569 997 originali,
2628 915 2809 996 quod
2865 922 3120 977 reatum
3177 914 3465 993 appellat
3495 895 3811 1023 prssoelfsstgite

1916 1030 2008 1112 (et
2038 1049 2119 1093 ex
2152 1051 2281 1111 quo
2313 1037 2491 1095 venit
2519 1038 2657 1112 ipsa
2699 1034 3255 1110 concupiscentia.
3312 1046 3463 1111 quae
3535 1028 3768 1068 ⁶⁰¹¹¹¹¹¹¹¹‘·

1913 1147 2272 1225 improprie
2332 1152 2675 1224 peccatum
2735 1145 2992 1218 dicitur,
3051 1149 3123 1206 ut
3166 1163 3308 1222 cap.
3360 1148 3458 1208 31.

1918 1262 2136 1342 docet)
2167 1281 2366 1343 quam
2413 1281 2449 1326 a
2501 1269 2774 1341 peccato
2821 1263 3082 1337 actuali,
3143 1261 3230 1323 ad
3285 1261 3464 1341 quod

1918 1379 2249 1443 movendo
2295 1380 2513 1455 allicit,
2549 1380 2797 1442 etiamsi
2829 1395 2911 1439 ex
2941 1380 3150 1457 gratia
3185 1378 3301 1439 Dei
3330 1393 3464 1440 non

1918 1502 2391 1563 consentiatur.

1993 1616 2360 1696 Aliquando
2408 1617 2604 1678 etiam
2646 1618 2937 1695 loquitur
2995 1616 3078 1678 de
3145 1615 3454 1693 concupi·
3519 1618 3797 1687 Aliquando

1913 1733 2185 1805 scentia,
2224 1750 2353 1794 non
2409 1734 2624 1796 solum
2680 1740 3001 1815 quantum
3051 1734 3133 1796 ad
3183 1733 3456 1796 inclina·
3518 1687 3790 1807 prfflfflm.

1919 1850 2188 1920 tionem,
2219 1847 2339 1908 sed
2374 1848 2567 1910 etiam
2601 1854 2919 1927 quantum
2951 1850 3037 1913 ad
3067 1855 3345 1912 reatum.
3387 1851 3463 1910 Et

1913 1964 2006 2026 sic
2052 1963 2207 2024 dicit
2248 1963 2513 2036 remitti,
2571 1966 2726 2042 tegi,
2782 1979 2911 2024 non
2942 1964 3247 2041 imputari
3277 1963 3459 2033 oleae,

1916 2093 2067 2157 quae
2101 2078 2421 2141 dulcescit
2460 2096 2537 2140 ex
2587 2081 2989 2158 agricultura
3038 2080 3292 2151 Christi,
3346 2095 3467 2157 per

1914 2194 2193 2273 gratiam
2264 2194 2746 2272 baptismalem.
2811 2195 2995 2257 Unde
3064 2196 3199 2258 haec
3266 2196 3466 2257 verba

1913 2310 2340 2383 remissionis,
2389 2311 2712 2382 tectionis,
2748 2316 2814 2372 et
2844 2328 2976 2372 non
3019 2313 3466 2388 imputationis

1914 2434 2338 2502 peccatorum
2434 2424 2803 2503 desumpsit
2890 2428 3295 2506 Augustinus
3385 2443 3468 2487 ex

1915 2540 2148 2603 Psalm.
2212 2544 2311 2606 31.
2387 2546 2576 2604 Beati
2631 2559 2908 2620 quorum
2973 2544 3256 2604 remissae
3322 2548 3467 2603 sunt

1912 2661 2304 2736 iniquitates,
2351 2665 2407 2720 et
2455 2675 2731 2736 quorum
2774 2665 2937 2721 tecta
2992 2664 3137 2720 sunt
3175 2665 3461 2736 peccata,

1914 2782 2041 2838 etc.
2077 2779 2314 2837 Beatus
2339 2777 2462 2847 vir,
2495 2776 2605 2837 cui
2629 2792 2754 2836 non
2785 2778 3121 2851 imputavit
3152 2779 3464 2837 Dominus

1904 2900 2265 2973 peccatum,
2319 2897 2444 2954 etc.
2491 2890 2671 2954 unde
2701 2896 2925 2969 teqiet
2952 2909 3076 2954 non
3124 2894 3463 2969 imputari,

1913 3011 2092 3073 idem
2140 3015 2243 3072 est
2289 3009 2469 3088 quod
2516 3009 2752 3071 remitti
2806 3014 3154 3087 peccatum
3205 3025 3325 3087 per
3372 3011 3463 3071 in·

1913 3125 2344 3207 dulgentiam.
2404 3129 2590 3187 Tecta
2638 3131 2781 3187 sunt
2832 3132 3121 3203 peccata,
3194 3142 3318 3192 non
3378 3129 3470 3189 sic

1913 3246 2263 3321 intelliqas,
2312 3244 2525 3321 inquit
2553 3243 2958 3322 Augustinus
2987 3244 3053 3303 in
3083 3243 3260 3305 illurn
3295 3243 3468 3305 Psal-

1915 3378 2117 3434 mum,
2157 3367 2421 3438 peccata
2468 3369 2789 3437 cooperta,
2825 3363 3011 3438 quasi
3059 3362 3156 3423 ibi
3203 3363 3349 3435 sint,
3411 3367 3468 3422 et

1910 3482 2151 3550 vivant,
2195 3484 2320 3539 etc.
2372 3477 2560 3553 Quod
2594 3483 2661 3539 et
2691 3479 2933 3540 docent
2981 3478 3087 3539 alii
3131 3483 3465 3557 exposito-

1913 3613 2044 3667 res,
2080 3599 2170 3660 ita
2204 3598 2335 3674 tegi
2368 3600 2440 3657 ut
2472 3595 2752 3672 amplius
2784 3611 2915 3659 non
2942 3597 3114 3669 sint;
3150 3600 3468 3674 teguntur

1915 3714 2091 3774 enim
2138 3729 2258 3790 per
2300 3712 2680 3774 charitatem
2739 3716 2806 3774 et
2843 3712 3166 3792 justitiam
3200 3718 3266 3773 et
3304 3713 3465 3776 alias

1912 3828 2207 3900 virtutes,
2283 3832 2594 3904 tanquam
2666 3842 2786 3902 per
2854 3829 3130 3904 primam
3198 3827 3463 3898 stolam,

1915 3943 2263 4006 candidam
2322 3948 2390 4004 et
2443 3943 2947 4015 immaculatam,
3023 3958 3153 4019 qua
3224 3942 3468 4004 tollitur

1918 4059 2174 4136 turpido
2220 4059 2516 4137 peccati;
2568 4058 2660 4119 sic
2705 4059 2883 4118 enim
2926 4058 3212 4118 charitas
3259 4061 3465 4133 operit

1911 4172 2393 4237 multitudinem
2415 4178 2852 4249 peccatorum,
2902 4186 3027 4249 per
3066 4172 3457 4247 Apostolum.

1913 4298 2237 4377 Origenes
2287 4299 2355 4359 in
2407 4313 2547 4372 cap.
2608 4296 2670 4356 4.
2732 4299 2911 4373 epist.
2971 4298 3061 4358 ad
3113 4299 3457 4360 Romanos.

1909 4414 2288 4476 Ambrosius
2334 4415 2412 4473 de
2455 4430 2612 4474 arca
2660 4417 2790 4477 Noe
2844 4431 2988 4490 cap.
3041 4416 3139 4477 31.
3205 4414 3460 4494 Grego-

1909 4532 2045 4593 rius
2072 4531 2245 4591 ltom.
2279 4529 2338 4589 4.
2372 4531 2437 4590 in
2478 4530 2889 4604 Ezechielem,
2947 4529 3222 4607 perinde
3272 4532 3456 4598 intel÷
3529 4552 3663 4611 Quid
3695 4551 3761 4604 sit

1910 4646 2130 4726 ligitur
2158 4662 2288 4706 non
2319 4644 2661 4721 imputari;
2709 4646 3064 4722 imputatur
3095 4648 3269 4708 enim
3302 4664 3452 4725 pec·
3509 4630 3770 4742 imssffiri.

1911 4771 2119 4826 catum
2164 4761 2481 4840 quamdiu
2527 4767 2648 4837 est,
2703 4763 2871 4824 sicut
2917 4768 2985 4825 et
3027 4763 3201 4827 bona
3250 4781 3455 4843 opera

1911 4879 2167 4942 etfides
2218 4878 2456 4941 dicitur
2502 4881 2790 4956 reputari
2836 4880 2919 4941 ad
2954 4880 3276 4960 justitiam
3326 4897 3453 4943 sae-

1910 4994 2056 5072 pius
2101 5011 2137 5054 a
2188 4994 2409 5066 Pau10,
2464 4998 2528 5054 et
2575 4994 2806 5056 dicitur
2855 5010 3109 5057 merces
3160 4995 3241 5058 ad
3284 5013 3455 5075 prae·

1910 5110 2136 5171 mium.
2181 5108 2554 5171 Bernartius
2601 5125 2797 5171 serm.
2855 5112 2907 5171 1.
2959 5108 3044 5172 de
3092 5115 3458 5173 Annuntia-

1914 5227 2084 5287 tione
2142 5247 2155 5286 ε
2214 5228 2433 5301 Utique
2463 5229 2638 5303 quod
2660 5230 2913 5302 sactum
2943 5233 3052 5300 est,
3088 5232 3218 5290 Deo
3245 5235 3459 5291 tamen

1910 5359 2037 5403 non
2067 5345 2449 5417 imputante,
2482 5348 2627 5414 erit,
2659 5346 2853 5420 quasi
2887 5360 3011 5406 non
3054 5345 3281 5419 suerit,
3330 5353 3455 5408 etc.

1913 5460 2161 5521 scilicet
2208 5476 2329 5537 per
2374 5460 2852 5541 indulgentiam
2901 5469 2966 5524 et
3001 5464 3458 5527 remissionem

1904 5577 2344 5652 obliteratum,
2382 5585 2709 5654 sanatum,
2757 5579 3173 5655 mundatum,
3221 5585 3296 5643 ut
3352 5582 3452 5644 di-

3490 5275 3655 5325 Berna
3663 5273 3802 5324 rdus.
