4255 6375
431 5144 715 5272 Auggstin.
754 5203 967 5269 stinus
1028 5208 1228 5273 variis
1280 5209 1344 5275 in
1384 5212 1566 5291 lociS,
1642 5226 1707 5280 ut
1752 5219 1863 5286 lib.
1901 5225 1965 5285 4.
2012 5222 2093 5287 de
2173 5227 2295 5291 Ba-

770 384 889 446 662
1960 380 2867 444 LlB.1V.sEN'rEN'rtARUM

853 543 977 609 Sed
1016 544 1353 610 Cornelius
1383 545 1627 631 accepit
1664 544 1975 631 Spiritum
2009 553 2305 608 sanctum

764 680 893 724 non
942 659 1152 725 solum
1196 669 1511 746 quantum
1554 658 1631 724 ad
1663 660 1908 747 gratias
1938 657 2146 744 gratis
2194 657 2306 721 da-

756 786 881 855 taS,
936 775 1051 840 sed
1081 774 1277 840 etiam
1308 775 1518 862 quoad
1550 775 1853 841 effectum
1890 772 2309 839 sanctificati·

759 891 928 968 oniS,
1001 902 1069 954 ut
1109 901 1285 975 patet
1340 910 1422 955 ex
1485 889 1703 956 verbis
1762 890 1958 969 Petri,
2015 893 2155 954 Act.
2198 890 2301 954 10.

758 1004 1099 1090 Numquid
1128 1025 1370 1089 aquam
1401 1006 1549 1091 quis
1582 1004 1938 1091 prohibere
1966 1015 2198 1090 potest,
2238 1014 2307 1067 ut

752 1141 892 1186 non
949 1119 1373 1204 baptizentur
1420 1121 1513 1199 hi,
1589 1120 1704 1205 qui
1787 1121 2122 1205 Spiritum
2152 1141 2308 1185 san-

653 1268 656 1272 *
757 1247 933 1300 etum
998 1244 1410 1319 acceperunt,
1482 1234 1650 1298 sieut
1720 1243 1781 1297 et
1830 1254 1966 1312 nos,
2039 1244 2164 1300 etc.
2245 1247 2308 1299 et

756 1356 897 1416 Aet.
966 1357 1069 1417 11.
1132 1371 1282 1416 cum
1342 1348 1992 1436 reprehenderetura
2032 1348 2300 1430 Juuaeis,

757 1466 930 1552 quod
970 1466 1284 1532 Gentibus
1313 1466 1923 1547 communicaverit,
1970 1484 2307 1552 exponens

757 1582 993 1647 seriem
1056 1583 1245 1647 facti:
1305 1582 1470 1646 Cum
1508 1592 1748 1659 autem,
1800 1582 2035 1668 inquit,
2079 1582 2304 1666 caepis-

756 1717 890 1760 sem
935 1698 1136 1782 loqui,
1184 1696 1419 1762 cecidit
1460 1698 1757 1782 Spiritus
1803 1710 2072 1763 sanctus
2101 1719 2305 1784 super

763 1833 891 1888 eos,
936 1814 1107 1877 sicut
1146 1824 1204 1877 et
1247 1812 1319 1876 in
1354 1833 1472 1876 nos
1511 1813 1586 1877 in
1614 1813 1813 1877 initio
1834 1837 1860 1892 ,·
1918 1814 2309 1879 recordatus

760 1947 904 1989 sum
932 1938 1151 1991 autem
1210 1926 1391 1990 verbi
1452 1928 1744 2007 Domini,
1782 1929 1949 1992 sicut
1992 1928 2251 1993 dicebat
2287 1954 2306 1992 .·

757 2042 1046 2106 Ioannes
1085 2041 1349 2127 quidem
1381 2042 1747 2128 baptizavit
1790 2064 1987 2128 aqua,
2032 2064 2143 2108 vos
2190 2065 2309 2107 au-

762 2168 889 2222 tem
920 2158 1430 2243 baptizabimini
1459 2161 1728 2244 Spiritu
1764 2172 2013 2227 sanem.
2052 2163 2133 2226 Si
2155 2184 2310 2248 erqo

757 2274 1053 2339 eamdem
1071 2277 1365 2361 qratiam
1412 2276 1596 2342 dedit
1631 2278 1771 2342 illis
1812 2280 1985 2343 Deus
2029 2280 2200 2343 sicu-t
2250 2291 2309 2344 et

757 2393 963 2470 nobis,
1038 2393 1152 2477 qui
1197 2392 1605 2458 credidimus
1662 2393 1735 2458 in
1791 2394 2148 2458 Dominum
2205 2395 2306 2459 Je-

754 2530 898 2574 sum
941 2510 1302 2588 Christum,
1357 2531 1472 2594 eqo
1502 2512 1648 2596 quis
1687 2532 1869 2576 eram
1900 2513 2015 2596 qui
2052 2533 2308 2597 possem

754 2632 1105 2717 prohibere
1159 2634 1388 2710 Deum,
1427 2644 1556 2697 etc.
1609 2633 1945 2719 Oppositio
1994 2651 2092 2703 est
2136 2639 2309 2705 inter

761 2751 1163 2836 Baptismum
1215 2755 1281 2820 in
1330 2775 1521 2841 aquav
1556 2779 1670 2843 per
1699 2761 2035 2837 loannem,
2091 2769 2155 2823 et
2196 2761 2305 2824 Ba-

762 2870 1070 2954 ptismum
1143 2871 1206 2938 in
1259 2874 1504 2958 Spiritu
1536 2888 1781 2957 sanctO,
1828 2877 1939 2963 qui
1990 2879 2179 2945 datus
2211 2891 2309 2945 est

763 2986 1091 3070 Apostolis
1143 3009 1223 3054 ex
1300 2989 1546 3084 virtute
1602 2994 2164 3074 sanctificationis,
2239 3009 2308 3062 ut

760 3122 878 3167 suo
937 3102 1076 3169 loco
1145 3106 1593 3175 tractavimus.
1650 3113 1810 3176 Item
1860 3114 2153 3198 Apostoli
2206 3136 2303 3180 re·

753 3228 1070 3301 ceperunt
1147 3220 1462 3304 Spiritum
1523 3236 1819 3291 sanctum
1911 3225 2097 3294 initio
2192 3252 2306 3317 per

755 3333 1021 3399 modum
1054 3336 1316 3403 virtutis
1355 3350 1417 3404 et
1475 3343 2036 3432 sanctificationis,
2098 3350 2306 3415 donec

748 3448 1135 3518 induamini
1175 3455 1416 3521 virtute
1456 3479 1540 3522 ed·
1581 3462 1739 3539 alec,
1798 3463 2025 3529 eodem
2085 3466 2299 3545 modo,

749 3576 820 3630 ut
880 3565 1034 3633 dicit
1085 3583 1324 3651 textuS‚
1397 3577 1640 3661 recepit
1708 3581 2079 3668 CorneliuS,
2148 3604 2307 3671 ergo

756 3705 869 3769 per
911 3688 1172 3754 modum
1205 3692 1671 3761 sanctificantis
1707 3719 1722 3775 ;
1768 3692 2093 3767 sic-etiam
2119 3700 2304 3768 intel-

757 3801 1056 3870 lexerunt
1104 3807 1337 3896 reliqui
1387 3812 1750 3895 audienteS,
1788 3815 2123 3884 dicentes:
2178 3821 2306 3886 Er-

760 3941 842 4004 570
918 3933 978 3986 et
1050 3926 1125 3989 in
1167 3926 1484 3993 Gentibus
1549 3931 1736 3997 dedit
1769 3935 1943 4000 Deus
1977 3938 2305 4022 poeniten-

758 4036 923 4101 tium
985 4039 1076 4102 ad
1144 4042 1370 4123 vitam,
1450 4056 1574 4112 etc.
1614 4068 1762 4133 quae
1803 4050 2178 4117 referuntur
2228 4054 2304 4119 ad

755 4151 861 4217 illa
911 4154 1100 4235 dona,
1138 4180 1287 4245 quae
1336 4162 1577 4248 recepit
1626 4167 1986 4249 CorneliuS,
2031 4191 2147 4257 per
2194 4173 2306 4238 ad-

759 4280 1025 4335 ventum
1068 4274 1348 4357 Spiritus
1395 4279 1605 4344 sancti
1657 4281 1720 4345 in
1765 4282 1978 4369 ipsum
2019 4308 2034 4365 ;
2087 4290 2306 4372 poeni-

757 4388 963 4451 tentia
1037 4389 1128 4453 ad
1204 4394 1431 4472 vitam,
1472 4394 1734 4463 denotat
1788 4404 2302 4470 sanctificantem

757 4502 1094 4587 Spiritum.
1140 4507 1317 4574 Idem
1360 4509 1705 4597 designant
1737 4527 1867 4582 tam
1903 4518 2070 4585 visio
2102 4523 2296 4599 Petri,

756 4640 882 4705 qua
929 4621 1191 4689 videbat
1247 4645 1364 4692 vas
1422 4629 1825 4699 submissum
1856 4634 1937 4701 de
2001 4637 2193 4717 coelo,
2240 4654 2304 4706 et

756 4749 1087 4823 receptum
1139 4740 1203 4804 in
1235 4743 1498 4826 coelum,
1547 4768 1741 4834 quam
1774 4752 1969 4818 etiam
2032 4776 2301 4841 respon-

752 4850 851 4916 sio
900 4853 978 4918 ad
1028 4855 1243 4942 ipsum
1285 4860 1366 4927 de
1413 4865 1579 4930 coelo
1628 4866 1834 4934 facta:
1902 4871 2061 4946 Quoe
2127 4876 2302 4941 Deus

754 4970 1124 5075 mundavit,
1164 4985 1233 5039 tu
1272 4997 1354 5041 ne
1392 4999 1732 5048 commune
1760 4985 2044 5052 dixeris.

844 5088 1019 5152 Hanc
1069 5092 1361 5157 eamdem
1422 5099 1811 5164 sententiam
1845 5113 2019 5170 tenet
2077 5111 2298 5193 Augu-

748 5322 989 5404 ptismo
1048 5337 1281 5392 contra
1358 5331 1762 5413 Donatistas,
1838 5359 1981 5423 cap.
2047 5344 2154 5408 24.
2236 5356 2298 5409 et

752 5434 867 5501 lib.
908 5438 1011 5500 15.
1054 5437 1134 5502 de
1176 5440 1522 5523 Tri-nitate,
1568 5468 1714 5533 cap.
1757 5453 1860 5516 19.
1917 5465 2142 5537 quoest.
2182 5460 2289 5523 84.

2417 539 2878 625 proedestinat.
2941 543 3361 623 Sanctorum,
3419 564 3569 628 cap.
3613 545 3682 607 Ἴ.
3725 539 3828 606 lib.
3864 539 3935 604 de
3957 556 4144 682 Teu-,g

2427 656 2787 742 Baptismo,
2865 679 3010 744 cap.
3093 660 3201 723 21.
3274 668 3334 722 et
3413 657 3529 722 lib.
3607 660 3663 721 1.
3710 674 3842 740 cap.
3872 657 3930 720 8.
3956 633 4146 746 ΝΜ

2421 771 2930 857 chrysostomus
2959 784 3023 838 et
3060 772 3168 838 alii
3231 772 3622 858 interpretes
3689 773 3757 836 in
3805 773 3926 835 Act.
3973 749 4130 859 ⁶3²³}st

2420 891 2737 972 cap-10.
2820 887 3259 955 Tertullianus
3359 888 3475 953 lib.
3548 886 3628 952 de
3683 887 3935 972 jeiuniis
3993 814 4124 926 ‘3³⁸³‘

2419 1014 2652 1067 contra
2757 1003 3131 1088 Psychicos,
3212 1026 3268 1068 c.
3367 1004 3435 1068 8.
3531 1001 3933 1068 Nazianzenus

2420 1129 2591 1182 orat.
2674 1121 2790 1182 24.
2857 1119 3064 1203 paulo
3139 1128 3298 1182 ante
3367 1118 3596 1199 finem,
3646 1117 3923 1204 Cyprian.

2418 1234 2609 1319 epist.
2693 1235 2802 1299 72.
2882 1240 3115 1298 Arator
3188 1237 3409 1312 Poeta,
3470 1247 3538 1300 et.
3597 1234 3855 1312 Glossae,
3882 1243 3935 1298 et

2417 1351 2790 1418 communis
2857 1355 3234 1419 Doctorum.
3286 1350 3352 1416 Si
3414 1370 3574 1436 ergo
3632 1350 3936 1415 Cornelius

2420 1466 2664 1553 recepit
2720 1467 3034 1554 Spiritum
3091 1465 3635 1533 sanctificationis
3683 1487 3765 1531 ex
3817 1487 3938 1531 sen·

2421 1582 2621 1647 tentia
2651 1581 3027 1661 Petri,sicut
3064 1595 3129 1647 et
3166 1582 3486 1670 Apostoli,
3515 1583 3746 1648 eodem
3777 1582 3939 1646 modo

2419 1710 2484 1763 et
2531 1698 2646 1776 illi,
2711 1696 2822 1784 qui
2890 1709 3275 1783 receperunt
3300 1697 3609 1762 eumdem
3657 1697 3938 1782 Spiritum

2422 1834 2536 1900 per
2570 1813 3052 1900 impositionem
3087 1834 3318 1880 manus
3348 1812 3805 1899 Apostolorum
3864 1833 3940 1875 re-

2419 1929 2766 2015 cipiebant,
2805 1929 2973 1995 sicut
3020 1942 3083 1995 et
3122 1929 3460 1995 Cornelius
3528 1941 3592 1994 et
3631 1929 3753 2016 ipsi
3801 1932 3940 2015 Apo

2423 2048 2572 2113 stoli
2626 2049 2691 2112 in
2751 2046 2962 2127 initio,
3026 2046 3137 2132 qui
3184 2068 3266 2112 ex
3312 2045 3454 2112 loco
3511 2045 3848 2131 praedicto,
3891 2060 3941 2109 et

2424 2164 2860 2252 promissione
2912 2164 3155 2230 Christi
3206 2176 3268 2230 et
3317 2163 3656 2230 communi
3711 2167 3940 2229 Patrum

2422 2283 2978 2368 interpretatione,
3040 2284 3184 2348 Act.
3229 2284 3268 2350 ⁹2
3317 2294 3712 2367 receperunt
3767 2281 3943 2367 Spiri-

2422 2412 2559 2464 tum
2635 2418 2750 2485 per
2808 2399 3072 2464 modum
3124 2396 3596 2464 sanctificantis
3646 2410 3710 2463 et
3758 2397 3945 2462 danus

2424 2519 2780 2585 ubertatem
2822 2516 3077 2603 gratiae,
3136 2529 3203 2584 ut
3253 2518 3397 2583 fuse
3426 2516 3938 2601 Chrysostomus,

2419 2636 2650 2702 homil.
2715 2639 2823 2701 24.
2891 2637 2966 2701 in
3023 2637 3226 2714 Aeta,·
3287 2647 3351 2700 et
3406 2635 3585 2699 hom.
3661 2637 3723 2697 1.
3780 2643 3837 2696 et
3886 2635 3940 2695 4.
3980 2672 4130 2731 αἰτῇ.

2420 2733 2643 2848 Cssvrill.
2680 2761 3267 2847 lerosolymitanus
3325 2762 3402 2826 in
3470 2763 3812 2828 Catechesi
3852 2769 3939 2831 Π.
3981 2736 4130 2848 Ἓξ

2421 2881 2713 2948 Nazianz.
2815 2892 2986 2946 orat.
3096 2883 3205 2944 44.
3315 2881 3589 2965 Gregor.
3693 2884 4108 2972 Magnusfiffl
3993 2863 4116 2927 ΜΞ

2417 3001 2592 3064 hom.
2674 3001 2781 3063 30.
2882 3019 2956 3062 m
3031 2996 3425 3081 Evanqelia,
3525 2997 3940 3083 Hieronymus
3961 2985 4135 3097 Cssssffiss

2418 3116 2608 3201 epist.
2672 3115 2761 3179 ad
2819 3114 3192 3191 Hedibiam,
3269 3114 3579 3179 Bernard.
3645 3137 3836 3181 serm.
3877 3116 4134 3179 1·an

2418 3232 2595 3297 diem
2673 3233 3102 3311 Pentecostes,
3177 3231 3399 3317 Cyrill.
3485 3231 3940 3298 Alexandrinus

2419 3349 2534 3413 lib.
2588 3350 2653 3415 9.
2715 3350 2784 3414 in
2831 3350 3176 3429 Ioannem,
3243 3360 3306 3416 et
3354 3350 3939 3416 communisinter-

2419 3476 2700 3551 pretum.

2507 3582 2748 3648 Deinde
2811 3589 2870 3648 1.
2934 3584 3024 3649 ad
3081 3584 3389 3649 Corinth.
3451 3587 3560 3648 12.
3625 3583 3704 3649 ad
3751 3584 3937 3669 Ephe·
4039 3602 4080 3648 u

2417 3698 2552 3763 sios
2591 3703 2654 3764 4.
2692 3698 2924 3786 gratiae
2955 3700 3161 3785 gratis
3202 3699 3369 3765 datae
3418 3720 3550 3766 non
3597 3713 3752 3766 sunt
3787 3720 3936 3766 com-
3953 3666 4136 3779 &rigida

2420 3840 2652 3886 munes
2706 3821 3034 3900 omnibuS,
3106 3822 3221 3886 sed
3289 3843 3404 3908 per
3469 3792 4124 3908 ἰωροείιίοιιειιιῖῗζῖ

2422 3959 2652 4004 manus
2753 3939 3207 4025 Apostolorum
3302 3940 3580 4007 dabatur
3684 3941 3938 4029 Spiritus

2420 4069 2685 4122 sanctus
2715 4057 3022 4123 omnibus
3053 4056 3356 4124 fidelibus
3389 4058 3761 4145 baptizatis,
3807 4078 3941 4143 ergo

2418 4171 2606 4236 aliter
2643 4193 2836 4258 quam
2880 4194 2994 4259 per
3041 4173 3232 4240 dona.
3269 4174 3365 4239 Ad
3416 4176 3732 4243 Hebraeos
3774 4174 3941 4241 etiam

2418 4293 2481 4355 6.
2529 4292 2865 4376 impositio
2917 4312 3172 4367 manus,
3237 4304 3624 4357 numeratur
3682 4314 3715 4357 a
3773 4291 3944 4359 Paulo

2420 4405 2586 4472 inter
2609 4406 2974 4472 rudimenta
3007 4406 3153 4473 fidei
3186 4405 3383 4472 simul
3414 4429 3566 4473 cum
3602 4409 3941 4496 Baptismo:

2422 4525 2861 4607 Quapropter,
2903 4522 3137 4608 inquit,
3174 4524 3691 4590 intermittentes
3740 4524 3940 4589 incho-

2414 4641 2665 4704 ationis
2698 4640 2953 4706 Christi
2989 4660 3375 4720 sermonem,
3413 4642 3506 4706 ud
3549 4644 3942 4727 perfectiora

2411 4759 2738 4841 feramur,
2799 4777 2931 4822 non
2998 4778 3263 4821 rursu-m
3316 4759 3653 4844 jacie-ntes
3707 4759 3940 4845 sunda-

2411 4884 2697 4936 mentum
2735 4874 3144 4958 poenitentice
3179 4875 3261 4938 ab
3308 4875 3625 4963 operibus
3656 4878 3933 4949 mortuis,

2412 5001 2471 5053 et
2498 4988 2663 5070 [idei
2692 4990 2784 5055 ad
2805 4992 3034 5069 Deum,
3076 4992 3564 5076 Baptismatum
3603 4993 3932 5069 doctrina»,

2411 5106 2860 5191 impositionis
2921 5129 3170 5194 quoque
3229 5130 3571 5188 manuum,
3621 5133 3698 5175 ae
3735 5132 3934 5176 resur·

2409 5223 2725 5287 rectionis
2785 5234 3192 5289 mortuorum
3275 5245 3354 5289 ac
3415 5227 3679 5312 judieii
3769 5240 3937 5293 ceter·

2409 5338 2502 5416 ni,
2550 5348 2670 5404 etc.
2726 5339 3047 5426 Supponit
3095 5339 3446 5426 Apostolus
3502 5342 3681 5430 ipsos
3717 5342 3932 5431 jamin

2409 5451 2511 5518 his
2565 5454 2952 5520 rudimentis
2993 5453 3144 5521 fidei
3184 5454 3394 5521 fuisse
3444 5457 3821 5538 instructoS,
3875 5471 3931 5524 ut

745 5568 945 5633 super
986 5551 1354 5623 Leviticum
1414 5560 1527 5627 lib.
1600 5565 1709 5629 50.
1770 5566 2002 5634 homil.
2067 5572 2175 5637 23.
2213 5573 2294 5657 de
2406 5584 2581 5659 patet
2637 5593 2716 5638 ex
2766 5573 2987 5640 verbis
3039 5574 3473 5663 sequentibus
3518 5598 3534 5641 :
3589 5598 3726 5644 non
3776 5578 3928 5643 enim
