4255 6375
1358 361 1553 423 DtsT.
1612 361 1714 420 vt.
1770 357 2131 434 QUAESTto
2164 361 2240 420 X.

152 541 169 584 t
200 541 396 604 ctum,
431 535 571 595 sine
604 549 734 612 quo
767 533 997 610 nequit
1045 546 1192 591 esse
1226 544 1303 590 ex
1351 524 1734 604 dependen-

202 654 282 712 lia
310 648 790 712 fundamentali
828 648 912 710 ad
961 646 1308 708 terminum
1359 659 1507 704 esse
1551 658 1733 703 eum·

152 755 351 827 'dem
409 766 529 828 sibi
595 766 881 838 realiter,
951 769 1021 825 ut
1102 768 1205 824 est
1282 765 1599 823 creaturae
1653 757 1737 818 ad

151 943 155 950 .
199 884 430 955 Deum,
464 882 661 946 totius
695 898 809 961 per
849 897 922 942 se
974 880 1056 941 ad
1107 884 1350 958 partes,
1405 872 1740 937 relationis

199 997 281 1060 ad
363 999 774 1078 subjectum,
863 995 1308 1060 correlationis
1385 992 1470 1053 ad
1550 991 1737 1051 aliam

202 1114 701 1176 correlationem
757 1115 1027 1190 propter
1090 1109 1515 1172 simultatem.
1592 1106 1740 1166 Pro·

198 1219 501 1291 cedend'o
550 1245 710 1309 ergo
767 1227 1135 1289 secundum
1202 1223 1507 1287 eumdem
1564 1220 1736 1283 ordi-

196 1362 348 1408 nem
410 1346 714 1425 ejusdem
765 1343 1098 1405 relationis
1149 1342 1210 1402 in
1261 1341 1508 1418 specie,
1562 1337 1742 1400 verbi

200 1464 433 1545 gratia,
485 1460 924 1526 similitudinis
973 1459 1058 1519 ad
1102 1459 1552 1520 correlativam
1593 1455 1738 1527 sibi,

197 1597 324 1643 non
359 1580 787 1660 distinguitur
832 1579 1095 1640 realiter
1138 1578 1218 1638 ab
1265 1578 1440 1651 ipsa3
1488 1576 1540 1634 si
1584 1589 1743 1636 vero

198 1703 294 1774 est
351 1695 437 1757 ad
506 1696 696 1757 aliam
757 1692 1274 1764 similitudinem,
1334 1708 1369 1751 a
1427 1706 1555 1769 qua
1615 1701 1746 1749 non

199 1811 538 1890 dependet
611 1808 981 1872 secundum
1061 1808 1229 1869 hanc
1317 1805 1744 1875 simultatem,

199 1933 295 1990 est
325 1927 583 1990 diversa
615 1927 898 2000 realiter,
956 1930 1023 1986 et
1068 1929 1271 1986 status
1317 1928 1419 1985 est
1462 1923 1521 1984 in
1559 1923 1745 1983 tertia

198 2044 617 2107 similitudine
652 2059 732 2105 ex
775 2044 1027 2104 ratione
1074 2041 1426 2120 praemissa.

275 2172 349 2233 Et
396 2170 452 2231 si
505 2168 760 2231 dicatur
804 2168 1006 2248 gratis
1069 2168 1194 2228 hoc
1263 2165 1414 2238 dici,
1471 2182 1743 2243 respon·

205 2284 438 2346 deatur
482 2302 563 2346 ex
609 2302 740 2364 quo
785 2287 998 2362 capite
1044 2284 1261 2364 colligi
1302 2285 1506 2362 possit
1554 2282 1743 2346 iden-

207 2398 349 2462 titas
392 2406 740 2479 respectus
783 2400 976 2463 realis
1019 2401 1105 2463 ad
1134 2416 1328 2463 suum
1365 2398 1749 2461 fundamen·

205 2521 364 2586 tum.
399 2516 526 2579 nisi
572 2533 654 2578 ex
693 2513 804 2578 illo
847 2515 1163 2594 principio
1202 2516 1344 2595 jam
1388 2516 1750 2594 praemisso,

203 2650 444 2711 nempe
483 2633 734 2695 ratione
793 2632 1277 2711 dependentiae,
1324 2650 1475 2693 nam
1520 2632 1574 2693 si
1616 2633 1752 2693 haec

203 2747 655 2828 dependentia
690 2767 771 2811 ex
823 2751 1148 2812 sententia
1196 2749 1470 2811 aliorum
1516 2750 1757 2827 probat

205 2867 617 2930 identitatem
671 2868 1116 2942 essentialem,
1152 2885 1189 2929 a
1218 2866 1467 2929 fortiori
1520 2868 1752 2945 probat

202 2982 615 3046 identitatem
676 2986 948 3046 realem.
1011 2987 1192 3047 Ratio
1271 2990 1494 3046 autem
1556 2999 1757 3061 quam

200 3097 490 3176 assignat
555 3099 661 3161 hic
730 3100 995 3174 Doctor‚
1071 3105 1172 3162 est
1244 3100 1328 3162 ad
1396 3101 1749 3172 hominem,

205 3214 652 3292 retorquendo
739 3221 1208 3296 argumentum
1275 3234 1357 3278 ex
1428 3218 1761 3278 communi

208 3334 558 3404 sententia,
596 3339 662 3392 et
690 3334 1061 3396 secundum
1111 3336 1479 3412 paritatem,
1528 3339 1601 3396 ut
1651 3352 1757 3397 os-

215 3448 418 3511 tendit
496 3452 1038 3529 consequentiam
1112 3451 1288 3513 illam
1345 3467 1479 3512 non
1542 3452 1758 3514 exclu-

217 3563 414 3639 dere;
462 3568 854 3645 principium
885 3574 1110 3629 autem
1155 3585 1238 3629 ex
1283 3585 1413 3646 quo
1447 3570 1763 3646 sequitur,

221 3687 318 3744 est
364 3699 486 3760 per
527 3699 600 3743 se
644 3686 893 3757 notum,
946 3699 1188 3760 nempe
1235 3686 1300 3746 in
1327 3682 1770 3760 dependentia

222 3814 339 3875 per
380 3814 457 3860 se
514 3814 646 3859 non
696 3796 834 3860 dari
882 3815 1293 3877 processum.
1474 3806 1481 3813 ’

306 3913 398 3994 (b)
454 3917 666 3976 Tertia
722 3920 919 3977 etiam
987 3918 1158 3977 ratio
1202 3932 1326 3976 non
1380 3915 1569 3989 valet,
1644 3919 1772 3976 etc.

151 3997 205 4047 ²⁵⁰
237 4032 375 4093 Haec
432 4031 599 4093 ratio
658 4035 782 4103 est,
831 4030 1010 4110 quod
1081 4032 1308 4093 relatio
1367 4046 1493 4093 non
1559 4037 1778 4108 potest

3295 355 3414 418 625

1854 522 2192 593 moralem,
2255 540 2395 600 qua:
2452 521 2821 584 secundum
2871 526 3030 600 quid
3087 529 3185 584 cst
3230 522 3396 583 talis.

1850 641 2054 701 Minor
2083 648 2184 702 est
2239 639 2422 714 falsa,
2474 648 2547 704 ut
2580 639 2927 703 manifeste
2976 645 3156 719 patet
3205 640 3272 699 in
3303 640 3398 701 lit·
3450 646 3726 698 character

1854 765 2025 828 tera;
2077 757 2326 819 nullum
2380 760 2557 820 enim
2606 764 2826 820 actum
2873 763 3094 836 potest
3125 757 3395 836 physice
3480 715 3700 835 ἒὲἶὲεῗῗιξι

3473 836 3682 902 physica
3692 874 3702 885 .

1851 887 2164 933 exercere
2223 874 2452 946 active,
2519 881 2630 934 aut
2674 873 2931 951 passive
2994 875 3150 952 quin
3209 887 3395 934 eum-

1851 989 2002 1050 dem
2047 992 2255 1068 possit
2299 1004 2430 1051 non
2475 990 2840 1068 baptizatus
2874 1007 3184 1053 exercere
3231 990 3396 1070 phy·

1849 1108 2009 1179 sice,
2058 1111 2129 1167 ut
2172 1111 2351 1183 patet
2409 1108 2749 1184 exemplis,
2810 1125 2953 1187 quae
2995 1107 3291 1169 adducit.
3341 1108 3402 1168 Si

1852 1225 2073 1282 autem
2118 1221 2425 1299 loquatur
2481 1223 2565 1284 de
2625 1229 2951 1300 potestate
3001 1223 3400 1286 ministeriali

1854 1341 1922 1398 et
1963 1339 2218 1412 morali,
2273 1341 2485 1418 major
2533 1345 2634 1402 est
2681 1339 2866 1414 falsa,
2914 1346 2988 1404 ut
3038 1343 3212 1404 clare
3258 1359 3406 1419 pro-

1854 1453 2045 1513 batur
2089 1470 2173 1515 ex
2222 1459 2420 1530 textu,
2471 1455 2777 1519 instando
2824 1457 2910 1519 ad
2955 1458 3292 1520 hominem
3351 1457 3416 1517 in

1855 1568 2084 1630 ordine
2122 1571 2575 1649 Episcopatus»,
2622 1577 2734 1651 qui
2779 1591 2909 1635 non
2965 1579 3065 1635 est
3119 1574 3419 1637 diversus

1857 1702 1894 1747 a
1952 1686 2442 1767 presbyteratu,
2511 1705 2594 1749 ex
2637 1691 2949 1766 opinione
3020 1691 3096 1750 D.
3155 1691 3422 1752 Thomoe

1856 1805 1924 1865 in
1966 1804 2026 1865 4.
2061 1806 2125 1868 d.
2159 1805 2258 1866 24.
2295 1823 2359 1865 a.
2394 1805 2449 1865 3.
2488 1823 2547 1881 q.
2584 1807 2682 1866 22.
2717 1808 2879 1867 Item
2931 1806 3134 1867 instat
3191 1805 3274 1867 de
3306 1823 3421 1883 po-

1864 1923 2097 1981 testate
2135 1920 2402 1999 judiciS‚
2454 1920 2588 1995 filii,
2625 1926 2914 2000 nepotiS‚
2950 1923 3016 1984 in
3060 1923 3291 1985 ordine
3336 1922 3422 1984 ad

1862 2042 2043 2099 actus
2102 2041 2586 2114 competentes,
2655 2054 2729 2099 ac
2799 2039 3060 2101 tandem
3131 2037 3424 2102 declarat

1861 2154 2272 2233 propositum
2312 2157 2378 2217 in
2425 2155 2807 2217 charactere
2857 2157 3335 2218 sacramentali.

2441 2379 2844 2436 SCHOLIUM.

1937 2611 2168 2680 Rejicit
2218 2614 2506 2680 quartam
2557 2612 2859 2667 rationem
2915 2613 2978 2666 D.
3029 2610 3242 2665 Thom.
3278 2610 3432 2680 quia

1862 2708 2132 2764 destruit
2165 2710 2461 2780 primam,
2496 2715 2555 2765 et
2585 2710 2864 2776 resolvit,
2892 2725 3012 2766 non
3050 2709 3433 2766 obstantibus

1864 2807 2215 2863 rationibus
2249 2807 2479 2876 allatiS,
2511 2822 2692 2880 posse
2724 2808 2973 2864 defendi
3009 2808 3431 2864 characterem

1866 2925 1999 2965 esse
2071 2907 2446 2963 relationem
2522 2908 2913 2962 extrinsecus
2972 2906 3432 2963 advenientem.

1868 3009 2062 3062 Favet
2090 3004 2255 3060 Trid.
2295 3018 2373 3060 ss.
2409 3008 2466 3061 7.
2501 3021 2635 3069 can,
2667 3007 2717 3059 9.
2747 3003 2961 3061 dicens
2990 3020 3122 3060 csse
3156 3007 3428 3075 signum.
3507 3077 3510 3080 Δ

1870 3107 1948 3158 De
2006 3102 2374 3173 huiusmodi
2433 3102 2844 3160 relationibus
2901 3105 3032 3172 agit
3059 3104 3113 3158 3.
3174 3103 3315 3160 dist.
3377 3105 3428 3159 1.

1870 3207 2084 3276 quaest.
2115 3194 2165 3259 1.
2199 3208 2260 3260 et
2291 3203 2436 3259 infr.
2464 3203 2522 3260 d.
2570 3203 2652 3259 13.
2682 3209 2895 3275 quaest.
2936 3206 2985 3261 1.

1971 3442 2280 3522 Quarta
2353 3441 2453 3529 (c)
2530 3460 2728 3512 vero
2802 3439 3018 3513 ratio
3068 3438 3418 3513 destruit

1887 3556 2261 3647 primam.
2337 3556 2417 3630 Si
2465 3557 2677 3630 enim
2723 3555 3304 3629 universaliter
3346 3555 3423 3628 in

1885 3672 2070 3746 aliis
2144 3673 2695 3746 Sacramentis
2763 3681 3248 3747 causaretur
3310 3694 3427 3745 re·

1886 3789 2085 3861 latio
2158 3810 2368 3861 nova
2408 3790 2501 3861 ad
2544 3791 2946 3863 actionem
2998 3789 3123 3861 vel
3179 3789 3429 3883 passi-

1889 3927 2121 3979 onem
2168 3906 2699 3988 sacramenti,
2766 3911 2846 3979 et
2913 3926 3072 3978 non
3143 3906 3432 3979 chara-

1884 4029 2084 4106 cter,
2170 4042 2369 4113 ergo
2448 4027 2571 4097 est
2652 4023 2757 4095 ibi
2838 4024 3131 4098 relatio
3221 4046 3431 4097 nova

153 4165 164 4176 ·
237 4164 380 4210 esse
454 4151 744 4225 potestas
814 4151 1023 4211 activa
1080 4147 1185 4209 vel
1241 4150 1520 4227 passiva,
1591 4148 1776 4227 cujus
1889 4141 2057 4213 sive
2127 4139 2533 4213 absolutio
2604 4139 2876 4231 aliquo
2965 4161 3204 4223 novo,
3279 4142 3434 4214 nisi

236 4264 636 4328 contrarium
721 4264 1037 4340 competit
1125 4264 1536 4337 characteri;
1618 4281 1775 4344 ergo
1887 4258 2148 4349 fingas
2245 4255 2323 4327 in
2401 4256 2754 4348 quolibet
2823 4257 2985 4330 alio
3038 4258 3225 4348 poni
3293 4257 3443 4329 ali-

234 4398 362 4443 non
424 4387 525 4442 est
579 4380 836 4451 relatio,
905 4386 1032 4441 etc.
1099 4381 1483 4459 Respondet
1542 4382 1780 4443 Doctor
1892 4377 2094 4470 quod

232 4496 398 4559 hanc
443 4498 766 4559 rationem
822 4500 1230 4576 aequivocare
1280 4498 1383 4558 vel
1441 4499 1778 4559 continere
1890 4493 2382 4574 characteri,
2422 4495 2702 4584 utpote
2756 4500 3133 4567 ornatum
3172 4516 3443 4587 quem-

236 4616 752 4693 propositionem
833 4613 1129 4682 falsam:
1218 4614 1622 4692 aequivocat,

1727 4614 1784 4674 si
1890 4614 2099 4685 dam.
2139 4610 2285 4684 Sed
2327 4609 2396 4681 si
2438 4610 2573 4682 ille
2625 4617 2966 4683 ornatus
3012 4617 3136 4686 est
3178 4611 3444 4686 forma

233 4738 449 4793 sumat
503 4736 901 4809 potestatem
974 4747 1152 4793 nunc
1231 4734 1296 4792 in
1373 4746 1570 4793 sensu
1636 4747 1783 4792 mo·
1894 4727 2781 4820 supernaturaliS,·erit
2841 4729 3308 4815 indelebilis,
3354 4754 3448 4805 eo

232 4851 375 4922 rali,
426 4851 710 4912 nuncin
753 4865 958 4911 sensu
1018 4848 1317 4929 physico,
1379 4851 1559 4913 verbi
1630 4865 1780 4930 gra-

240 4964 323 5025 tia
344 5012 361 5040 ,

1901 4846 2131 4917 modo
2206 4865 2361 4936 quo
2438 4844 2883 4919 character
2956 4849 3081 4920 est
3161 4848 3452 4922 indele-

448 4966 512 5027 in
615 4965 868 5044 majore
968 4964 1289 5026 sumendo
1386 4969 1788 5042 potestatem
1899 4960 2110 5046 bilis,
2159 4961 2542 5054 quianon
2579 4960 2884 5054 poterit
2935 4962 3234 5037 habere
3278 4985 3456 5040 cau-

242 5097 355 5157 pro
433 5082 749 5160 principio
827 5080 1071 5161 agendi
1155 5082 1449 5162 physico,
1527 5087 1601 5144 ut
1672 5101 1785 5161 ap-

243 5198 441 5274 pellat
490 5200 918 5271 relationem;
992 5198 1057 5259 in
1136 5200 1368 5260 minori
1444 5205 1515 5259 ut
1582 5198 1791 5262 deter-

1904 5098 2082 5151 sam
2134 5077 2779 5152 demeritoriam.
2838 5082 2939 5152 Et
2994 5085 3183 5155 tunc
3251 5082 3459 5154 vide-

1905 5200 2043 5269 tur
2102 5195 2352 5277 fictio,
2428 5216 2681 5287 quare
2748 5215 2908 5268 non
2978 5199 3234 5290 possit
3305 5199 3458 5273 dici

247 5318 446 5378 minat
504 5317 955 5377 characterem
1019 5318 1084 5377 in
1138 5332 1343 5377 sensu
1420 5315 1671 5378 morali.
1735 5318 1796 5379 Si
1907 5312 2368 5393 character,
2450 5333 2629 5385 cum
2711 5311 2815 5384 sit
2894 5311 3162 5386 forma
3232 5316 3463 5407 pt'ioP

249 5436 464 5493 autem
524 5433 798 5513 physice
861 5437 1085 5493 sumat
1158 5436 1588 5510 potestatem.
1661 5451 1802 5512 quaa
1910 5430 2089 5522 ipso
2161 5428 2448 5501 effectu
2506 5428 2937 5521 principali
2992 5434 3462 5506 Sacramen-

259 5545 489 5612 dicitur
544 5550 931 5629 simpliciter
973 5552 1270 5625 potestas
1318 5552 1687 5630 respective
1721 5554 1804 5615 ad
1915 5548 2002 5629 ti,

440 5665 585 5715 Tem.
615 5664 754 5716 XVI.

2092 5550 2174 5620 et
2259 5545 2530 5618 forma
2629 5546 3117 5630 indelebilis,
3209 5569 3461 5640 quare

3271 5674 3335 5724 40

2217 4373 2680 4445 absolutum
2795 4377 3441 4469 correspondens
3471 4388 3790 4500 fflffiffiugi

3567 4495 3571 4499 -
3778 4487 3792 4512 ‚

3588 4516 3686 4561 erit

3496 4578 3763 4625 character
3774 4614 3787 4627 .
