4255 6375
1336 430 1537 493 Dls'r.
1584 430 1656 490 V.
1693 425 2054 502 QUAESTIO
2090 427 2137 486 1.

199 590 398 663 litia
489 592 846 667 ministri
936 591 1317 684 impediat
1406 587 1770 662 conferri

206 728 520 781 verum
671 706 1240 800 Baptismum?
1384 702 1765 783 Secundo,

201 828 507 898 utrum
581 824 977 918 recipiens
1042 823 1550 918 Baptismum
1619 820 1770 893 sci-

202 945 462 1014 enter
510 962 553 1013 a
606 941 820 1014 malo
856 941 1262 1023 ministro,
1304 936 1772 1013 mortaliter

205 1063 569 1148 peccet?

664 1273 1319 1338 COMMENTARIUS.

309 1542 387 1605 ln
446 1540 568 1605 hac
617 1539 1036 1605 distinctione
1067 1549 1408 1626 postquam
1460 1539 1773 1604 hactenus

211 1658 535 1725 tractavit
627 1657 706 1724 de
801 1656 1260 1724 essentialibus
1345 1655 1768 1736 Sacramenti,

212 1776 365 1863 ejus
432 1772 665 1839 effectu
725 1785 787 1839 et
850 1773 1270 1859 suscipiente,
1332 1772 1468 1859 agit
1525 1770 1604 1836 de
1656 1773 1772 1837 mi-

215 1891 441 1956 nistro
513 1891 722 1978 quoad
799 1903 1041 1957 statum
1110 1891 1289 1977 ejus;
1352 1890 1416 1954 in
1475 1887 1772 1975 sequenti

214 2029 384 2076 vero
447 2008 582 2095 agit
639 2008 718 2075 de
779 2029 895 2094 per
943 2029 1014 2073 se
1063 2006 1398 2095 requisitis
1465 2027 1537 2072 ex
1597 2020 1775 2093 parte

220 2124 555 2191 ministri.
632 2127 760 2190 Hac
827 2144 986 2210 ergo
1065 2123 1484 2189 distinctione
1541 2124 1775 2210 quaerit

114 2265 164 2308 et
224 2239 451 2326 primo
504 2264 518 2307 :
583 2243 686 2306 An
751 2240 1019 2306 malitia
1094 2241 1393 2306 ministri
1452 2240 1777 2325 impediat

112 2343 163 2436 ᾗ,
226 2358 544 2442 effectum
609 2357 1027 2423 Sacramenli
1092 2359 1153 2421 si
1219 2367 1454 2421 coeeera
1523 2357 1769 2433 adsint,

115 2489 127 2501 ·
226 2493 378 2557 quoe
417 2474 912 2558 requiruntur?
943 2472 1237 2540 Secundo
1274 2496 1287 2539 ε
1322 2495 1413 2539 an
1451 2474 1778 2559 recipiens

226 2590 746 2655 Sacramentum
799 2591 1084 2657 scienter
1126 2613 1165 2656 a
1205 2592 1382 2656 malo
1438 2591 1768 2668 ministre,

223 2715 454 2789 peccel
504 2706 931 2772 mortaliter?
984 2706 1199 2771 Tertio
1244 2728 1258 2771 :
1303 2727 1390 2771 an
1424 2706 1603 2771 licite
1660 2707 1776 2769 mi-

225 2823 560 2888 nistretur
589 2825 994 2910 Baptismus,
1041 2825 1306 2911 quando
1346 2826 1776 2911 proesumilm·

225 2942 422 3026 sequi
460 2941 830 3025 periculum
865 2943 1014 3006 victe
1045 2942 1470 3029 corporalis?

678 3229 1141 3313 QUAESTIO
1248 3233 1305 3303 Ι.

233 3465 473 3531 Utrum
538 3465 805 3530 malitia
882 3466 982 3553 (a)
1066 3467 1369 3531 ministri
1449 3468 1771 3554 impediat

578 3584 999 3649 collationem
1037 3584 1368 3669 Baptismi
1384 3584 1416 3650 ἴ)

221 3880 414 3939 Alens.
446 3883 498 3937 4.
527 3897 581 3950 p.
609 3899 661 3951 q.
700 3882 787 3937 16.
823 3899 897 3939 m.
925 3884 979 3937 2.
1027 3897 1128 3951 per
1158 3886 1267 3935 tres
1297 3886 1408 3936 art.
1468 3882 1533 3934 D.
1561 3880 1767 3939 Bonav.

292 3952 385 4011 h‘t'c
421 3955 560 4081 (1.6’1
591 3972 643 4079 g.
681 3959 734 4080 ὲ.
761 3952 1015 4080 {iq-pagi.
1053 3954 1107 4009 ἀ.
1121 3955 1192 4077 ἐὶ
1230 3969 1300 4078 (ΞΠ
1308 3950 1769 4079 ι3.ά1)ἰ”31;7ὴοὲιὲ.ἃῗ.

284 4042 434 4155 ferg.
460 4098 514 4153 3.
546 4100 603 4154 d.
633 4064 733 4154 13.
758 4115 802 4153 s.
827 4040 1104 4153 1.Οέῗό
1135 4041 1538 4163 afflamina&
1569 4065 1698 4149 'haera
1719 4066 1772 4150 5⁸.

291 4177 339 4227 et
371 4189 424 4227 v.
454 4175 707 4239 potestas.
733 4167 1007 4226 Waldens.
1031 4170 1093 4224 -1.
1128 4174 1258 4222 tom.
1294 4169 1386 4220 tib.
1411 4167 1466 4221 3.
1496 4182 1541 4221 c.
1563 4166 1653 4222 81.
1676 4168 1766 4222 82.

291 4244 381 4299 83.
428 4247 534 4298 late
562 4239 782 4297 Coccius
805 4243 857 4295 2.
889 4247 1021 4297 lom.
1058 4242 1152 4294 lib.
1186 4241 1237 4294 5.
1275 4244 1386 4293 art.
1422 4242 1478 4294 2.

307 4542 422 4614 Ad
509 4541 864 4633 primum
936 4540 1051 4613 sic
1133 4539 1602 4631 proceditur
1687 4543 1764 4612 et

112 4650 164 4759 ff}-
227 4662 607 4751 arguitur
676 4659 879 4752 quod
950 4659 1086 4730 sic.
1144 4658 1623 4730 Ambrosius
1686 4658 1765 4729 in

112 4774 192 4884 ᾖ·
228 4775 431 4850 libro
483 4778 572 4849 de
624 4776 1038 4850 initiandis
1094 4775 1448 4858 rudibus,
1503 4780 1583 4849 et
1635 4774 1765 4845 ha·

228 4890 461 4967 betur
520 4899 582 4966 1.
629 4917 691 4983 q.
756 4898 818 4964 1.
883 4913 1040 4965 non
1102 4912 1300 4964 Sana
1335 4922 1349 4962 τ
1389 4896 1767 4981 Baptismus

223 5014 474 5095 perfidi
531 5034 668 5078 non
722 5012 1025 5090 mundat,
1068 5012 1184 5077 sed
1234 5012 1496 5098 polluit.
1548 5009 1762 5091 Quod

232 5126 519 5214 probat
586 5124 1085 5198 auctoritate
1149 5123 1447 5197 Psalm.
1510 5127 1618 5195 31.
1692 5126 1766 5192 ln

229 5243 487 5310 diluuio
588 5265 939 5331 aquarum,
1022 5245 1173 5314 eto.
1272 5241 1572 5315 dicitur
1674 5241 1765 5312 de

230 5360 483 5432 malis.
525 5360 824 5433 Probat
862 5360 1109 5433 etiam
1158 5381 1297 5453 per
1329 5359 1517 5431 illud
1563 5361 1764 5451 Apo-

231 5477 413 5548 stoli
451 5475 541 5547 ad
577 5478 817 5548 Rom.
875 5478 981 5547 14.
1026 5480 1229 5545 Omne
1284 5479 1457 5566 quod
1497 5501 1629 5545 non
1675 5490 1766 5544 esc

234 5612 311 5657 ex
343 5594 502 5678 fide,
543 5605 884 5679 peccatum
923 5604 1038 5660 est.

3331 415 3442 478 501

1979 588 2181 659 Item
2256 589 2316 655 1.
2388 609 2449 673 q.

1887 700 2319 792 Augustini
2389 700 2479 771 de
2564 697 2977 790 Baptismo
3061 694 3437 788 parvulo·

1889 838 2069 890 rum
2117 845 2131 888 :
2189 821 2492 906 separati
2519 821 2809 903 formam
2843 819 3081 882 habere
3108 825 3385 902 possunt
3410 839 3434 892 ,-

1890 939 2101 1003 virtus
2152 940 2223 1003 in
2273 939 2366 1002 eis
2396 958 2529 1001 esse
2557 957 2693 1001 non
2726 946 2964 1020 potest,
3004 930 3433 1020 quemadmo-

1885 1052 2045 1118 dum
2127 1073 2356 1118 sensus
2439 1072 2569 1116 non
2659 1051 2959 1136 sequitur
3043 1048 3428 1124 membrum,

1883 1169 2151 1256 quando
2192 1178 2577 1253 amputatur
2625 1188 2667 1230 α
2719 1186 3018 1251 corpore.

1977 1284 2180 1355 Item
2229 1282 2572 1364 ratione,
2622 1279 3073 1352 membrum
3116 1277 3432 1349 aridum
3466 1317 3679 1382 Argum,
3714 1319 3766 1367 3,

1886 1421 2044 1473 non
2124 1405 2397 1494 potest
2474 1420 2653 1473 esse
2724 1419 2972 1470 causa
3055 1397 3433 1469 influendi

1889 1518 2138 1589 vitam
2199 1519 2277 1588 in
2358 1517 2570 1588 aliud
2643 1515 3141 1595 membrum;
3199 1513 3432 1585 mini-

1885 1638 2054 1708 ster
2109 1635 2369 1706 malus
2428 1637 2551 1705 est
2599 1633 3049 1705 membrum
3114 1631 3430 1703 aridum

1888 1751 2297 1832 Ecclesiae,
2376 1749 2564 1841 quia
2652 1748 2823 1820 sine
2884 1747 3183 1838 gratia,
3259 1766 3433 1837 quae

1886 1870 2010 1942 est
2075 1867 2247 1941 vita
2309 1866 2987 1955 Ecclesiae;erg0,
3029 1867 3182 1937 etc.

1981 1987 2212 2067 Item,
2281 1983 2361 2056 in
2440 2004 2650 2076 aqua
2729 1983 2821 2053 ad
2890 1981 3068 2067 hoc,
3151 1985 3237 2054 ut
3328 1981 3773 2084 SitArgum.4,

1890 2102 2235 2175 materia
2335 2099 2849 2181 conveniens,
2936 2101 3264 2190 oportet
3347 2101 3433 2169 ut

1890 2221 1995 2294 sit
2066 2219 2342 2310 aliqua
2399 2218 2668 2291 virtus
2738 2212 3431 2308 supernaturalis;

1892 2338 2288 2432 probatur
2358 2356 2502 2429 per
2573 2334 2765 2407 illud
2843 2332 3258 2406 Ambrosii
3346 2332 3438 2404 de

1888 2478 2177 2522 consecr.
2268 2455 2424 2520 dist.
2513 2455 2577 2523 lt.
2668 2475 2790 2540 per
2877 2474 3141 2538 aquam,
3242 2467 3439 2538 ergo

1893 2569 2150 2643 multo
2253 2568 2514 2658 magis
2618 2565 3075 2658 requiritur
3171 2565 3444 2655 aliqua

1894 2685 2322 2767 sanctitas,
2367 2684 2493 2755 vel
2528 2683 2814 2754 ‘virtus
2860 2685 3443 2774 supernatura-

1889 2803 1989 2875 lis
2029 2803 2109 2874 in
2147 2802 2553 2882 ministro,
2591 2803 2676 2873 ut
2731 2799 3128 2892 baptizet;
3176 2798 3440 2889 magis

1887 2922 2102 2994 enim
2158 2920 2541 3014 dependet
2619 2918 3087 3011 Baptismus
3165 2937 3210 2988 a
3287 2916 3439 2988 dis-

1892 3037 2295 3131 positione
2421 3034 2779 3108 ministri
2880 3033 3431 3111 conveniente,

1889 3177 2130 3251 quam
2226 3153 2324 3226 ab
2391 3152 2662 3246 aliqua
2766 3151 3076 3224 virtute
3165 3167 3429 3241 aquae;

1886 3294 2111 3366 erg0,
2151 3278 2302 3347 etc.

1985 3395 2213 3472 Item,
2261 3385 2762 3478 Augustinus
2829 3384 2919 3455 de
2989 3381 3225 3454 unico
3288 3383 3430 3453 Ba-

1891 3509 2219 3601 ptismo,
2287 3506 2468 3598 post
2515 3502 2858 3575 medium
2915 3500 3168 3573 refert
3221 3502 3434 3571 Mar-

1887 3742 2092 3835 apud
2145 3738 2581 3812 haereticos
2623 3734 2749 3807 vel
2832 3733 3427 3816 schismaticos,

1884 3860 2160 3932 datum
2206 3854 2714 3948 Baptismum
2756 3849 3082 3922 nolebat
3142 3869 3434 3940 cogno-

1886 3993 2139 4056 scere,
2212 3977 2364 4045 etc.
2438 3991 2535 4041 ex
2598 3968 2746 4039 hoc
2804 3986 3064 4058 arguo
3120 3966 3259 4047 sic,
3306 3987 3432 4038 er-

1886 4110 2079 4162 rans
2195 4088 2418 4161 circa
2532 4084 2883 4177 aliquem
2984 4082 3431 4155 articulum

1882 4205 2084 4287 fidei,
2160 4204 2227 4275 si
2299 4203 2377 4275 in
2453 4202 2593 4274 illo
2673 4219 2962 4273 errore
3043 4197 3428 4283 moritur,

1878 4324 2338 4400 damnatur,
2386 4317 2575 4411 quia
2643 4323 2791 4385 sine
2843 4319 2979 4402 fide
3027 4319 3434 4404 impossibile

1881 4449 1977 4505 est
2039 4437 2305 4521 placere
2373 4434 2530 4509 Deo,
2614 4428 3039 4500 Hebraeor.
3113 4431 3221 4499 11.
3288 4430 3433 4516 Cy-

1882 4550 2222 4642 prianus
2307 4546 2536 4627 dixit,
2611 4566 2658 4616 a
2734 4544 2946 4615 malo
3019 4540 3428 4624 ministrO,

1881 4665 2171 4738 saltem
2232 4659 2622 4733 haeretico
2684 4659 2813 4730 vel
2874 4656 3427 4740 schismatico,

1880 4801 2041 4853 non
2102 4798 2339 4873 posse
2396 4777 2573 4849 dari
2631 4790 2915 4847 verum
2980 4773 3424 4866 Baptisma,

1879 4903 1957 4971 et
2076 4895 2158 4967 in
2281 4895 2442 4966 ista
2552 4891 2958 4966 sententia
3071 4890 3430 4963 finaliter

1883 5012 2381 5107 perduravit,
2493 5015 2573 5085 et
2669 5016 2940 5084 tamen
3028 5030 3187 5082 non
3292 5012 3430 5082 est

1879 5131 2335 5209 damnatus,
2379 5128 2516 5200 sed
2588 5127 2913 5219 Martyr
2965 5126 3423 5216 gloriosus;

1879 5266 2079 5337 ergo
2133 5246 2297 5318 ista
2348 5244 2755 5318 sententia
2804 5263 2965 5315 non
3024 5247 3149 5316 est
3198 5264 3428 5315 erro-

1879 5382 2052 5444 nea,
2084 5383 2227 5435 nec
2271 5365 2561 5435 contra
2596 5360 2950 5452 aliquem
2987 5359 3425 5433 articulum

1881 5477 2081 5551 fidei.
2133 5478 2280 5551 Sed
2322 5477 2632 5549 veritas
2706 5478 3424 5548 Sacramentorum

1883 5593 2240 5688 pertinet
2280 5594 2375 5665 ad
2418 5593 2645 5665 illum
2690 5592 3131 5666 articulum
3187 5618 3201 5662 :
3257 5597 3425 5661 San-

2525 588 2587 655 1.
2667 585 3092 671 Corporalia,
3167 583 3248 652 et
3307 580 3430 649 est
3467 605 3682 672 Argum.
3729 607 3777 656 2.
3858 637 3863 649 ..

3462 3477 3685 3612 Αῑςυιὲἰ.
3717 3503 3771 3551 5.

1888 3628 2159 3717 tyrem
2210 3620 2711 3713 Cyprianum
2756 3616 3235 3708 gloriosum,
3299 3617 3433 3708 qui
3479 3581 3557 3676 13³2
3599 3603 3634 3678 ’.
3670 3566 3758 3679 ii.
