<?xml version="1.0" encoding="UTF-8"?>
<!DOCTYPE html PUBLIC "-//W3C//DTD XHTML 1.0 Transitional//EN"
    "http://www.w3.org/TR/xhtml1/DTD/xhtml1-transitional.dtd">
<html xmlns="http://www.w3.org/1999/xhtml" xml:lang="en" lang="en">
 <head>
  <title>
</title>
<meta http-equiv="Content-Type" content="text/html;charset=utf-8" />
  <meta name='ocr-system' content='tesseract 3.04.00' />
  <meta name='ocr-capabilities' content='ocr_page ocr_carea ocr_par ocr_line ocrx_word'/>
</head>
<body>
  <div class='ocr_page' id='page_1' title='image "./joannisdunsscot02waddgoog_0319.png"; bbox 0 0 4255 6375; ppageno 0'>
   <div class='ocr_carea' id='block_1_1' title="bbox 174 627 224 729">
    <p class='ocr_par' dir='ltr' id='par_1_1' title="bbox 174 627 224 729">
     <span class='ocr_line' id='line_1_1' title="bbox 174 627 224 729; textangle 90"><span class='ocrx_word' id='word_1_1' title='bbox 174 627 224 729; x_wconf 58' lang='lat'><strong><em>,0²</em></strong></span> 
     </span>
    </p>
   </div>
   <div class='ocr_carea' id='block_1_2' title="bbox 172 1904 257 1955">
    <p class='ocr_par' dir='ltr' id='par_1_2' title="bbox 172 1904 257 1955">
     <span class='ocr_line' id='line_1_2' title="bbox 172 1904 257 1955; baseline 0.047 -4"><span class='ocrx_word' id='word_1_2' title='bbox 172 1904 257 1955; x_wconf 60' lang='lat' dir='ltr'><strong><em>sio.</em></strong></span> 
     </span>
    </p>
   </div>
   <div class='ocr_carea' id='block_1_3' title="bbox 1383 434 2264 511">
    <p class='ocr_par' dir='ltr' id='par_1_3' title="bbox 1383 434 2264 511">
     <span class='ocr_line' id='line_1_3' title="bbox 1383 434 2264 511; baseline 0.001 -11"><span class='ocrx_word' id='word_1_3' title='bbox 1383 438 1581 501; x_wconf 77' lang='lat' dir='ltr'><strong><em>Dls‘r.</em></strong></span> <span class='ocrx_word' id='word_1_4' title='bbox 1633 437 1730 499; x_wconf 83' lang='lat'><strong><em>111.</em></strong></span> <span class='ocrx_word' id='word_1_5' title='bbox 1782 436 2142 511; x_wconf 77' lang='lat' dir='ltr'><strong><em>QUAEsTto</em></strong></span> <span class='ocrx_word' id='word_1_6' title='bbox 2191 434 2264 501; x_wconf 82' lang='lat' dir='ltr'><strong><em>ll.</em></strong></span> 
     </span>
    </p>
   </div>
   <div class='ocr_carea' id='block_1_4' title="bbox 286 602 1853 5695">
    <p class='ocr_par' dir='ltr' id='par_1_4' title="bbox 290 602 1845 1857">
     <span class='ocr_line' id='line_1_4' title="bbox 295 602 1842 683; baseline -0.002 -12"><span class='ocrx_word' id='word_1_7' title='bbox 295 605 461 671; x_wconf 88' lang='lat' dir='ltr'><strong><em>tenti</em></strong></span> <span class='ocrx_word' id='word_1_8' title='bbox 513 616 666 671; x_wconf 89' lang='lat' dir='ltr'><strong><em>sunt</em></strong></span> <span class='ocrx_word' id='word_1_9' title='bbox 695 624 730 671; x_wconf 92' lang='lat' dir='ltr'><strong><em>a</em></strong></span> <span class='ocrx_word' id='word_1_10' title='bbox 771 603 1071 670; x_wconf 85' lang='lat' dir='ltr'><strong><em>Patribus</em></strong></span> <span class='ocrx_word' id='word_1_11' title='bbox 1128 614 1191 670; x_wconf 91' lang='lat' dir='ltr'><strong><em>et</em></strong></span> <span class='ocrx_word' id='word_1_12' title='bbox 1229 603 1560 683; x_wconf 84' lang='lat' dir='ltr'><strong><em>Conciliis,</em></strong></span> <span class='ocrx_word' id='word_1_13' title='bbox 1626 624 1706 669; x_wconf 87' lang='lat' dir='ltr'><strong><em>ex</em></strong></span> <span class='ocrx_word' id='word_1_14' title='bbox 1738 602 1842 668; x_wconf 90' lang='lat' dir='ltr'><strong><em>his</em></strong></span> 
     </span>
     <span class='ocr_line' id='line_1_5' title="bbox 293 718 1843 807; baseline -0.002 -19"><span class='ocrx_word' id='word_1_15' title='bbox 293 722 560 788; x_wconf 89' lang='lat' dir='ltr'><strong><em>videtur</em></strong></span> <span class='ocrx_word' id='word_1_16' title='bbox 590 720 848 788; x_wconf 90' lang='lat' dir='ltr'><strong><em>traditio</em></strong></span> <span class='ocrx_word' id='word_1_17' title='bbox 880 720 1176 807; x_wconf 88' lang='lat' dir='ltr'><strong><em>petenda,</em></strong></span> <span class='ocrx_word' id='word_1_18' title='bbox 1213 719 1281 785; x_wconf 92' lang='lat' dir='ltr'><strong><em>in</em></strong></span> <span class='ocrx_word' id='word_1_19' title='bbox 1329 719 1567 807; x_wconf 91' lang='lat' dir='ltr'><strong><em>quibus</em></strong></span> <span class='ocrx_word' id='word_1_20' title='bbox 1620 718 1843 806; x_wconf 90' lang='lat' dir='ltr'><strong><em>prohi-</em></strong></span> 
     </span>
     <span class='ocr_line' id='line_1_6' title="bbox 293 838 1844 926; baseline -0.001 -21"><span class='ocrx_word' id='word_1_21' title='bbox 293 840 486 906; x_wconf 86' lang='lat' dir='ltr'><strong><em>betur</em></strong></span> <span class='ocrx_word' id='word_1_22' title='bbox 506 840 691 907; x_wconf 88' lang='lat' dir='ltr'><strong><em>aliter</em></strong></span> <span class='ocrx_word' id='word_1_23' title='bbox 723 838 1056 925; x_wconf 89' lang='lat' dir='ltr'><strong><em>baptizari,</em></strong></span> <span class='ocrx_word' id='word_1_24' title='bbox 1091 859 1286 926; x_wconf 86' lang='lat' dir='ltr'><strong><em>quam</em></strong></span> <span class='ocrx_word' id='word_1_25' title='bbox 1322 841 1396 904; x_wconf 85' lang='lat' dir='ltr'><strong><em>in</em></strong></span> <span class='ocrx_word' id='word_1_26' title='bbox 1425 840 1694 904; x_wconf 80' lang='lat' dir='ltr'><strong><em>nomine</em></strong></span> <span class='ocrx_word' id='word_1_27' title='bbox 1714 840 1844 904; x_wconf 85' lang='lat' dir='ltr'><strong><em>Pa-</em></strong></span> 
     </span>
     <span class='ocr_line' id='line_1_7' title="bbox 293 955 1842 1042; baseline 0.001 -22"><span class='ocrx_word' id='word_1_28' title='bbox 293 958 420 1021; x_wconf 79' lang='lat' dir='ltr'><strong><em>tris</em></strong></span> <span class='ocrx_word' id='word_1_29' title='bbox 449 968 512 1021; x_wconf 88' lang='lat' dir='ltr'><strong><em>et</em></strong></span> <span class='ocrx_word' id='word_1_30' title='bbox 569 957 736 1021; x_wconf 81' lang='lat' dir='ltr'><em>Filii</em></span> <span class='ocrx_word' id='word_1_31' title='bbox 773 965 835 1021; x_wconf 85' lang='lat' dir='ltr'><strong><em>et</em></strong></span> <span class='ocrx_word' id='word_1_32' title='bbox 868 957 1165 1042; x_wconf 79' lang='lat' dir='ltr'><strong><em>Spiritus</em></strong></span> <span class='ocrx_word' id='word_1_33' title='bbox 1206 955 1470 1034; x_wconf 83' lang='lat' dir='ltr'><strong><em>sancti;</em></strong></span> <span class='ocrx_word' id='word_1_34' title='bbox 1501 976 1658 1042; x_wconf 86' lang='lat' dir='ltr'><strong><em>ergo</em></strong></span> <span class='ocrx_word' id='word_1_35' title='bbox 1713 973 1842 1021; x_wconf 91' lang='lat' dir='ltr'><strong><em>non</em></strong></span> 
     </span>
     <span class='ocr_line' id='line_1_8' title="bbox 294 1070 1842 1157; baseline -0.001 -20"><span class='ocrx_word' id='word_1_36' title='bbox 294 1073 415 1138; x_wconf 83' lang='lat' dir='ltr'><strong><em>fuit</em></strong></span> <span class='ocrx_word' id='word_1_37' title='bbox 445 1071 615 1139; x_wconf 90' lang='lat' dir='ltr'><strong><em>alius</em></strong></span> <span class='ocrx_word' id='word_1_38' title='bbox 646 1092 804 1138; x_wconf 90' lang='lat' dir='ltr'><strong><em>usus</em></strong></span> <span class='ocrx_word' id='word_1_39' title='bbox 851 1070 1215 1157; x_wconf 89' lang='lat' dir='ltr'><strong><em>baptizandi</em></strong></span> <span class='ocrx_word' id='word_1_40' title='bbox 1255 1083 1546 1156; x_wconf 88' lang='lat' dir='ltr'><strong><em>tempore</em></strong></span> <span class='ocrx_word' id='word_1_41' title='bbox 1571 1074 1842 1157; x_wconf 82' lang='lat' dir='ltr'><strong><em>Aposto-</em></strong></span> 
     </span>
     <span class='ocr_line' id='line_1_9' title="bbox 291 1186 1843 1266; baseline 0 -14"><span class='ocrx_word' id='word_1_42' title='bbox 291 1188 531 1254; x_wconf 82' lang='lat' dir='ltr'><strong>lorum.</strong></span> <span class='ocrx_word' id='word_1_43' title='bbox 573 1191 651 1255; x_wconf 89' lang='lat' dir='ltr'><strong><em>Et</em></strong></span> <span class='ocrx_word' id='word_1_44' title='bbox 687 1189 886 1254; x_wconf 89' lang='lat' dir='ltr'><strong><em>verba</em></strong></span> <span class='ocrx_word' id='word_1_45' title='bbox 929 1187 1036 1253; x_wconf 88' lang='lat' dir='ltr'><strong><em>illa</em></strong></span> <span class='ocrx_word' id='word_1_46' title='bbox 1067 1186 1334 1253; x_wconf 89' lang='lat' dir='ltr'><strong><em>secundi</em></strong></span> <span class='ocrx_word' id='word_1_47' title='bbox 1375 1186 1682 1266; x_wconf 89' lang='lat' dir='ltr'><strong><em>Canonis,</em></strong></span> <span class='ocrx_word' id='word_1_48' title='bbox 1719 1187 1843 1254; x_wconf 89' lang='lat' dir='ltr'><strong><em>sci-</em></strong></span> 
     </span>
     <span class='ocr_line' id='line_1_10' title="bbox 293 1304 1839 1371; baseline 0.001 -1"><span class='ocrx_word' id='word_1_49' title='bbox 293 1305 446 1371; x_wconf 85' lang='lat' dir='ltr'><strong><em>lieet</em></strong></span> <span class='ocrx_word' id='word_1_50' title='bbox 505 1308 615 1371; x_wconf 73' lang='lat'><strong><em>49.</em></strong></span> <span class='ocrx_word' id='word_1_51' title='bbox 689 1316 982 1371; x_wconf 82' lang='lat' dir='ltr'><strong><em>extrema</em></strong></span> <span class='ocrx_word' id='word_1_52' title='bbox 1043 1306 1166 1371; x_wconf 89' lang='lat' dir='ltr'><strong><em>hoc</em></strong></span> <span class='ocrx_word' id='word_1_53' title='bbox 1229 1304 1402 1371; x_wconf 88' lang='lat' dir='ltr'><strong><em>clare</em></strong></span> <span class='ocrx_word' id='word_1_54' title='bbox 1462 1305 1839 1371; x_wconf 88' lang='lat' dir='ltr'><strong><em>insinuant:</em></strong></span> 
     </span>
     <span class='ocr_line' id='line_1_11' title="bbox 293 1422 1845 1502; baseline 0.001 -15"><span class='ocrx_word' id='word_1_55' title='bbox 293 1422 442 1487; x_wconf 83' lang='lat' dir='ltr'><strong><em>Non</em></strong></span> <span class='ocrx_word' id='word_1_56' title='bbox 486 1423 664 1487; x_wconf 79' lang='lat' dir='ltr'><strong><em>enim</em></strong></span> <span class='ocrx_word' id='word_1_57' title='bbox 696 1422 876 1488; x_wconf 76' lang='lat' dir='ltr'><strong><em>dixit</em></strong></span> <span class='ocrx_word' id='word_1_58' title='bbox 906 1422 1092 1488; x_wconf 78' lang='lat' dir='ltr'><strong><em>nobis</em></strong></span> <span class='ocrx_word' id='word_1_59' title='bbox 1125 1422 1467 1502; x_wconf 82' lang='lat' dir='ltr'><strong><em>Dominus,</em></strong></span> <span class='ocrx_word' id='word_1_60' title='bbox 1525 1425 1595 1488; x_wconf 85' lang='lat' dir='ltr'><strong><em>in</em></strong></span> <span class='ocrx_word' id='word_1_61' title='bbox 1638 1434 1845 1489; x_wconf 87' lang='lat' dir='ltr'><strong><em>morte</em></strong></span> 
     </span>
     <span class='ocr_line' id='line_1_12' title="bbox 297 1539 1845 1625; baseline 0.001 -22"><span class='ocrx_word' id='word_1_62' title='bbox 297 1560 443 1605; x_wconf 87' lang='lat' dir='ltr'><strong><em>mea</em></strong></span> <span class='ocrx_word' id='word_1_63' title='bbox 498 1539 852 1625; x_wconf 76' lang='lat' dir='ltr'><strong><em>baptizate,</em></strong></span> <span class='ocrx_word' id='word_1_64' title='bbox 904 1539 1040 1618; x_wconf 82' lang='lat' dir='ltr'><strong><em>sed,</em></strong></span> <span class='ocrx_word' id='word_1_65' title='bbox 1106 1548 1333 1604; x_wconf 79' lang='lat' dir='ltr'><strong><em>euntes</em></strong></span> <span class='ocrx_word' id='word_1_66' title='bbox 1370 1539 1593 1605; x_wconf 88' lang='lat' dir='ltr'><strong><em>docete</em></strong></span> <span class='ocrx_word' id='word_1_67' title='bbox 1622 1560 1845 1606; x_wconf 84' lang='lat' dir='ltr'><strong><em>omnes</em></strong></span> 
     </span>
     <span class='ocr_line' id='line_1_13' title="bbox 290 1654 1843 1741; baseline 0.001 -21"><span class='ocrx_word' id='word_1_68' title='bbox 290 1666 544 1741; x_wconf 63' lang='lat' dir='ltr'><strong><em>gentes,</em></strong></span> <span class='ocrx_word' id='word_1_69' title='bbox 588 1654 999 1740; x_wconf 78' lang='lat' dir='ltr'><strong><em>baptizantes</em></strong></span> <span class='ocrx_word' id='word_1_70' title='bbox 1027 1676 1134 1720; x_wconf 85' lang='lat' dir='ltr'><strong><em>eos</em></strong></span> <span class='ocrx_word' id='word_1_71' title='bbox 1182 1656 1257 1721; x_wconf 84' lang='lat' dir='ltr'><strong><em>in</em></strong></span> <span class='ocrx_word' id='word_1_72' title='bbox 1313 1657 1582 1722; x_wconf 76' lang='lat' dir='ltr'><strong><em>nomine</em></strong></span> <span class='ocrx_word' id='word_1_73' title='bbox 1617 1657 1843 1721; x_wconf 85' lang='lat' dir='ltr'><strong><em>Patris</em></strong></span> 
     </span>
     <span class='ocr_line' id='line_1_14' title="bbox 295 1771 1410 1857; baseline 0.002 -21"><span class='ocrx_word' id='word_1_74' title='bbox 295 1783 357 1836; x_wconf 90' lang='lat' dir='ltr'><strong><em>et</em></strong></span> <span class='ocrx_word' id='word_1_75' title='bbox 387 1771 563 1837; x_wconf 80' lang='lat' dir='ltr'><strong><em>Filii</em></strong></span> <span class='ocrx_word' id='word_1_76' title='bbox 592 1784 651 1837; x_wconf 91' lang='lat' dir='ltr'><strong><em>et</em></strong></span> <span class='ocrx_word' id='word_1_77' title='bbox 689 1772 986 1857; x_wconf 77' lang='lat' dir='ltr'><strong><em>Spiritus</em></strong></span> <span class='ocrx_word' id='word_1_78' title='bbox 1012 1774 1250 1851; x_wconf 83' lang='lat' dir='ltr'><strong><em>sancti,</em></strong></span> <span class='ocrx_word' id='word_1_79' title='bbox 1288 1785 1410 1839; x_wconf 83' lang='lat' dir='ltr'><strong><em>etc.</em></strong></span> 
     </span>
    </p>

    <p class='ocr_par' dir='ltr' id='par_1_5' title="bbox 286 1887 1846 3937">
     <span class='ocr_line' id='line_1_15' title="bbox 378 1887 1840 1974; baseline 0.003 -21"><span class='ocrx_word' id='word_1_80' title='bbox 378 1887 509 1953; x_wconf 88' lang='lat' dir='ltr'><strong><em>Sed</em></strong></span> <span class='ocrx_word' id='word_1_81' title='bbox 552 1887 1006 1974; x_wconf 90' lang='lat' dir='ltr'><strong><em>respondetur,</em></strong></span> <span class='ocrx_word' id='word_1_82' title='bbox 1051 1887 1195 1954; x_wconf 83' lang='lat' dir='ltr'><strong><em>haec</em></strong></span> <span class='ocrx_word' id='word_1_83' title='bbox 1259 1888 1385 1954; x_wconf 90' lang='lat' dir='ltr'><strong><em>dici</em></strong></span> <span class='ocrx_word' id='word_1_84' title='bbox 1450 1901 1673 1955; x_wconf 88' lang='lat' dir='ltr'><strong><em>contra</em></strong></span> <span class='ocrx_word' id='word_1_85' title='bbox 1707 1891 1840 1957; x_wconf 80' lang='lat' dir='ltr'><strong><em>hae-</em></strong></span> 
     </span>
     <span class='ocr_line' id='line_1_16' title="bbox 289 2003 1838 2092; baseline 0 -21"><span class='ocrx_word' id='word_1_86' title='bbox 289 2004 557 2082; x_wconf 76' lang='lat' dir='ltr'><strong><em>reticOS,</em></strong></span> <span class='ocrx_word' id='word_1_87' title='bbox 592 2003 702 2090; x_wconf 91' lang='lat' dir='ltr'><strong><em>qui</em></strong></span> <span class='ocrx_word' id='word_1_88' title='bbox 735 2015 962 2070; x_wconf 85' lang='lat' dir='ltr'><strong><em>neutra</em></strong></span> <span class='ocrx_word' id='word_1_89' title='bbox 997 2003 1203 2069; x_wconf 81' lang='lat' dir='ltr'><strong><em>forma</em></strong></span> <span class='ocrx_word' id='word_1_90' title='bbox 1235 2003 1584 2071; x_wconf 90' lang='lat' dir='ltr'><strong><em>utebantur</em></strong></span> <span class='ocrx_word' id='word_1_91' title='bbox 1613 2005 1676 2071; x_wconf 92' lang='lat' dir='ltr'><strong><em>in</em></strong></span> <span class='ocrx_word' id='word_1_92' title='bbox 1713 2005 1838 2092; x_wconf 92' lang='lat' dir='ltr'><strong><em>pri-</em></strong></span> 
     </span>
     <span class='ocr_line' id='line_1_17' title="bbox 295 2118 1838 2206; baseline 0.002 -21"><span class='ocrx_word' id='word_1_93' title='bbox 295 2141 402 2185; x_wconf 93' lang='lat' dir='ltr'><strong><em>mo</em></strong></span> <span class='ocrx_word' id='word_1_94' title='bbox 442 2122 731 2197; x_wconf 85' lang='lat' dir='ltr'><strong><em>Canone,</em></strong></span> <span class='ocrx_word' id='word_1_95' title='bbox 774 2118 886 2206; x_wconf 92' lang='lat' dir='ltr'><strong><em>qui</em></strong></span> <span class='ocrx_word' id='word_1_96' title='bbox 925 2130 1022 2185; x_wconf 90' lang='lat' dir='ltr'><strong><em>est</em></strong></span> <span class='ocrx_word' id='word_1_97' title='bbox 1051 2121 1163 2185; x_wconf 74' lang='lat'><strong><em>48.</em></strong></span> <span class='ocrx_word' id='word_1_98' title='bbox 1215 2121 1284 2184; x_wconf 92' lang='lat' dir='ltr'><strong><em>ln</em></strong></span> <span class='ocrx_word' id='word_1_99' title='bbox 1326 2118 1613 2186; x_wconf 89' lang='lat' dir='ltr'><strong><em>secundo</em></strong></span> <span class='ocrx_word' id='word_1_100' title='bbox 1644 2120 1838 2189; x_wconf 89' lang='lat' dir='ltr'><strong><em>etiam</em></strong></span> 
     </span>
     <span class='ocr_line' id='line_1_18' title="bbox 289 2234 1840 2322; baseline 0.003 -21"><span class='ocrx_word' id='word_1_101' title='bbox 289 2235 592 2302; x_wconf 85' lang='lat' dir='ltr'><strong><em>damnari</em></strong></span> <span class='ocrx_word' id='word_1_102' title='bbox 634 2255 768 2314; x_wconf 90' lang='lat' dir='ltr'><strong><em>eos,</em></strong></span> <span class='ocrx_word' id='word_1_103' title='bbox 814 2235 924 2322; x_wconf 92' lang='lat' dir='ltr'><strong><em>qui</em></strong></span> <span class='ocrx_word' id='word_1_104' title='bbox 983 2234 1048 2301; x_wconf 92' lang='lat' dir='ltr'><strong><em>in</em></strong></span> <span class='ocrx_word' id='word_1_105' title='bbox 1118 2248 1390 2301; x_wconf 88' lang='lat' dir='ltr'><strong><em>mortem</em></strong></span> <span class='ocrx_word' id='word_1_106' title='bbox 1442 2236 1680 2304; x_wconf 87' lang='lat' dir='ltr'><strong><em>Christi</em></strong></span> <span class='ocrx_word' id='word_1_107' title='bbox 1731 2240 1840 2305; x_wconf 89' lang='lat' dir='ltr'><strong><em>ba-</em></strong></span> 
     </span>
     <span class='ocr_line' id='line_1_19' title="bbox 287 2351 1841 2438; baseline 0.003 -21"><span class='ocrx_word' id='word_1_108' title='bbox 287 2351 622 2438; x_wconf 84' lang='lat' dir='ltr'><strong><em>ptizabant</em></strong></span> <span class='ocrx_word' id='word_1_109' title='bbox 669 2372 816 2419; x_wconf 90' lang='lat' dir='ltr'><strong><em>cum</em></strong></span> <span class='ocrx_word' id='word_1_110' title='bbox 861 2370 987 2418; x_wconf 85' lang='lat' dir='ltr'><strong><em>una</em></strong></span> <span class='ocrx_word' id='word_1_111' title='bbox 1016 2351 1460 2431; x_wconf 77' lang='lat' dir='ltr'><strong>immersione,</strong></span> <span class='ocrx_word' id='word_1_112' title='bbox 1506 2354 1841 2421; x_wconf 89' lang='lat' dir='ltr'><strong><em>animoin-</em></strong></span> 
     </span>
     <span class='ocr_line' id='line_1_20' title="bbox 289 2466 1841 2555; baseline 0.003 -23"><span class='ocrx_word' id='word_1_113' title='bbox 289 2467 576 2535; x_wconf 89' lang='lat' dir='ltr'><strong><em>ducendi</em></strong></span> <span class='ocrx_word' id='word_1_114' title='bbox 616 2479 678 2534; x_wconf 92' lang='lat' dir='ltr'><strong><em>et</em></strong></span> <span class='ocrx_word' id='word_1_115' title='bbox 717 2466 1127 2555; x_wconf 84' lang='lat' dir='ltr'><strong><em>exprimendi</em></strong></span> <span class='ocrx_word' id='word_1_116' title='bbox 1163 2489 1450 2536; x_wconf 90' lang='lat' dir='ltr'><strong><em>errorem</em></strong></span> <span class='ocrx_word' id='word_1_117' title='bbox 1483 2492 1677 2537; x_wconf 88' lang='lat' dir='ltr'><strong><em>suum</em></strong></span> <span class='ocrx_word' id='word_1_118' title='bbox 1719 2471 1841 2537; x_wconf 88' lang='lat' dir='ltr'><strong><em>cir-</em></strong></span> 
     </span>
     <span class='ocr_line' id='line_1_21' title="bbox 286 2584 1841 2659; baseline 0.002 -9"><span class='ocrx_word' id='word_1_119' title='bbox 286 2604 360 2650; x_wconf 88' lang='lat' dir='ltr'><strong><em>ca</em></strong></span> <span class='ocrx_word' id='word_1_120' title='bbox 409 2584 847 2659; x_wconf 79' lang='lat' dir='ltr'><strong><em>Trinitatem:</em></strong></span> <span class='ocrx_word' id='word_1_121' title='bbox 898 2584 1071 2650; x_wconf 89' lang='lat' dir='ltr'><strong><em>unde</em></strong></span> <span class='ocrx_word' id='word_1_122' title='bbox 1129 2596 1302 2651; x_wconf 87' lang='lat' dir='ltr'><strong><em>recte</em></strong></span> <span class='ocrx_word' id='word_1_123' title='bbox 1360 2586 1841 2653; x_wconf 88' lang='lat' dir='ltr'><strong><em>convincuntur</em></strong></span> 
     </span>
     <span class='ocr_line' id='line_1_22' title="bbox 289 2701 1840 2790; baseline 0.001 -25"><span class='ocrx_word' id='word_1_124' title='bbox 289 2721 368 2767; x_wconf 86' lang='lat' dir='ltr'><strong><em>ex</em></strong></span> <span class='ocrx_word' id='word_1_125' title='bbox 411 2701 639 2767; x_wconf 90' lang='lat' dir='ltr'><strong><em>verbis</em></strong></span> <span class='ocrx_word' id='word_1_126' title='bbox 678 2701 1100 2788; x_wconf 71' lang='lat' dir='ltr'><strong><em>evangeliciS,</em></strong></span> <span class='ocrx_word' id='word_1_127' title='bbox 1167 2702 1275 2768; x_wconf 89' lang='lat' dir='ltr'><strong><em>uhi</em></strong></span> <span class='ocrx_word' id='word_1_128' title='bbox 1339 2701 1544 2768; x_wconf 82' lang='lat' dir='ltr'><strong><em>forma</em></strong></span> <span class='ocrx_word' id='word_1_129' title='bbox 1584 2703 1840 2790; x_wconf 85' lang='lat' dir='ltr'><strong><em>regula-</em></strong></span> 
     </span>
     <span class='ocr_line' id='line_1_23' title="bbox 291 2816 1842 2905; baseline 0.004 -24"><span class='ocrx_word' id='word_1_130' title='bbox 291 2817 380 2882; x_wconf 89' lang='lat' dir='ltr'><strong><em>ris</em></strong></span> <span class='ocrx_word' id='word_1_131' title='bbox 440 2816 854 2903; x_wconf 77' lang='lat' dir='ltr'>proponitur,</span> <span class='ocrx_word' id='word_1_132' title='bbox 926 2829 989 2883; x_wconf 90' lang='lat' dir='ltr'><strong><em>et</em></strong></span> <span class='ocrx_word' id='word_1_133' title='bbox 1044 2817 1192 2905; x_wconf 83' lang='lat' dir='ltr'><strong><em>lege</em></strong></span> <span class='ocrx_word' id='word_1_134' title='bbox 1244 2828 1503 2885; x_wconf 87' lang='lat' dir='ltr'><strong><em>statuta.</em></strong></span> <span class='ocrx_word' id='word_1_135' title='bbox 1548 2819 1615 2884; x_wconf 90' lang='lat' dir='ltr'><strong><em>Si</em></strong></span> <span class='ocrx_word' id='word_1_136' title='bbox 1683 2841 1842 2905; x_wconf 80' lang='lat' dir='ltr'><strong><em>ergo</em></strong></span> 
     </span>
     <span class='ocr_line' id='line_1_24' title="bbox 295 2933 1841 3020; baseline 0.004 -22"><span class='ocrx_word' id='word_1_137' title='bbox 295 2934 511 2999; x_wconf 77' lang='lat' dir='ltr'><strong><em>forma</em></strong></span> <span class='ocrx_word' id='word_1_138' title='bbox 580 2934 885 3020; x_wconf 84' lang='lat' dir='ltr'><strong><em>Baptismi</em></strong></span> <span class='ocrx_word' id='word_1_139' title='bbox 966 2933 1441 3002; x_wconf 80' lang='lat' dir='ltr'>invocationem</span> <span class='ocrx_word' id='word_1_140' title='bbox 1507 2937 1841 3005; x_wconf 81' lang='lat' dir='ltr'><strong><em>Trinitatis</em></strong></span> 
     </span>
     <span class='ocr_line' id='line_1_25' title="bbox 297 3050 1844 3137; baseline 0.001 -21"><span class='ocrx_word' id='word_1_141' title='bbox 297 3051 591 3117; x_wconf 88' lang='lat' dir='ltr'><strong><em>continet</em></strong></span> <span class='ocrx_word' id='word_1_142' title='bbox 637 3071 1041 3137; x_wconf 82' lang='lat' dir='ltr'>expressam,</span> <span class='ocrx_word' id='word_1_143' title='bbox 1080 3050 1270 3118; x_wconf 89' lang='lat' dir='ltr'><strong><em>dehet</em></strong></span> <span class='ocrx_word' id='word_1_144' title='bbox 1301 3072 1445 3118; x_wconf 92' lang='lat' dir='ltr'><strong><em>esse</em></strong></span> <span class='ocrx_word' id='word_1_145' title='bbox 1475 3054 1545 3117; x_wconf 80' lang='lat' dir='ltr'><strong><em>in</em></strong></span> <span class='ocrx_word' id='word_1_146' title='bbox 1577 3055 1844 3118; x_wconf 77' lang='lat' dir='ltr'><strong><em>nomine</em></strong></span> 
     </span>
     <span class='ocr_line' id='line_1_26' title="bbox 299 3166 1841 3258; baseline 0.002 -26"><span class='ocrx_word' id='word_1_147' title='bbox 299 3168 545 3248; x_wconf 80' lang='lat' dir='ltr'><strong><em>Patris,</em></strong></span> <span class='ocrx_word' id='word_1_148' title='bbox 597 3189 722 3233; x_wconf 92' lang='lat' dir='ltr'><strong><em>non</em></strong></span> <span class='ocrx_word' id='word_1_149' title='bbox 758 3166 822 3234; x_wconf 93' lang='lat' dir='ltr'><strong><em>in</em></strong></span> <span class='ocrx_word' id='word_1_150' title='bbox 875 3167 1139 3234; x_wconf 88' lang='lat' dir='ltr'><strong><em>nomine</em></strong></span> <span class='ocrx_word' id='word_1_151' title='bbox 1168 3168 1363 3234; x_wconf 89' lang='lat' dir='ltr'><strong><em>trium</em></strong></span> <span class='ocrx_word' id='word_1_152' title='bbox 1400 3168 1720 3258; x_wconf 87' lang='lat' dir='ltr'><strong><em>principio</em></strong></span> <span class='ocrx_word' id='word_1_153' title='bbox 1741 3191 1841 3237; x_wconf 91' lang='lat' dir='ltr'><strong><em>ca-</em></strong></span> 
     </span>
     <span class='ocr_line' id='line_1_27' title="bbox 296 3285 1846 3367; baseline 0.001 -15"><span class='ocrx_word' id='word_1_154' title='bbox 296 3285 606 3363; x_wconf 88' lang='lat' dir='ltr'><strong><em>rentium,</em></strong></span> <span class='ocrx_word' id='word_1_155' title='bbox 665 3297 727 3351; x_wconf 89' lang='lat' dir='ltr'><strong><em>et</em></strong></span> <span class='ocrx_word' id='word_1_156' title='bbox 776 3286 967 3364; x_wconf 85' lang='lat' dir='ltr'><strong><em>Filii,</em></strong></span> <span class='ocrx_word' id='word_1_157' title='bbox 1031 3307 1158 3352; x_wconf 93' lang='lat' dir='ltr'><strong><em>non</em></strong></span> <span class='ocrx_word' id='word_1_158' title='bbox 1200 3287 1264 3352; x_wconf 91' lang='lat' dir='ltr'><strong><em>in</em></strong></span> <span class='ocrx_word' id='word_1_159' title='bbox 1318 3300 1450 3353; x_wconf 90' lang='lat' dir='ltr'><strong><em>tres</em></strong></span> <span class='ocrx_word' id='word_1_160' title='bbox 1487 3286 1723 3367; x_wconf 74' lang='lat' dir='ltr'><strong><em>Filios,</em></strong></span> <span class='ocrx_word' id='word_1_161' title='bbox 1785 3300 1846 3354; x_wconf 89' lang='lat' dir='ltr'><strong><em>et</em></strong></span> 
     </span>
     <span class='ocr_line' id='line_1_28' title="bbox 302 3403 1845 3491; baseline 0.002 -24"><span class='ocrx_word' id='word_1_162' title='bbox 302 3403 604 3488; x_wconf 75' lang='lat' dir='ltr'><strong><em>Spiritus</em></strong></span> <span class='ocrx_word' id='word_1_163' title='bbox 645 3403 905 3483; x_wconf 84' lang='lat' dir='ltr'><strong><em>Sancti,</em></strong></span> <span class='ocrx_word' id='word_1_164' title='bbox 944 3423 1069 3468; x_wconf 90' lang='lat' dir='ltr'><strong><em>non</em></strong></span> <span class='ocrx_word' id='word_1_165' title='bbox 1104 3416 1233 3469; x_wconf 87' lang='lat' dir='ltr'><strong><em>tres</em></strong></span> <span class='ocrx_word' id='word_1_166' title='bbox 1266 3403 1654 3482; x_wconf 79' lang='lat' dir='ltr'><strong><em>ParacletOS,</em></strong></span> <span class='ocrx_word' id='word_1_167' title='bbox 1693 3403 1845 3491; x_wconf 87' lang='lat' dir='ltr'><strong><em>quia</em></strong></span> 
     </span>
     <span class='ocr_line' id='line_1_29' title="bbox 298 3517 1846 3599; baseline 0.003 -18"><span class='ocrx_word' id='word_1_168' title='bbox 298 3518 440 3584; x_wconf 72' lang='lat' dir='ltr'><strong><em>haec</em></strong></span> <span class='ocrx_word' id='word_1_169' title='bbox 480 3517 687 3582; x_wconf 85' lang='lat' dir='ltr'><strong><em>forma</em></strong></span> <span class='ocrx_word' id='word_1_170' title='bbox 719 3518 1180 3584; x_wconf 84' lang='lat' dir='ltr'><strong><em>haereticorum</em></strong></span> <span class='ocrx_word' id='word_1_171' title='bbox 1224 3518 1385 3585; x_wconf 82' lang='lat' dir='ltr'><strong><em>falsa</em></strong></span> <span class='ocrx_word' id='word_1_172' title='bbox 1433 3531 1555 3599; x_wconf 90' lang='lat' dir='ltr'><strong><em>est,</em></strong></span> <span class='ocrx_word' id='word_1_173' title='bbox 1602 3532 1664 3586; x_wconf 92' lang='lat' dir='ltr'><strong><em>et</em></strong></span> <span class='ocrx_word' id='word_1_174' title='bbox 1715 3540 1846 3586; x_wconf 91' lang='lat' dir='ltr'><strong><em>me-</em></strong></span> 
     </span>
     <span class='ocr_line' id='line_1_30' title="bbox 302 3634 1844 3721; baseline 0.005 -24"><span class='ocrx_word' id='word_1_175' title='bbox 302 3634 420 3698; x_wconf 89' lang='lat' dir='ltr'><strong><em>rito</em></strong></span> <span class='ocrx_word' id='word_1_176' title='bbox 462 3634 879 3719; x_wconf 87' lang='lat' dir='ltr'><strong><em>reprobatur;</em></strong></span> <span class='ocrx_word' id='word_1_177' title='bbox 916 3647 978 3700; x_wconf 84' lang='lat' dir='ltr'><strong><em>et</em></strong></span> <span class='ocrx_word' id='word_1_178' title='bbox 1017 3634 1124 3702; x_wconf 92' lang='lat' dir='ltr'><strong><em>hic</em></strong></span> <span class='ocrx_word' id='word_1_179' title='bbox 1154 3655 1388 3702; x_wconf 90' lang='lat' dir='ltr'><strong><em>sensus</em></strong></span> <span class='ocrx_word' id='word_1_180' title='bbox 1421 3636 1612 3721; x_wconf 90' lang='lat' dir='ltr'><strong><em>primi</em></strong></span> <span class='ocrx_word' id='word_1_181' title='bbox 1645 3642 1844 3705; x_wconf 91' lang='lat' dir='ltr'><strong><em>Cano-</em></strong></span> 
     </span>
     <span class='ocr_line' id='line_1_31' title="bbox 299 3749 1846 3843; baseline 0.005 -28"><span class='ocrx_word' id='word_1_182' title='bbox 299 3749 427 3830; x_wconf 91' lang='lat' dir='ltr'><strong><em>nis‚</em></strong></span> <span class='ocrx_word' id='word_1_183' title='bbox 453 3750 568 3838; x_wconf 91' lang='lat' dir='ltr'><strong><em>qui</em></strong></span> <span class='ocrx_word' id='word_1_184' title='bbox 593 3749 999 3817; x_wconf 88' lang='lat' dir='ltr'><strong><em>adversando</em></strong></span> <span class='ocrx_word' id='word_1_185' title='bbox 1022 3751 1331 3837; x_wconf 78' lang='lat' dir='ltr'><strong><em>exprimit</em></strong></span> <span class='ocrx_word' id='word_1_186' title='bbox 1362 3752 1663 3835; x_wconf 85' lang='lat' dir='ltr'><strong><em>formam,</em></strong></span> <span class='ocrx_word' id='word_1_187' title='bbox 1699 3777 1846 3843; x_wconf 84' lang='lat' dir='ltr'><strong><em>quae</em></strong></span> 
     </span>
     <span class='ocr_line' id='line_1_32' title="bbox 305 3867 1066 3937; baseline 0.007 -5"><span class='ocrx_word' id='word_1_188' title='bbox 305 3867 631 3934; x_wconf 78' lang='lat' dir='ltr'><strong><em>haereticis</em></strong></span> <span class='ocrx_word' id='word_1_189' title='bbox 664 3867 786 3933; x_wconf 82' lang='lat' dir='ltr'><strong><em>fuit</em></strong></span> <span class='ocrx_word' id='word_1_190' title='bbox 818 3868 884 3934; x_wconf 92' lang='lat' dir='ltr'><strong><em>in</em></strong></span> <span class='ocrx_word' id='word_1_191' title='bbox 919 3889 1066 3937; x_wconf 89' lang='lat' dir='ltr'><strong><em>usu.</em></strong></span> 
     </span>
    </p>

    <p class='ocr_par' dir='ltr' id='par_1_6' title="bbox 303 3983 1853 5695">
     <span class='ocr_line' id='line_1_33' title="bbox 388 3983 1846 4078; baseline 0.006 -29"><span class='ocrx_word' id='word_1_192' title='bbox 388 3983 729 4050; x_wconf 82' lang='lat' dir='ltr'><strong><em>Secundus</em></strong></span> <span class='ocrx_word' id='word_1_193' title='bbox 778 3985 971 4051; x_wconf 90' lang='lat' dir='ltr'><strong><em>etiam</em></strong></span> <span class='ocrx_word' id='word_1_194' title='bbox 1013 3990 1233 4053; x_wconf 90' lang='lat' dir='ltr'><strong><em>Canon</em></strong></span> <span class='ocrx_word' id='word_1_195' title='bbox 1283 3988 1590 4074; x_wconf 79' lang='lat' dir='ltr'><strong><em>exprimit</em></strong></span> <span class='ocrx_word' id='word_1_196' title='bbox 1636 3992 1846 4078; x_wconf 82' lang='lat' dir='ltr'><strong><em>magis</em></strong></span> 
     </span>
     <span class='ocr_line' id='line_1_34' title="bbox 304 4101 1849 4189; baseline 0.007 -24"><span class='ocrx_word' id='word_1_197' title='bbox 304 4120 615 4174; x_wconf 90' lang='lat' dir='ltr'><strong><em>errorem,</em></strong></span> <span class='ocrx_word' id='word_1_198' title='bbox 690 4122 884 4189; x_wconf 88' lang='lat' dir='ltr'><strong><em>quem</em></strong></span> <span class='ocrx_word' id='word_1_199' title='bbox 961 4101 1025 4168; x_wconf 92' lang='lat' dir='ltr'><strong><em>in</em></strong></span> <span class='ocrx_word' id='word_1_200' title='bbox 1077 4105 1345 4171; x_wconf 87' lang='lat' dir='ltr'><strong><em>materia</em></strong></span> <span class='ocrx_word' id='word_1_201' title='bbox 1408 4104 1849 4177; x_wconf 81' lang='lat' dir='ltr'><strong><em>immersionis</em></strong></span> 
     </span>
     <span class='ocr_line' id='line_1_35' title="bbox 305 4216 1850 4308; baseline 0.006 -26"><span class='ocrx_word' id='word_1_202' title='bbox 305 4216 819 4301; x_wconf 72' lang='lat' dir='ltr'><strong><em>praetendebant,</em></strong></span> <span class='ocrx_word' id='word_1_203' title='bbox 857 4239 1268 4308; x_wconf 88' lang='lat' dir='ltr'><strong><em>quacumque</em></strong></span> <span class='ocrx_word' id='word_1_204' title='bbox 1319 4221 1410 4286; x_wconf 92' lang='lat' dir='ltr'><strong><em>illi</em></strong></span> <span class='ocrx_word' id='word_1_205' title='bbox 1455 4222 1659 4288; x_wconf 86' lang='lat' dir='ltr'><strong><em>forma</em></strong></span> <span class='ocrx_word' id='word_1_206' title='bbox 1712 4236 1850 4290; x_wconf 92' lang='lat' dir='ltr'><strong><em>ute-</em></strong></span> 
     </span>
     <span class='ocr_line' id='line_1_36' title="bbox 303 4332 1850 4426; baseline 0.005 -28"><span class='ocrx_word' id='word_1_207' title='bbox 303 4332 563 4413; x_wconf 85' lang='lat' dir='ltr'><strong><em>bantur,</em></strong></span> <span class='ocrx_word' id='word_1_208' title='bbox 609 4344 678 4399; x_wconf 91' lang='lat' dir='ltr'><strong><em>ut</em></strong></span> <span class='ocrx_word' id='word_1_209' title='bbox 734 4334 1159 4401; x_wconf 81' lang='lat' dir='ltr'><strong><em>excluderent</em></strong></span> <span class='ocrx_word' id='word_1_210' title='bbox 1204 4336 1588 4404; x_wconf 83' lang='lat' dir='ltr'><strong><em>Trinitatem</em></strong></span> <span class='ocrx_word' id='word_1_211' title='bbox 1630 4361 1850 4426; x_wconf 90' lang='lat' dir='ltr'><strong><em>perso-</em></strong></span> 
     </span>
     <span class='ocr_line' id='line_1_37' title="bbox 309 4449 1852 4530; baseline 0.006 -16"><span class='ocrx_word' id='word_1_212' title='bbox 309 4470 557 4530; x_wconf 83' lang='lat' dir='ltr'><strong><em>narum,</em></strong></span> <span class='ocrx_word' id='word_1_213' title='bbox 609 4462 675 4518; x_wconf 92' lang='lat' dir='ltr'><strong><em>et</em></strong></span> <span class='ocrx_word' id='word_1_214' title='bbox 732 4452 1045 4519; x_wconf 88' lang='lat' dir='ltr'><strong><em>Deitatem</em></strong></span> <span class='ocrx_word' id='word_1_215' title='bbox 1078 4454 1341 4522; x_wconf 84' lang='lat' dir='ltr'><strong><em>Christi.</em></strong></span> <span class='ocrx_word' id='word_1_216' title='bbox 1379 4459 1456 4521; x_wconf 88' lang='lat' dir='ltr'><strong><em>Et</em></strong></span> <span class='ocrx_word' id='word_1_217' title='bbox 1493 4456 1547 4522; x_wconf 90' lang='lat' dir='ltr'><strong><em>si</em></strong></span> <span class='ocrx_word' id='word_1_218' title='bbox 1587 4449 1852 4524; x_wconf 36' lang='lat' dir='ltr'><strong><em>*dicatur</em></strong></span> 
     </span>
     <span class='ocr_line' id='line_1_38' title="bbox 310 4567 1842 4652; baseline 0.005 -21"><span class='ocrx_word' id='word_1_219' title='bbox 310 4587 415 4632; x_wconf 91' lang='lat' dir='ltr'><strong><em>eos</em></strong></span> <span class='ocrx_word' id='word_1_220' title='bbox 462 4587 619 4634; x_wconf 90' lang='lat' dir='ltr'><strong><em>usos</em></strong></span> <span class='ocrx_word' id='word_1_221' title='bbox 661 4567 864 4635; x_wconf 76' lang='lat' dir='ltr'><strong><em>fuisse</em></strong></span> <span class='ocrx_word' id='word_1_222' title='bbox 905 4568 1112 4636; x_wconf 78' lang='lat' dir='ltr'><strong><em>forma</em></strong></span> <span class='ocrx_word' id='word_1_223' title='bbox 1150 4571 1226 4637; x_wconf 84' lang='lat' dir='ltr'><strong><em>in</em></strong></span> <span class='ocrx_word' id='word_1_224' title='bbox 1253 4573 1522 4637; x_wconf 77' lang='lat' dir='ltr'><strong><em>nomine</em></strong></span> <span class='ocrx_word' id='word_1_225' title='bbox 1566 4573 1842 4652; x_wconf 76' lang='lat' dir='ltr'><strong><em>Christi,</em></strong></span> 
     </span>
     <span class='ocr_line' id='line_1_39' title="bbox 310 4682 1846 4769; baseline 0.006 -24"><span class='ocrx_word' id='word_1_226' title='bbox 310 4689 384 4748; x_wconf 86' lang='lat' dir='ltr'><strong><em>de</em></strong></span> <span class='ocrx_word' id='word_1_227' title='bbox 434 4703 563 4769; x_wconf 92' lang='lat' dir='ltr'><strong><em>quo</em></strong></span> <span class='ocrx_word' id='word_1_228' title='bbox 604 4682 766 4748; x_wconf 90' lang='lat' dir='ltr'><strong><em>nihil</em></strong></span> <span class='ocrx_word' id='word_1_229' title='bbox 824 4694 1102 4765; x_wconf 88' lang='lat' dir='ltr'><strong><em>constat,</em></strong></span> <span class='ocrx_word' id='word_1_230' title='bbox 1156 4686 1384 4751; x_wconf 88' lang='lat' dir='ltr'><strong><em>saltem</em></strong></span> <span class='ocrx_word' id='word_1_231' title='bbox 1447 4686 1556 4752; x_wconf 91' lang='lat' dir='ltr'><strong><em>illa</em></strong></span> <span class='ocrx_word' id='word_1_232' title='bbox 1615 4687 1846 4763; x_wconf 79' lang='lat' dir='ltr'><strong><em>forma,</em></strong></span> 
     </span>
     <span class='ocr_line' id='line_1_40' title="bbox 312 4801 1851 4880; baseline 0.005 -19"><span class='ocrx_word' id='word_1_233' title='bbox 312 4809 378 4861; x_wconf 85' lang='lat' dir='ltr'><strong><em>ut</em></strong></span> <span class='ocrx_word' id='word_1_234' title='bbox 407 4811 579 4866; x_wconf 88' lang='lat' dir='ltr'><strong><em>esset</em></strong></span> <span class='ocrx_word' id='word_1_235' title='bbox 607 4819 787 4880; x_wconf 87' lang='lat' dir='ltr'><strong><em>vera,</em></strong></span> <span class='ocrx_word' id='word_1_236' title='bbox 832 4819 962 4866; x_wconf 92' lang='lat' dir='ltr'><strong><em>non</em></strong></span> <span class='ocrx_word' id='word_1_237' title='bbox 1022 4801 1245 4867; x_wconf 90' lang='lat' dir='ltr'><strong><em>debuit</em></strong></span> <span class='ocrx_word' id='word_1_238' title='bbox 1274 4802 1514 4868; x_wconf 91' lang='lat' dir='ltr'><strong><em>habere</em></strong></span> <span class='ocrx_word' id='word_1_239' title='bbox 1574 4804 1851 4870; x_wconf 86' lang='lat' dir='ltr'><strong><em>exclusi-</em></strong></span> 
     </span>
     <span class='ocr_line' id='line_1_41' title="bbox 312 4919 1850 5009; baseline 0.005 -31"><span class='ocrx_word' id='word_1_240' title='bbox 312 4935 456 4981; x_wconf 85' lang='lat' dir='ltr'><strong><em>vam</em></strong></span> <span class='ocrx_word' id='word_1_241' title='bbox 535 4937 986 5003; x_wconf 87' lang='lat' dir='ltr'><strong><em>personarum,</em></strong></span> <span class='ocrx_word' id='word_1_242' title='bbox 1048 4940 1210 5005; x_wconf 84' lang='lat' dir='ltr'><strong><em>quas</em></strong></span> <span class='ocrx_word' id='word_1_243' title='bbox 1277 4919 1588 5008; x_wconf 83' lang='lat' dir='ltr'><strong><em>implicite</em></strong></span> <span class='ocrx_word' id='word_1_244' title='bbox 1639 4920 1850 5009; x_wconf 86' lang='lat' dir='ltr'><strong><em>Bapti-</em></strong></span> 
     </span>
     <span class='ocr_line' id='line_1_42' title="bbox 307 5034 1853 5125; baseline 0.008 -30"><span class='ocrx_word' id='word_1_245' title='bbox 307 5051 483 5099; x_wconf 86' lang='lat' dir='ltr'><strong><em>smus</em></strong></span> <span class='ocrx_word' id='word_1_246' title='bbox 519 5034 584 5099; x_wconf 91' lang='lat' dir='ltr'><strong><em>in</em></strong></span> <span class='ocrx_word' id='word_1_247' title='bbox 638 5036 905 5103; x_wconf 84' lang='lat' dir='ltr'><strong><em>nomine</em></strong></span> <span class='ocrx_word' id='word_1_248' title='bbox 978 5036 1217 5104; x_wconf 86' lang='lat' dir='ltr'><strong><em>Christi</em></strong></span> <span class='ocrx_word' id='word_1_249' title='bbox 1276 5038 1620 5125; x_wconf 87' lang='lat' dir='ltr'><strong><em>importat;</em></strong></span> <span class='ocrx_word' id='word_1_250' title='bbox 1683 5041 1853 5108; x_wconf 88' lang='lat' dir='ltr'><strong><em>hanc</em></strong></span> 
     </span>
     <span class='ocr_line' id='line_1_43' title="bbox 311 5153 1851 5226; baseline 0.008 -14"><span class='ocrx_word' id='word_1_251' title='bbox 311 5161 522 5218; x_wconf 80' lang='lat' dir='ltr'><strong><em>autem</em></strong></span> <span class='ocrx_word' id='word_1_252' title='bbox 561 5153 1009 5220; x_wconf 86' lang='lat' dir='ltr'><strong><em>exclusionem</em></strong></span> <span class='ocrx_word' id='word_1_253' title='bbox 1053 5175 1135 5222; x_wconf 86' lang='lat' dir='ltr'><strong><em>ex</em></strong></span> <span class='ocrx_word' id='word_1_254' title='bbox 1184 5154 1545 5225; x_wconf 90' lang='lat' dir='ltr'><strong><em>intentione</em></strong></span> <span class='ocrx_word' id='word_1_255' title='bbox 1585 5159 1851 5226; x_wconf 78' lang='lat' dir='ltr'><strong><em>haereti-</em></strong></span> 
     </span>
     <span class='ocr_line' id='line_1_44' title="bbox 309 5268 1849 5361; baseline 0.007 -30"><span class='ocrx_word' id='word_1_256' title='bbox 309 5287 523 5336; x_wconf 88' lang='lat' dir='ltr'><strong><em>corum</em></strong></span> <span class='ocrx_word' id='word_1_257' title='bbox 585 5268 997 5357; x_wconf 87' lang='lat' dir='ltr'><strong><em>importabat,</em></strong></span> <span class='ocrx_word' id='word_1_258' title='bbox 1061 5273 1203 5341; x_wconf 88' lang='lat' dir='ltr'><strong><em>sive</em></strong></span> <span class='ocrx_word' id='word_1_259' title='bbox 1260 5274 1457 5341; x_wconf 81' lang='lat' dir='ltr'><strong><em>fuerit</em></strong></span> <span class='ocrx_word' id='word_1_260' title='bbox 1537 5295 1849 5361; x_wconf 86' lang='lat' dir='ltr'><strong><em>expressa</em></strong></span> 
     </span>
     <span class='ocr_line' id='line_1_45' title="bbox 314 5385 1851 5476; baseline 0.007 -29"><span class='ocrx_word' id='word_1_261' title='bbox 314 5385 546 5467; x_wconf 81' lang='lat' dir='ltr'><strong><em>verbi8‚</em></strong></span> <span class='ocrx_word' id='word_1_262' title='bbox 602 5388 744 5455; x_wconf 89' lang='lat' dir='ltr'><strong><em>sive</em></strong></span> <span class='ocrx_word' id='word_1_263' title='bbox 795 5411 908 5476; x_wconf 90' lang='lat' dir='ltr'><strong><em>per</em></strong></span> <span class='ocrx_word' id='word_1_264' title='bbox 965 5390 1221 5456; x_wconf 89' lang='lat' dir='ltr'><strong><em>unicam</em></strong></span> <span class='ocrx_word' id='word_1_265' title='bbox 1294 5390 1466 5456; x_wconf 88' lang='lat' dir='ltr'><strong><em>illam</em></strong></span> <span class='ocrx_word' id='word_1_266' title='bbox 1528 5392 1851 5458; x_wconf 89' lang='lat' dir='ltr'><strong><em>immersi-</em></strong></span> 
     </span>
     <span class='ocr_line' id='line_1_46' title="bbox 315 5503 1845 5596; baseline 0.01 -36"><span class='ocrx_word' id='word_1_267' title='bbox 315 5518 519 5581; x_wconf 88' lang='lat' dir='ltr'><strong><em>onem,</em></strong></span> <span class='ocrx_word' id='word_1_268' title='bbox 571 5514 634 5569; x_wconf 90' lang='lat' dir='ltr'><strong><em>et</em></strong></span> <span class='ocrx_word' id='word_1_269' title='bbox 684 5503 860 5571; x_wconf 91' lang='lat' dir='ltr'><strong><em>hunc</em></strong></span> <span class='ocrx_word' id='word_1_270' title='bbox 916 5525 1205 5572; x_wconf 91' lang='lat' dir='ltr'><strong><em>errorem</em></strong></span> <span class='ocrx_word' id='word_1_271' title='bbox 1264 5508 1535 5596; x_wconf 85' lang='lat' dir='ltr'><strong><em>corrigit</em></strong></span> <span class='ocrx_word' id='word_1_272' title='bbox 1601 5511 1845 5576; x_wconf 89' lang='lat' dir='ltr'><strong><em>Canon.</em></strong></span> 
     </span>
     <span class='ocr_line' id='line_1_47' title="bbox 315 5616 1845 5695; baseline 0.01 -17"><span class='ocrx_word' id='word_1_273' title='bbox 315 5616 474 5687; x_wconf 85' lang='lat' dir='ltr'><strong><em>Usus</em></strong></span> <span class='ocrx_word' id='word_1_274' title='bbox 511 5619 703 5689; x_wconf 85' lang='lat' dir='ltr'><strong><em>trinae</em></strong></span> <span class='ocrx_word' id='word_1_275' title='bbox 766 5623 1211 5693; x_wconf 87' lang='lat' dir='ltr'><strong><em>immersionis</em></strong></span> <span class='ocrx_word' id='word_1_276' title='bbox 1273 5623 1578 5695; x_wconf 90' lang='lat' dir='ltr'><strong><em>inductus</em></strong></span> <span class='ocrx_word' id='word_1_277' title='bbox 1637 5636 1736 5694; x_wconf 88' lang='lat' dir='ltr'><strong><em>est</em></strong></span> <span class='ocrx_word' id='word_1_278' title='bbox 1781 5626 1845 5694; x_wconf 94' lang='lat' dir='ltr'><strong><em>in</em></strong></span> 
     </span>
    </p>
   </div>
   <div class='ocr_carea' id='block_1_5' title="bbox 3368 431 3485 497">
    <p class='ocr_par' dir='ltr' id='par_1_7' title="bbox 3368 431 3485 497">
     <span class='ocr_line' id='line_1_48' title="bbox 3368 431 3485 497; baseline 0.06 -8"><span class='ocrx_word' id='word_1_279' title='bbox 3368 431 3485 497; x_wconf 77' lang='lat'><strong><em>313</em></strong></span> 
     </span>
    </p>
   </div>
   <div class='ocr_carea' id='block_1_6' title="bbox 1953 600 3839 5464">
    <p class='ocr_par' dir='ltr' id='par_1_8' title="bbox 1953 600 3839 2209">
     <span class='ocr_line' id='line_1_49' title="bbox 1954 600 3839 694; baseline -0.005 -23"><span class='ocrx_word' id='word_1_280' title='bbox 1954 605 2262 687; x_wconf 87' lang='lat' dir='ltr'><strong><em>Ecclesia,</em></strong></span> <span class='ocrx_word' id='word_1_281' title='bbox 2319 619 2389 673; x_wconf 92' lang='lat' dir='ltr'><strong><em>ut</em></strong></span> <span class='ocrx_word' id='word_1_282' title='bbox 2444 607 2754 694; x_wconf 87' lang='lat' dir='ltr'><strong><em>supponit</em></strong></span> <span class='ocrx_word' id='word_1_283' title='bbox 2814 600 3499 673; x_wconf 69' lang='lat' dir='ltr'><strong><em>etiam&#39;Tertullia‘nus</em></strong></span> <span class='ocrx_word' id='word_1_284' title='bbox 3530 610 3839 665; x_wconf 68' lang='lat' dir='ltr'><strong><em>Ten-tonino.</em></strong></span> 
     </span>
     <span class='ocr_line' id='line_1_50' title="bbox 1956 722 3503 810; baseline -0.003 -24"><span class='ocrx_word' id='word_1_285' title='bbox 1956 723 2069 786; x_wconf 74' lang='lat' dir='ltr'><strong><em>tib.</em></strong></span> <span class='ocrx_word' id='word_1_286' title='bbox 2141 734 2373 789; x_wconf 87' lang='lat' dir='ltr'><strong><em>contra</em></strong></span> <span class='ocrx_word' id='word_1_287' title='bbox 2429 727 2790 805; x_wconf 78' lang='lat' dir='ltr'><strong><em>Praxeam,</em></strong></span> <span class='ocrx_word' id='word_1_288' title='bbox 2855 746 3002 810; x_wconf 87' lang='lat' dir='ltr'><strong><em>cap.</em></strong></span> <span class='ocrx_word' id='word_1_289' title='bbox 3053 726 3162 791; x_wconf 77' lang='lat'><strong><em>26.</em></strong></span> <span class='ocrx_word' id='word_1_290' title='bbox 3217 722 3389 788; x_wconf 87' lang='lat' dir='ltr'><strong><em>sicut</em></strong></span> <span class='ocrx_word' id='word_1_291' title='bbox 3439 728 3503 783; x_wconf 92' lang='lat' dir='ltr'><strong><em>et</em></strong></span> 
     </span>
     <span class='ocr_line' id='line_1_51' title="bbox 1953 837 3504 925; baseline 0 -24"><span class='ocrx_word' id='word_1_292' title='bbox 1953 837 2121 904; x_wconf 89' lang='lat' dir='ltr'><strong><em>trina</em></strong></span> <span class='ocrx_word' id='word_1_293' title='bbox 2184 839 2321 925; x_wconf 90' lang='lat' dir='ltr'><strong><em>ipsa</em></strong></span> <span class='ocrx_word' id='word_1_294' title='bbox 2385 840 2720 908; x_wconf 88' lang='lat' dir='ltr'><strong><em>immersio</em></strong></span> <span class='ocrx_word' id='word_1_295' title='bbox 2770 839 3147 907; x_wconf 86' lang='lat' dir='ltr'><strong><em>intermissa</em></strong></span> <span class='ocrx_word' id='word_1_296' title='bbox 3205 850 3305 905; x_wconf 91' lang='lat' dir='ltr'><strong><em>est</em></strong></span> <span class='ocrx_word' id='word_1_297' title='bbox 3356 856 3504 922; x_wconf 92' lang='lat' dir='ltr'><strong><em>pro-</em></strong></span> 
     </span>
     <span class='ocr_line' id='line_1_52' title="bbox 1954 956 3495 1045; baseline -0.003 -23"><span class='ocrx_word' id='word_1_298' title='bbox 1954 967 2098 1042; x_wconf 87' lang='lat' dir='ltr'><strong><em>pter</em></strong></span> <span class='ocrx_word' id='word_1_299' title='bbox 2129 959 2520 1037; x_wconf 77' lang='lat' dir='ltr'><strong><em>Donatistae,</em></strong></span> <span class='ocrx_word' id='word_1_300' title='bbox 2569 970 2638 1024; x_wconf 92' lang='lat' dir='ltr'><strong><em>ut</em></strong></span> <span class='ocrx_word' id='word_1_301' title='bbox 2687 969 2859 1045; x_wconf 90' lang='lat' dir='ltr'><strong><em>patet</em></strong></span> <span class='ocrx_word' id='word_1_302' title='bbox 2907 979 2987 1026; x_wconf 87' lang='lat' dir='ltr'><strong><em>ex</em></strong></span> <span class='ocrx_word' id='word_1_303' title='bbox 3042 956 3352 1024; x_wconf 89' lang='lat' dir='ltr'><strong><em>Toletano</em></strong></span> <span class='ocrx_word' id='word_1_304' title='bbox 3391 956 3495 1021; x_wconf 92' lang='lat' dir='ltr'><strong><em>IV.</em></strong></span> 
     </span>
     <span class='ocr_line' id='line_1_53' title="bbox 1954 1075 3489 1161; baseline -0.003 -21"><span class='ocrx_word' id='word_1_305' title='bbox 1954 1085 2017 1141; x_wconf 86' lang='lat' dir='ltr'><strong><em>et</em></strong></span> <span class='ocrx_word' id='word_1_306' title='bbox 2065 1075 2344 1141; x_wconf 82' lang='lat' dir='ltr'><strong><em>refertur</em></strong></span> <span class='ocrx_word' id='word_1_307' title='bbox 2399 1095 2542 1140; x_wconf 88' lang='lat' dir='ltr'><strong><em>can.</em></strong></span> <span class='ocrx_word' id='word_1_308' title='bbox 2619 1077 2923 1161; x_wconf 79' lang='lat' dir='ltr'><strong><em>Propter,</em></strong></span> <span class='ocrx_word' id='word_1_309' title='bbox 2984 1075 3064 1141; x_wconf 94' lang='lat' dir='ltr'><strong><em>de</em></strong></span> <span class='ocrx_word' id='word_1_310' title='bbox 3120 1082 3489 1141; x_wconf 88' lang='lat' dir='ltr'><strong><em>consecrat.</em></strong></span> 
     </span>
     <span class='ocr_line' id='line_1_54' title="bbox 1954 1191 3508 1280; baseline -0.001 -24"><span class='ocrx_word' id='word_1_311' title='bbox 1954 1191 2109 1259; x_wconf 89' lang='lat' dir='ltr'><strong><em>dist.</em></strong></span> <span class='ocrx_word' id='word_1_312' title='bbox 2148 1194 2210 1257; x_wconf 82' lang='lat'><strong><em>4.</em></strong></span> <span class='ocrx_word' id='word_1_313' title='bbox 2248 1191 2524 1279; x_wconf 90' lang='lat' dir='ltr'><strong><em>ideoque</em></strong></span> <span class='ocrx_word' id='word_1_314' title='bbox 2553 1213 2633 1259; x_wconf 83' lang='lat' dir='ltr'><strong><em>ex</em></strong></span> <span class='ocrx_word' id='word_1_315' title='bbox 2666 1192 2770 1259; x_wconf 90' lang='lat' dir='ltr'><strong><em>his</em></strong></span> <span class='ocrx_word' id='word_1_316' title='bbox 2800 1191 3171 1260; x_wconf 90' lang='lat' dir='ltr'><strong><em>Canonibus</em></strong></span> <span class='ocrx_word' id='word_1_317' title='bbox 3202 1211 3332 1257; x_wconf 92' lang='lat' dir='ltr'><strong><em>non</em></strong></span> <span class='ocrx_word' id='word_1_318' title='bbox 3357 1209 3508 1280; x_wconf 93' lang='lat' dir='ltr'><strong><em>pro·</em></strong></span> 
     </span>
     <span class='ocr_line' id='line_1_55' title="bbox 1955 1307 3501 1389; baseline -0.001 -15"><span class='ocrx_word' id='word_1_319' title='bbox 1955 1309 2148 1375; x_wconf 90' lang='lat' dir='ltr'><strong><em>batur</em></strong></span> <span class='ocrx_word' id='word_1_320' title='bbox 2187 1311 2534 1376; x_wconf 86' lang='lat' dir='ltr'><strong><em>intentum.</em></strong></span> <span class='ocrx_word' id='word_1_321' title='bbox 2574 1311 2787 1376; x_wconf 87' lang='lat' dir='ltr'><strong><em>Potuit</em></strong></span> <span class='ocrx_word' id='word_1_322' title='bbox 2835 1320 3051 1377; x_wconf 89' lang='lat' dir='ltr'><strong><em>tamen</em></strong></span> <span class='ocrx_word' id='word_1_323' title='bbox 3089 1309 3254 1389; x_wconf 82' lang='lat' dir='ltr'><strong><em>fieri,</em></strong></span> <span class='ocrx_word' id='word_1_324' title='bbox 3292 1319 3363 1374; x_wconf 89' lang='lat' dir='ltr'><strong><em>ut</em></strong></span> <span class='ocrx_word' id='word_1_325' title='bbox 3392 1307 3501 1373; x_wconf 90' lang='lat' dir='ltr'><strong><em>illa</em></strong></span> 
     </span>
     <span class='ocr_line' id='line_1_56' title="bbox 1958 1422 3504 1512; baseline -0.002 -21"><span class='ocrx_word' id='word_1_326' title='bbox 1958 1426 2165 1492; x_wconf 82' lang='lat' dir='ltr'><strong><em>forma</em></strong></span> <span class='ocrx_word' id='word_1_327' title='bbox 2212 1425 2574 1512; x_wconf 84' lang='lat' dir='ltr'><strong><em>baptizandi</em></strong></span> <span class='ocrx_word' id='word_1_328' title='bbox 2620 1427 2682 1492; x_wconf 92' lang='lat' dir='ltr'><strong><em>in</em></strong></span> <span class='ocrx_word' id='word_1_329' title='bbox 2731 1426 2995 1492; x_wconf 89' lang='lat' dir='ltr'><strong><em>nomine</em></strong></span> <span class='ocrx_word' id='word_1_330' title='bbox 3033 1423 3270 1490; x_wconf 90' lang='lat' dir='ltr'><strong><em>Christi</em></strong></span> <span class='ocrx_word' id='word_1_331' title='bbox 3319 1422 3504 1490; x_wconf 83' lang='lat' dir='ltr'><strong><em>clari·</em></strong></span> 
     </span>
     <span class='ocr_line' id='line_1_57' title="bbox 1957 1540 3503 1631; baseline -0.002 -24"><span class='ocrx_word' id='word_1_332' title='bbox 1957 1542 2148 1608; x_wconf 83' lang='lat' dir='ltr'><strong><em>ficato</em></strong></span> <span class='ocrx_word' id='word_1_333' title='bbox 2180 1545 2315 1630; x_wconf 87' lang='lat' dir='ltr'><strong><em>jam</em></strong></span> <span class='ocrx_word' id='word_1_334' title='bbox 2360 1543 2602 1630; x_wconf 89' lang='lat' dir='ltr'><strong><em>ubique</em></strong></span> <span class='ocrx_word' id='word_1_335' title='bbox 2640 1544 2783 1631; x_wconf 89' lang='lat' dir='ltr'><strong><em>ejus</em></strong></span> <span class='ocrx_word' id='word_1_336' title='bbox 2823 1542 3110 1620; x_wconf 91' lang='lat' dir='ltr'><strong><em>nomine,</em></strong></span> <span class='ocrx_word' id='word_1_337' title='bbox 3155 1552 3219 1607; x_wconf 93' lang='lat' dir='ltr'><strong><em>et</em></strong></span> <span class='ocrx_word' id='word_1_338' title='bbox 3268 1540 3503 1607; x_wconf 87' lang='lat' dir='ltr'><strong><em>subor-</em></strong></span> 
     </span>
     <span class='ocr_line' id='line_1_58' title="bbox 1956 1656 3507 1745; baseline -0.003 -21"><span class='ocrx_word' id='word_1_339' title='bbox 1956 1658 2040 1724; x_wconf 88' lang='lat' dir='ltr'><strong><em>tis</em></strong></span> <span class='ocrx_word' id='word_1_340' title='bbox 2109 1658 2437 1725; x_wconf 84' lang='lat' dir='ltr'><strong><em>haereticis</em></strong></span> <span class='ocrx_word' id='word_1_341' title='bbox 2478 1659 2878 1738; x_wconf 80' lang='lat' dir='ltr'><strong><em>cessaverit3</em></strong></span> <span class='ocrx_word' id='word_1_342' title='bbox 2934 1669 3071 1723; x_wconf 87' lang='lat' dir='ltr'><strong><em>tum</em></strong></span> <span class='ocrx_word' id='word_1_343' title='bbox 3103 1656 3255 1745; x_wconf 91' lang='lat' dir='ltr'><strong><em>quia</em></strong></span> <span class='ocrx_word' id='word_1_344' title='bbox 3311 1674 3507 1722; x_wconf 88' lang='lat' dir='ltr'><strong><em>causa</em></strong></span> 
     </span>
     <span class='ocr_line' id='line_1_59' title="bbox 1955 1772 3508 1861; baseline -0.003 -21"><span class='ocrx_word' id='word_1_345' title='bbox 1955 1773 2475 1861; x_wconf 88' lang='lat' dir='ltr'><strong><em>dispensationis</em></strong></span> <span class='ocrx_word' id='word_1_346' title='bbox 2506 1776 2822 1854; x_wconf 82' lang='lat' dir='ltr'><strong><em>cessavit:</em></strong></span> <span class='ocrx_word' id='word_1_347' title='bbox 2860 1784 2998 1840; x_wconf 89' lang='lat' dir='ltr'><strong><em>tum</em></strong></span> <span class='ocrx_word' id='word_1_348' title='bbox 3034 1772 3187 1860; x_wconf 90' lang='lat' dir='ltr'><strong><em>quia</em></strong></span> <span class='ocrx_word' id='word_1_349' title='bbox 3219 1773 3508 1839; x_wconf 82' lang='lat' dir='ltr'><strong><em>haereses</em></strong></span> 
     </span>
     <span class='ocr_line' id='line_1_60' title="bbox 1955 1886 3509 1977; baseline -0.003 -21"><span class='ocrx_word' id='word_1_350' title='bbox 1955 1891 2205 1956; x_wconf 81' lang='lat' dir='ltr'><strong><em>obortae</em></strong></span> <span class='ocrx_word' id='word_1_351' title='bbox 2244 1912 2323 1956; x_wconf 79' lang='lat' dir='ltr'><strong><em>ex</em></strong></span> <span class='ocrx_word' id='word_1_352' title='bbox 2373 1911 2448 1956; x_wconf 90' lang='lat' dir='ltr'><strong><em>ea</em></strong></span> <span class='ocrx_word' id='word_1_353' title='bbox 2497 1891 2880 1977; x_wconf 87' lang='lat' dir='ltr'><strong><em>quaerebant</em></strong></span> <span class='ocrx_word' id='word_1_354' title='bbox 2926 1888 3222 1956; x_wconf 91' lang='lat' dir='ltr'><strong><em>umbram</em></strong></span> <span class='ocrx_word' id='word_1_355' title='bbox 3275 1886 3377 1954; x_wconf 89' lang='lat' dir='ltr'><strong><em>sui</em></strong></span> <span class='ocrx_word' id='word_1_356' title='bbox 3409 1906 3509 1952; x_wconf 89' lang='lat' dir='ltr'><strong><em>er-</em></strong></span> 
     </span>
     <span class='ocr_line' id='line_1_61' title="bbox 1956 2000 3506 2091; baseline -0.003 -21"><span class='ocrx_word' id='word_1_357' title='bbox 1956 2004 2148 2072; x_wconf 78' lang='lat' dir='ltr'><strong><em>roris,</em></strong></span> <span class='ocrx_word' id='word_1_358' title='bbox 2189 2009 2434 2072; x_wconf 87' lang='lat' dir='ltr'><strong><em>Sensus</em></strong></span> <span class='ocrx_word' id='word_1_359' title='bbox 2473 2010 2808 2072; x_wconf 87' lang='lat' dir='ltr'><strong><em>Canonum</em></strong></span> <span class='ocrx_word' id='word_1_360' title='bbox 2842 2004 3124 2091; x_wconf 91' lang='lat' dir='ltr'><strong><em>amplius</em></strong></span> <span class='ocrx_word' id='word_1_361' title='bbox 3154 2000 3506 2070; x_wconf 88' lang='lat' dir='ltr'><strong><em>declarabi-</em></strong></span> 
     </span>
     <span class='ocr_line' id='line_1_62' title="bbox 1954 2122 2824 2209; baseline 0.001 -23"><span class='ocrx_word' id='word_1_362' title='bbox 1954 2131 2061 2187; x_wconf 91' lang='lat' dir='ltr'><strong><em>tur</em></strong></span> <span class='ocrx_word' id='word_1_363' title='bbox 2103 2122 2469 2208; x_wconf 81' lang='lat' dir='ltr'><strong><em>quaestione</em></strong></span> <span class='ocrx_word' id='word_1_364' title='bbox 2501 2122 2824 2209; x_wconf 85' lang='lat' dir='ltr'><strong><em>sequenti.</em></strong></span> 
     </span>
    </p>

    <p class='ocr_par' dir='ltr' id='par_1_9' title="bbox 1953 2227 3835 4648">
     <span class='ocr_line' id='line_1_63' title="bbox 2043 2227 3817 2341; baseline -0.003 -35"><span class='ocrx_word' id='word_1_365' title='bbox 2043 2239 2327 2327; x_wconf 79' lang='lat' dir='ltr'><strong><em>Oincies</em></strong></span> <span class='ocrx_word' id='word_1_366' title='bbox 2366 2240 2653 2307; x_wconf 89' lang='lat' dir='ltr'><strong><em>secundo</em></strong></span> <span class='ocrx_word' id='word_1_367' title='bbox 2721 2242 2965 2317; x_wconf 86' lang='lat' dir='ltr'><strong><em>Patres,</em></strong></span> <span class='ocrx_word' id='word_1_368' title='bbox 3029 2237 3140 2324; x_wconf 92' lang='lat' dir='ltr'><strong><em>qui</em></strong></span> <span class='ocrx_word' id='word_1_369' title='bbox 3179 2236 3282 2303; x_wconf 90' lang='lat' dir='ltr'><strong><em>vel</em></strong></span> <span class='ocrx_word' id='word_1_370' title='bbox 3336 2237 3505 2302; x_wconf 86' lang='lat' dir='ltr'><strong><em>hanc</em></strong></span> <span class='ocrx_word' id='word_1_371' title='bbox 3582 2227 3817 2341; x_wconf 61' lang='lat' dir='ltr'><strong><em>Se21⁵1i=da</em></strong></span> 
     </span>
     <span class='ocr_line' id='line_1_64' title="bbox 1953 2351 3824 2466; baseline -0.002 -46"><span class='ocrx_word' id='word_1_372' title='bbox 1953 2355 2228 2421; x_wconf 76' lang='lat' dir='ltr'><strong><em>formam</em></strong></span> <span class='ocrx_word' id='word_1_373' title='bbox 2263 2355 2647 2442; x_wconf 90' lang='lat' dir='ltr'><strong><em>simpliciter</em></strong></span> <span class='ocrx_word' id='word_1_374' title='bbox 2677 2356 2937 2422; x_wconf 89' lang='lat' dir='ltr'><strong><em>tradunt</em></strong></span> <span class='ocrx_word' id='word_1_375' title='bbox 2972 2356 3048 2419; x_wconf 85' lang='lat' dir='ltr'><strong><em>in</em></strong></span> <span class='ocrx_word' id='word_1_376' title='bbox 3080 2354 3348 2419; x_wconf 79' lang='lat' dir='ltr'><strong><em>nomine</em></strong></span> <span class='ocrx_word' id='word_1_377' title='bbox 3379 2354 3508 2417; x_wconf 88' lang='lat' dir='ltr'><strong><em>Pa·</em></strong></span> <span class='ocrx_word' id='word_1_378' title='bbox 3565 2351 3824 2466; x_wconf 43' lang='lat' dir='ltr'><strong><em>ogiffifflss</em></strong></span> 
     </span>
     <span class='ocr_line' id='line_1_65' title="bbox 1958 2454 3775 2590; baseline -0.002 -52"><span class='ocrx_word' id='word_1_379' title='bbox 1958 2474 2081 2538; x_wconf 89' lang='lat' dir='ltr'><strong><em>tris</em></strong></span> <span class='ocrx_word' id='word_1_380' title='bbox 2112 2485 2173 2538; x_wconf 90' lang='lat' dir='ltr'><strong><em>et</em></strong></span> <span class='ocrx_word' id='word_1_381' title='bbox 2203 2474 2390 2552; x_wconf 82' lang='lat' dir='ltr'><strong><em>Filii,</em></strong></span> <span class='ocrx_word' id='word_1_382' title='bbox 2431 2483 2555 2540; x_wconf 89' lang='lat' dir='ltr'><strong><em>etc.</em></strong></span> <span class='ocrx_word' id='word_1_383' title='bbox 2600 2473 2705 2539; x_wconf 87' lang='lat' dir='ltr'><strong><em>vel</em></strong></span> <span class='ocrx_word' id='word_1_384' title='bbox 2734 2484 2907 2539; x_wconf 87' lang='lat' dir='ltr'><strong><em>certe</em></strong></span> <span class='ocrx_word' id='word_1_385' title='bbox 2940 2472 3024 2537; x_wconf 90' lang='lat' dir='ltr'><strong><em>ita</em></strong></span> <span class='ocrx_word' id='word_1_386' title='bbox 3060 2459 3502 2537; x_wconf 61' lang='lat' dir='ltr'><strong><em>necessariuln</em></strong></span> <span class='ocrx_word' id='word_1_387' title='bbox 3558 2539 3591 2588; x_wconf 64' lang='lat' dir='ltr'>J</span> <span class='ocrx_word' id='word_1_388' title='bbox 3621 2454 3775 2590; x_wconf 52' lang='lat' dir='ltr'><strong><em>Rgmss</em></strong></span> 
     </span>
     <span class='ocr_line' id='line_1_66' title="bbox 1957 2554 3818 2676; baseline 0 -21"><span class='ocrx_word' id='word_1_389' title='bbox 1957 2601 2211 2676; x_wconf 90' lang='lat' dir='ltr'><strong><em>putant,</em></strong></span> <span class='ocrx_word' id='word_1_390' title='bbox 2268 2601 2339 2656; x_wconf 90' lang='lat' dir='ltr'><strong><em>ut</em></strong></span> <span class='ocrx_word' id='word_1_391' title='bbox 2395 2590 2583 2656; x_wconf 88' lang='lat' dir='ltr'><strong><em>aliter</em></strong></span> <span class='ocrx_word' id='word_1_392' title='bbox 2630 2611 2757 2655; x_wconf 92' lang='lat' dir='ltr'><strong><em>non</em></strong></span> <span class='ocrx_word' id='word_1_393' title='bbox 2818 2590 3029 2656; x_wconf 86' lang='lat' dir='ltr'><strong><em>valeat</em></strong></span> <span class='ocrx_word' id='word_1_394' title='bbox 3106 2589 3501 2674; x_wconf 85' lang='lat' dir='ltr'><strong><em>Baptismus,</em></strong></span> <span class='ocrx_word' id='word_1_395' title='bbox 3539 2554 3818 2676; x_wconf 51' lang='grc' dir='ltr'><strong><em>Οὲῗςοῗιὲἓ.</em></strong></span> 
     </span>
     <span class='ocr_line' id='line_1_67' title="bbox 1955 2667 3830 2793; baseline -0.001 -24"><span class='ocrx_word' id='word_1_396' title='bbox 1955 2718 2026 2770; x_wconf 91' lang='lat' dir='ltr'><strong><em>ut</em></strong></span> <span class='ocrx_word' id='word_1_397' title='bbox 2056 2706 2358 2780; x_wconf 84' lang='lat' dir='ltr'><strong><em>Clemens</em></strong></span> <span class='ocrx_word' id='word_1_398' title='bbox 2406 2710 2735 2772; x_wconf 85' lang='lat' dir='ltr'><strong><em>Romanus</em></strong></span> <span class='ocrx_word' id='word_1_399' title='bbox 2772 2706 3053 2792; x_wconf 88' lang='lat' dir='ltr'><strong><em>primum</em></strong></span> <span class='ocrx_word' id='word_1_400' title='bbox 3084 2704 3271 2771; x_wconf 90' lang='lat' dir='ltr'><strong><em>docet</em></strong></span> <span class='ocrx_word' id='word_1_401' title='bbox 3312 2705 3503 2772; x_wconf 86' lang='lat' dir='ltr'><strong><em>lib.7.</em></strong></span> <span class='ocrx_word' id='word_1_402' title='bbox 3561 2667 3830 2793; x_wconf 51' lang='lat' dir='ltr'><strong><em>„¹253ffi,{·,‚</em></strong></span> 
     </span>
     <span class='ocr_line' id='line_1_68' title="bbox 1958 2821 3500 2907; baseline -0.002 -22"><span class='ocrx_word' id='word_1_403' title='bbox 1958 2821 2312 2888; x_wconf 80' lang='lat' dir='ltr'><strong><em>Constitut.</em></strong></span> <span class='ocrx_word' id='word_1_404' title='bbox 2350 2844 2404 2888; x_wconf 91' lang='lat' dir='ltr'><strong><em>c.</em></strong></span> <span class='ocrx_word' id='word_1_405' title='bbox 2451 2825 2559 2887; x_wconf 69' lang='lat'><strong><em>23.</em></strong></span> <span class='ocrx_word' id='word_1_406' title='bbox 2624 2821 2920 2887; x_wconf 70' lang='lat' dir='ltr'><strong><em>,lustinus</em></strong></span> <span class='ocrx_word' id='word_1_407' title='bbox 2962 2822 3038 2885; x_wconf 82' lang='lat' dir='ltr'><strong><em>in</em></strong></span> <span class='ocrx_word' id='word_1_408' title='bbox 3080 2821 3402 2907; x_wconf 73' lang='lat' dir='ltr'><strong><em>Apoloqia</em></strong></span> <span class='ocrx_word' id='word_1_409' title='bbox 3436 2822 3500 2883; x_wconf 71' lang='lat'><strong><em>2.</em></strong></span> 
     </span>
     <span class='ocr_line' id='line_1_69' title="bbox 1955 2936 3506 3024; baseline -0.003 -20"><span class='ocrx_word' id='word_1_410' title='bbox 1955 2938 2276 3024; x_wconf 88' lang='lat' dir='ltr'><strong><em>supponit</em></strong></span> <span class='ocrx_word' id='word_1_411' title='bbox 2323 2937 2675 3023; x_wconf 88' lang='lat' dir='ltr'><strong><em>Dionysius</em></strong></span> <span class='ocrx_word' id='word_1_412' title='bbox 2721 2959 2866 3024; x_wconf 85' lang='lat' dir='ltr'><strong><em>cap.</em></strong></span> <span class='ocrx_word' id='word_1_413' title='bbox 2920 2936 2986 3006; x_wconf 84' lang='lat'><strong><em>3.</em></strong></span> <span class='ocrx_word' id='word_1_414' title='bbox 3044 2936 3126 3002; x_wconf 85' lang='lat' dir='ltr'><strong><em>de</em></strong></span> <span class='ocrx_word' id='word_1_415' title='bbox 3173 2936 3506 3001; x_wconf 88' lang='lat' dir='ltr'><strong><em>Ecclesia-</em></strong></span> 
     </span>
     <span class='ocr_line' id='line_1_70' title="bbox 1953 3053 3506 3141; baseline -0.003 -22"><span class='ocrx_word' id='word_1_416' title='bbox 1953 3055 2119 3120; x_wconf 83' lang='lat' dir='ltr'><strong><em>stica</em></strong></span> <span class='ocrx_word' id='word_1_417' title='bbox 2149 3055 2533 3120; x_wconf 77' lang='lat' dir='ltr'><strong><em>hierarchia</em></strong></span> <span class='ocrx_word' id='word_1_418' title='bbox 2553 3078 2578 3134; x_wconf 84' lang='lat'><strong><em>,·</em></strong></span> <span class='ocrx_word' id='word_1_419' title='bbox 2605 3054 2921 3141; x_wconf 83' lang='lat' dir='ltr'><strong><em>Origenes</em></strong></span> <span class='ocrx_word' id='word_1_420' title='bbox 2954 3054 3067 3131; x_wconf 81' lang='lat' dir='ltr'><strong><em>lib,</em></strong></span> <span class='ocrx_word' id='word_1_421' title='bbox 3112 3058 3176 3120; x_wconf 77' lang='lat'><strong><em>5.</em></strong></span> <span class='ocrx_word' id='word_1_422' title='bbox 3212 3054 3283 3118; x_wconf 84' lang='lat' dir='ltr'><strong><em>in</em></strong></span> <span class='ocrx_word' id='word_1_423' title='bbox 3315 3053 3506 3137; x_wconf 83' lang='lat' dir='ltr'><strong><em>epist.</em></strong></span> 
     </span>
     <span class='ocr_line' id='line_1_71' title="bbox 1956 3170 3512 3258; baseline -0.001 -23"><span class='ocrx_word' id='word_1_424' title='bbox 1956 3170 2046 3235; x_wconf 81' lang='lat' dir='ltr'><strong><em>ad</em></strong></span> <span class='ocrx_word' id='word_1_425' title='bbox 2087 3171 2414 3238; x_wconf 81' lang='lat' dir='ltr'><strong><em>Romanos</em></strong></span> <span class='ocrx_word' id='word_1_426' title='bbox 2443 3194 2590 3258; x_wconf 85' lang='lat' dir='ltr'><strong><em>cap.</em></strong></span> <span class='ocrx_word' id='word_1_427' title='bbox 2637 3174 2701 3239; x_wconf 88' lang='grc'><strong><em>6.</em></strong></span> <span class='ocrx_word' id='word_1_428' title='bbox 2739 3171 3149 3257; x_wconf 77' lang='lat' dir='ltr'><strong><em>Quicumque</em></strong></span> <span class='ocrx_word' id='word_1_429' title='bbox 3207 3171 3277 3236; x_wconf 82' lang='lat' dir='ltr'><strong><em>in</em></strong></span> <span class='ocrx_word' id='word_1_430' title='bbox 3313 3170 3512 3235; x_wconf 78' lang='lat' dir='ltr'><strong><em>Chri·</em></strong></span> 
     </span>
     <span class='ocr_line' id='line_1_72' title="bbox 1954 3285 3512 3374; baseline -0.003 -21"><span class='ocrx_word' id='word_1_431' title='bbox 1954 3299 2053 3353; x_wconf 90' lang='lat' dir='ltr'><strong><em>sto</em></strong></span> <span class='ocrx_word' id='word_1_432' title='bbox 2111 3289 2263 3353; x_wconf 78' lang='lat' dir='ltr'><strong><em>Iesu</em></strong></span> <span class='ocrx_word' id='word_1_433' title='bbox 2338 3288 2663 3374; x_wconf 77' lang='lat' dir='ltr'><strong><em>baptizati</em></strong></span> <span class='ocrx_word' id='word_1_434' title='bbox 2736 3289 2910 3366; x_wconf 84' lang='lat' dir='ltr'><strong><em>estis,</em></strong></span> <span class='ocrx_word' id='word_1_435' title='bbox 2995 3299 3117 3354; x_wconf 91' lang='lat' dir='ltr'><strong><em>etc.</em></strong></span> <span class='ocrx_word' id='word_1_436' title='bbox 3195 3285 3512 3372; x_wconf 89' lang='lat' dir='ltr'><strong><em>supponit</em></strong></span> 
     </span>
     <span class='ocr_line' id='line_1_73' title="bbox 1958 3401 3506 3489; baseline -0.001 -21"><span class='ocrx_word' id='word_1_437' title='bbox 1958 3403 2288 3489; x_wconf 88' lang='lat' dir='ltr'><strong><em>Baptisma</em></strong></span> <span class='ocrx_word' id='word_1_438' title='bbox 2333 3403 2545 3469; x_wconf 88' lang='lat' dir='ltr'><strong><em>solum</em></strong></span> <span class='ocrx_word' id='word_1_439' title='bbox 2608 3403 2673 3468; x_wconf 91' lang='lat' dir='ltr'><strong><em>in</em></strong></span> <span class='ocrx_word' id='word_1_440' title='bbox 2716 3403 2983 3469; x_wconf 88' lang='lat' dir='ltr'><strong><em>nomine</em></strong></span> <span class='ocrx_word' id='word_1_441' title='bbox 3011 3401 3349 3468; x_wconf 86' lang='lat' dir='ltr'><strong><em>Trinitatis</em></strong></span> <span class='ocrx_word' id='word_1_442' title='bbox 3389 3401 3506 3467; x_wconf 87' lang='lat' dir='ltr'><strong><em>da-</em></strong></span> 
     </span>
     <span class='ocr_line' id='line_1_74' title="bbox 1955 3516 3809 3612; baseline 0.004 -28"><span class='ocrx_word' id='word_1_443' title='bbox 1955 3529 2093 3584; x_wconf 86' lang='lat' dir='ltr'><strong><em>tum</em></strong></span> <span class='ocrx_word' id='word_1_444' title='bbox 2137 3516 2355 3584; x_wconf 86' lang='lat' dir='ltr'><strong><em>valere</em></strong></span> <span class='ocrx_word' id='word_1_445' title='bbox 2386 3538 2465 3583; x_wconf 83' lang='lat' dir='ltr'><strong><em>ex</em></strong></span> <span class='ocrx_word' id='word_1_446' title='bbox 2510 3520 2733 3583; x_wconf 84' lang='lat' dir='ltr'><strong><em>Matth.</em></strong></span> <span class='ocrx_word' id='word_1_447' title='bbox 2771 3521 2876 3585; x_wconf 68' lang='grc'><strong><em>28.</em></strong></span> <span class='ocrx_word' id='word_1_448' title='bbox 2924 3517 3241 3602; x_wconf 88' lang='lat' dir='ltr'><strong><em>Didymus</em></strong></span> <span class='ocrx_word' id='word_1_449' title='bbox 3274 3517 3388 3582; x_wconf 87' lang='lat' dir='ltr'><strong><em>lib.</em></strong></span> <span class='ocrx_word' id='word_1_450' title='bbox 3433 3518 3497 3582; x_wconf 75' lang='lat'><strong><em>2.</em></strong></span> <span class='ocrx_word' id='word_1_451' title='bbox 3566 3539 3809 3612; x_wconf 55' lang='lat' dir='ltr'><strong><em>Damaso.</em></strong></span> 
     </span>
     <span class='ocr_line' id='line_1_75' title="bbox 1957 3603 3835 3721; baseline -0.003 -20"><span class='ocrx_word' id='word_1_452' title='bbox 1957 3636 2043 3701; x_wconf 82' lang='lat' dir='ltr'><strong><em>de</em></strong></span> <span class='ocrx_word' id='word_1_453' title='bbox 2067 3636 2331 3721; x_wconf 79' lang='lat' dir='ltr'><strong><em>Spiritu</em></strong></span> <span class='ocrx_word' id='word_1_454' title='bbox 2366 3645 2616 3711; x_wconf 78' lang='lat' dir='ltr'><strong><em>sancte,</em></strong></span> <span class='ocrx_word' id='word_1_455' title='bbox 2659 3635 2838 3699; x_wconf 84' lang='lat' dir='ltr'><strong><em>inter</em></strong></span> <span class='ocrx_word' id='word_1_456' title='bbox 2866 3653 3069 3719; x_wconf 85' lang='lat' dir='ltr'><strong><em>opera</em></strong></span> <span class='ocrx_word' id='word_1_457' title='bbox 3110 3633 3504 3718; x_wconf 81' lang='lat' dir='ltr'><strong><em>Hieronymi</em></strong></span> <span class='ocrx_word' id='word_1_458' title='bbox 3532 3603 3835 3654; x_wconf 67' lang='lat' dir='ltr'><strong><em>Tertullum.</em></strong></span> 
     </span>
     <span class='ocr_line' id='line_1_76' title="bbox 1959 3748 3506 3832; baseline -0.003 -15"><span class='ocrx_word' id='word_1_459' title='bbox 1959 3763 2112 3818; x_wconf 90' lang='lat' dir='ltr'><strong><em>tom.</em></strong></span> <span class='ocrx_word' id='word_1_460' title='bbox 2150 3758 2213 3818; x_wconf 83' lang='grc'><strong><em>6.</em></strong></span> <span class='ocrx_word' id='word_1_461' title='bbox 2253 3755 2690 3817; x_wconf 86' lang='lat' dir='ltr'><strong><em>Damascenus</em></strong></span> <span class='ocrx_word' id='word_1_462' title='bbox 2732 3749 2845 3814; x_wconf 88' lang='lat' dir='ltr'><strong><em>lib.</em></strong></span> <span class='ocrx_word' id='word_1_463' title='bbox 2881 3753 2945 3814; x_wconf 82' lang='lat'><strong><em>4.</em></strong></span> <span class='ocrx_word' id='word_1_464' title='bbox 2981 3748 3146 3832; x_wconf 80' lang='lat' dir='ltr'><strong><em>[idei</em></strong></span> <span class='ocrx_word' id='word_1_465' title='bbox 3183 3748 3506 3814; x_wconf 75' lang='lat' dir='ltr'><strong><em>orthodo-</em></strong></span> 
     </span>
     <span class='ocr_line' id='line_1_77' title="bbox 1957 3863 3506 3954; baseline -0.004 -20"><span class='ocrx_word' id='word_1_466' title='bbox 1957 3890 2086 3948; x_wconf 76' lang='lat' dir='ltr'><strong><em>xae,</em></strong></span> <span class='ocrx_word' id='word_1_467' title='bbox 2124 3868 2459 3954; x_wconf 79' lang='lat' dir='ltr'><strong><em>explicans</em></strong></span> <span class='ocrx_word' id='word_1_468' title='bbox 2497 3867 2833 3953; x_wconf 85' lang='lat' dir='ltr'><strong><em>baptizari</em></strong></span> <span class='ocrx_word' id='word_1_469' title='bbox 2871 3868 2943 3932; x_wconf 80' lang='lat' dir='ltr'><strong><em>in</em></strong></span> <span class='ocrx_word' id='word_1_470' title='bbox 2997 3867 3358 3938; x_wconf 76' lang='lat' dir='ltr'><strong><em>Christum,</em></strong></span> <span class='ocrx_word' id='word_1_471' title='bbox 3408 3863 3506 3929; x_wconf 89' lang='lat' dir='ltr'><strong><em>ni-</em></strong></span> 
     </span>
     <span class='ocr_line' id='line_1_78' title="bbox 1959 3980 3505 4070; baseline -0.005 -19"><span class='ocrx_word' id='word_1_472' title='bbox 1959 3985 2052 4052; x_wconf 86' lang='lat' dir='ltr'><strong><em>hil</em></strong></span> <span class='ocrx_word' id='word_1_473' title='bbox 2093 3984 2266 4050; x_wconf 89' lang='lat' dir='ltr'><strong><em>aliud</em></strong></span> <span class='ocrx_word' id='word_1_474' title='bbox 2330 4004 2498 4060; x_wconf 91' lang='lat' dir='ltr'><strong><em>esse,</em></strong></span> <span class='ocrx_word' id='word_1_475' title='bbox 2550 4003 2743 4070; x_wconf 87' lang='lat' dir='ltr'><strong><em>quam</em></strong></span> <span class='ocrx_word' id='word_1_476' title='bbox 2794 3981 3118 4047; x_wconf 80' lang='lat' dir='ltr'><strong><em>credendo</em></strong></span> <span class='ocrx_word' id='word_1_477' title='bbox 3165 3980 3231 4046; x_wconf 89' lang='lat' dir='ltr'><strong><em>in</em></strong></span> <span class='ocrx_word' id='word_1_478' title='bbox 3292 3980 3505 4065; x_wconf 91' lang='lat' dir='ltr'><strong><em>ipsum</em></strong></span> 
     </span>
     <span class='ocr_line' id='line_1_79' title="bbox 1961 4096 3511 4188; baseline -0.005 -23"><span class='ocrx_word' id='word_1_479' title='bbox 1961 4101 2124 4188; x_wconf 83' lang='lat' dir='ltr'><strong><em>tingi</em></strong></span> <span class='ocrx_word' id='word_1_480' title='bbox 2160 4123 2173 4179; x_wconf 87' lang='lat'>;</span> <span class='ocrx_word' id='word_1_481' title='bbox 2211 4098 2650 4166; x_wconf 88' lang='lat' dir='ltr'><strong><em>Tertullianus</em></strong></span> <span class='ocrx_word' id='word_1_482' title='bbox 2681 4097 2874 4164; x_wconf 87' lang='lat' dir='ltr'><strong><em>etiam</em></strong></span> <span class='ocrx_word' id='word_1_483' title='bbox 2936 4096 3095 4162; x_wconf 89' lang='lat' dir='ltr'><strong><em>locis</em></strong></span> <span class='ocrx_word' id='word_1_484' title='bbox 3126 4113 3321 4182; x_wconf 90' lang='lat' dir='ltr'><strong><em>supra</em></strong></span> <span class='ocrx_word' id='word_1_485' title='bbox 3359 4096 3511 4159; x_wconf 90' lang='lat' dir='ltr'><strong><em>cita-</em></strong></span> 
     </span>
     <span class='ocr_line' id='line_1_80' title="bbox 1957 4209 3508 4303; baseline -0.006 -19"><span class='ocrx_word' id='word_1_486' title='bbox 1957 4218 2043 4284; x_wconf 84' lang='lat' dir='ltr'><strong><em>tis</em></strong></span> <span class='ocrx_word' id='word_1_487' title='bbox 2107 4217 2316 4297; x_wconf 90' lang='lat' dir='ltr'><strong><em>docet,</em></strong></span> <span class='ocrx_word' id='word_1_488' title='bbox 2368 4215 2770 4303; x_wconf 88' lang='lat' dir='ltr'><strong><em>Baptismum</em></strong></span> <span class='ocrx_word' id='word_1_489' title='bbox 2840 4214 3250 4279; x_wconf 84' lang='lat' dir='ltr'><strong><em>invocatione</em></strong></span> <span class='ocrx_word' id='word_1_490' title='bbox 3308 4209 3508 4276; x_wconf 88' lang='lat' dir='ltr'><strong><em>trium</em></strong></span> 
     </span>
     <span class='ocr_line' id='line_1_81' title="bbox 1965 4327 3511 4421; baseline -0.005 -22"><span class='ocrx_word' id='word_1_491' title='bbox 1965 4352 2417 4421; x_wconf 88' lang='lat' dir='ltr'><strong><em>personarum,</em></strong></span> <span class='ocrx_word' id='word_1_492' title='bbox 2453 4341 2694 4397; x_wconf 89' lang='lat' dir='ltr'><strong><em>etcum</em></strong></span> <span class='ocrx_word' id='word_1_493' title='bbox 2739 4329 2905 4395; x_wconf 88' lang='lat' dir='ltr'><strong><em>trina</em></strong></span> <span class='ocrx_word' id='word_1_494' title='bbox 2939 4327 3363 4394; x_wconf 87' lang='lat' dir='ltr'><strong><em>immersione</em></strong></span> <span class='ocrx_word' id='word_1_495' title='bbox 3411 4347 3511 4392; x_wconf 87' lang='lat' dir='ltr'><strong><em>ce-</em></strong></span> 
     </span>
     <span class='ocr_line' id='line_1_82' title="bbox 1956 4445 3505 4532; baseline -0.005 -17"><span class='ocrx_word' id='word_1_496' title='bbox 1956 4449 2233 4524; x_wconf 77' lang='lat' dir='ltr'><strong><em>lebrari:</em></strong></span> <span class='ocrx_word' id='word_1_497' title='bbox 2306 4448 2541 4513; x_wconf 88' lang='lat' dir='ltr'><strong><em>citatur</em></strong></span> <span class='ocrx_word' id='word_1_498' title='bbox 2608 4446 2799 4512; x_wconf 90' lang='lat' dir='ltr'><strong><em>etiam</em></strong></span> <span class='ocrx_word' id='word_1_499' title='bbox 2854 4445 3240 4532; x_wconf 78' lang='lat' dir='ltr'><strong><em>CyprianuS,</em></strong></span> <span class='ocrx_word' id='word_1_500' title='bbox 3311 4463 3505 4530; x_wconf 92' lang='lat' dir='ltr'><strong><em>quem</em></strong></span> 
     </span>
     <span class='ocr_line' id='line_1_83' title="bbox 1955 4561 3265 4648; baseline -0.005 -18"><span class='ocrx_word' id='word_1_501' title='bbox 1955 4584 2164 4648; x_wconf 86' lang='lat' dir='ltr'><strong><em>supra</em></strong></span> <span class='ocrx_word' id='word_1_502' title='bbox 2195 4561 2654 4648; x_wconf 87' lang='lat' dir='ltr'><strong><em>explicuimus.</em></strong></span> <span class='ocrx_word' id='word_1_503' title='bbox 3262 4569 3265 4570; x_wconf 41' lang='lat'><em>*</em></span> 
     </span>
    </p>

    <p class='ocr_par' dir='ltr' id='par_1_10' title="bbox 1954 4673 3831 5352">
     <span class='ocr_line' id='line_1_84' title="bbox 2054 4673 3795 4764; baseline -0.006 -19"><span class='ocrx_word' id='word_1_504' title='bbox 2054 4679 2491 4764; x_wconf 88' lang='lat' dir='ltr'><strong><em>Respondent,</em></strong></span> <span class='ocrx_word' id='word_1_505' title='bbox 2538 4679 2647 4764; x_wconf 91' lang='lat' dir='ltr'><strong><em>qui</em></strong></span> <span class='ocrx_word' id='word_1_506' title='bbox 2709 4676 2944 4743; x_wconf 92' lang='lat' dir='ltr'><strong><em>docent</em></strong></span> <span class='ocrx_word' id='word_1_507' title='bbox 2987 4675 3387 4761; x_wconf 89' lang='lat' dir='ltr'><strong><em>Baptismum</em></strong></span> <span class='ocrx_word' id='word_1_508' title='bbox 3437 4673 3503 4739; x_wconf 93' lang='lat' dir='ltr'><strong><em>in</em></strong></span> <span class='ocrx_word' id='word_1_509' title='bbox 3657 4685 3736 4735; x_wconf 82' lang='lat'><strong><em>66.</em></strong></span> <span class='ocrx_word' id='word_1_510' title='bbox 3785 4747 3795 4756; x_wconf 86' lang='lat'><strong><em>.</em></strong></span> 
     </span>
     <span class='ocr_line' id='line_1_85' title="bbox 1967 4750 3831 4880; baseline 0.001 -18"><span class='ocrx_word' id='word_1_511' title='bbox 1967 4797 2232 4862; x_wconf 89' lang='lat' dir='ltr'><strong><em>nomine</em></strong></span> <span class='ocrx_word' id='word_1_512' title='bbox 2261 4794 2500 4862; x_wconf 88' lang='lat' dir='ltr'><strong><em>Christi</em></strong></span> <span class='ocrx_word' id='word_1_513' title='bbox 2552 4794 2772 4861; x_wconf 89' lang='lat' dir='ltr'><strong><em>datum</em></strong></span> <span class='ocrx_word' id='word_1_514' title='bbox 2834 4792 3254 4880; x_wconf 74' lang='lat' dir='ltr'><strong><em>aequivalere,</em></strong></span> <span class='ocrx_word' id='word_1_515' title='bbox 3318 4792 3512 4858; x_wconf 85' lang='lat' dir='ltr'><strong><em>etiam</em></strong></span> <span class='ocrx_word' id='word_1_516' title='bbox 3545 4750 3831 4863; x_wconf 47' lang='lat' dir='ltr'><strong><em>{ffoqqlqrslxp</em></strong></span> 
     </span>
     <span class='ocr_line' id='line_1_86' title="bbox 1956 4906 3505 4996; baseline -0.005 -17"><span class='ocrx_word' id='word_1_517' title='bbox 1956 4911 2158 4988; x_wconf 80' lang='lat' dir='ltr'><strong><em>,modo</em></strong></span> <span class='ocrx_word' id='word_1_518' title='bbox 2193 4912 2253 4977; x_wconf 90' lang='lat' dir='ltr'><strong><em>id</em></strong></span> <span class='ocrx_word' id='word_1_519' title='bbox 2295 4910 2512 4996; x_wconf 87' lang='lat' dir='ltr'><strong><em>colligi</em></strong></span> <span class='ocrx_word' id='word_1_520' title='bbox 2547 4930 2627 4975; x_wconf 85' lang='lat' dir='ltr'><strong><em>ex</em></strong></span> <span class='ocrx_word' id='word_1_521' title='bbox 2660 4908 2991 4994; x_wconf 85' lang='lat' dir='ltr'><strong><em>Scriptura</em></strong></span> <span class='ocrx_word' id='word_1_522' title='bbox 3049 4927 3247 4993; x_wconf 88' lang='lat' dir='ltr'><strong><em>supra</em></strong></span> <span class='ocrx_word' id='word_1_523' title='bbox 3287 4906 3505 4985; x_wconf 83' lang='lat' dir='ltr'><strong><em>citata,</em></strong></span> 
     </span>
     <span class='ocr_line' id='line_1_87' title="bbox 1967 5022 3513 5115; baseline -0.004 -21"><span class='ocrx_word' id='word_1_524' title='bbox 1967 5049 2095 5094; x_wconf 87' lang='lat' dir='ltr'><strong><em>non</em></strong></span> <span class='ocrx_word' id='word_1_525' title='bbox 2149 5026 2394 5115; x_wconf 90' lang='lat' dir='ltr'><strong><em>requiri</em></strong></span> <span class='ocrx_word' id='word_1_526' title='bbox 2427 5024 2904 5091; x_wconf 82' lang='lat' dir='ltr'><strong><em>invocationem</em></strong></span> <span class='ocrx_word' id='word_1_527' title='bbox 2958 5022 3330 5109; x_wconf 84' lang='lat' dir='ltr'><strong><em>explicitam</em></strong></span> <span class='ocrx_word' id='word_1_528' title='bbox 3374 5024 3513 5088; x_wconf 92' lang='lat' dir='ltr'><strong><em>Tri-</em></strong></span> 
     </span>
     <span class='ocr_line' id='line_1_88' title="bbox 1954 5138 3512 5228; baseline -0.003 -19"><span class='ocrx_word' id='word_1_529' title='bbox 1954 5144 2213 5222; x_wconf 79' lang='lat' dir='ltr'><strong><em>nitatiS,</em></strong></span> <span class='ocrx_word' id='word_1_530' title='bbox 2259 5155 2331 5208; x_wconf 92' lang='lat' dir='ltr'><strong><em>ut</em></strong></span> <span class='ocrx_word' id='word_1_531' title='bbox 2363 5141 2684 5228; x_wconf 84' lang='lat' dir='ltr'><strong><em>colligunt</em></strong></span> <span class='ocrx_word' id='word_1_532' title='bbox 2712 5161 2793 5205; x_wconf 82' lang='lat' dir='ltr'><strong><em>ex</em></strong></span> <span class='ocrx_word' id='word_1_533' title='bbox 2827 5138 2973 5205; x_wconf 89' lang='lat' dir='ltr'><strong><em>aliis</em></strong></span> <span class='ocrx_word' id='word_1_534' title='bbox 3022 5139 3360 5219; x_wconf 85' lang='lat' dir='ltr'><strong><em>Patribus,</em></strong></span> <span class='ocrx_word' id='word_1_535' title='bbox 3395 5139 3512 5206; x_wconf 91' lang='lat' dir='ltr'><strong><em>sed</em></strong></span> 
     </span>
     <span class='ocr_line' id='line_1_89' title="bbox 1969 5258 3513 5352; baseline -0.003 -21"><span class='ocrx_word' id='word_1_536' title='bbox 1969 5264 2349 5352; x_wconf 84' lang='lat' dir='ltr'><strong><em>implicitam</em></strong></span> <span class='ocrx_word' id='word_1_537' title='bbox 2402 5262 2525 5328; x_wconf 89' lang='lat' dir='ltr'><strong><em>sub</em></strong></span> <span class='ocrx_word' id='word_1_538' title='bbox 2576 5260 2839 5326; x_wconf 90' lang='lat' dir='ltr'><strong><em>nomine</em></strong></span> <span class='ocrx_word' id='word_1_539' title='bbox 2880 5258 3144 5336; x_wconf 89' lang='lat' dir='ltr'><strong><em>Christi,</em></strong></span> <span class='ocrx_word' id='word_1_540' title='bbox 3204 5258 3350 5325; x_wconf 88' lang='lat' dir='ltr'><strong><em>illos</em></strong></span> <span class='ocrx_word' id='word_1_541' title='bbox 3404 5279 3513 5326; x_wconf 85' lang='lat' dir='ltr'><strong><em>au-</em></strong></span> 
     </span>
    </p>

    <p class='ocr_par' dir='ltr' id='par_1_11' title="bbox 1957 5376 3510 5464">
     <span class='ocr_line' id='line_1_90' title="bbox 1957 5376 3510 5464; baseline -0.005 -16"><span class='ocrx_word' id='word_1_542' title='bbox 1957 5392 2098 5448; x_wconf 81' lang='lat' dir='ltr'><strong><em>-tem</em></strong></span> <span class='ocrx_word' id='word_1_543' title='bbox 2144 5384 2364 5446; x_wconf 82' lang='lat' dir='ltr'><strong><em>Patres</em></strong></span> <span class='ocrx_word' id='word_1_544' title='bbox 2405 5377 2691 5464; x_wconf 82' lang='lat' dir='ltr'><strong><em>benigne</em></strong></span> <span class='ocrx_word' id='word_1_545' title='bbox 2738 5376 3281 5462; x_wconf 79' lang='lat' dir='ltr'><strong><em>interpretandoS,</em></strong></span> <span class='ocrx_word' id='word_1_546' title='bbox 3336 5376 3510 5441; x_wconf 90' lang='lat' dir='ltr'><strong><em>aliud</em></strong></span> 
     </span>
    </p>
   </div>
   <div class='ocr_carea' id='block_1_7' title="bbox 1970 5489 3841 5585">
    <p class='ocr_par' dir='ltr' id='par_1_12' title="bbox 1970 5489 3841 5585">
     <span class='ocr_line' id='line_1_91' title="bbox 1970 5489 3841 5585; baseline -0.004 -22"><span class='ocrx_word' id='word_1_547' title='bbox 1970 5518 2099 5564; x_wconf 90' lang='lat' dir='ltr'><strong><em>non</em></strong></span> <span class='ocrx_word' id='word_1_548' title='bbox 2158 5494 2535 5561; x_wconf 85' lang='lat' dir='ltr'><strong><em>intendisse.</em></strong></span> <span class='ocrx_word' id='word_1_549' title='bbox 2587 5491 2711 5557; x_wconf 87' lang='lat' dir='ltr'><strong><em>Sed</em></strong></span> <span class='ocrx_word' id='word_1_550' title='bbox 2773 5490 3007 5556; x_wconf 92' lang='lat' dir='ltr'><strong><em>melius</em></strong></span> <span class='ocrx_word' id='word_1_551' title='bbox 3049 5489 3503 5575; x_wconf 89' lang='lat' dir='ltr'><strong><em>respondetur,</em></strong></span> <span class='ocrx_word' id='word_1_552' title='bbox 3560 5510 3841 5585; x_wconf 56' lang='lat' dir='ltr'><strong><em>Resrfflffsio</em></strong></span> 
     </span>
    </p>
   </div>
   <div class='ocr_carea' id='block_1_8' title="bbox 1955 5593 3797 5711">
    <p class='ocr_par' dir='ltr' id='par_1_13' title="bbox 1955 5593 3797 5711">
     <span class='ocr_line' id='line_1_92' title="bbox 1955 5593 3797 5711; baseline -0.005 -19"><span class='ocrx_word' id='word_1_553' title='bbox 1955 5628 2211 5702; x_wconf 84' lang='lat' dir='ltr'><strong><em>Patres,</em></strong></span> <span class='ocrx_word' id='word_1_554' title='bbox 2251 5621 2360 5711; x_wconf 87' lang='lat' dir='ltr'><strong><em>qui</em></strong></span> <span class='ocrx_word' id='word_1_555' title='bbox 2402 5621 2757 5708; x_wconf 87' lang='lat' dir='ltr'><strong><em>loquuntur</em></strong></span> <span class='ocrx_word' id='word_1_556' title='bbox 2786 5615 3195 5703; x_wconf 87' lang='lat' dir='ltr'><strong><em>simpliciter,</em></strong></span> <span class='ocrx_word' id='word_1_557' title='bbox 3233 5616 3334 5683; x_wconf 87' lang='lat' dir='ltr'><strong><em>vel</em></strong></span> <span class='ocrx_word' id='word_1_558' title='bbox 3367 5637 3516 5683; x_wconf 89' lang='lat' dir='ltr'><strong><em>cum</em></strong></span> <span class='ocrx_word' id='word_1_559' title='bbox 3552 5593 3797 5708; x_wconf 54' lang='grc' dir='ltr'><strong><em>00ἷῖξὲιῖ</em></strong></span> 
     </span>
    </p>
   </div>
  </div>
 </body>
</html>
