4255 6375
1325 456 1523 519 Dls't'.
1574 456 2072 532 111.QUAEST10
2134 455 2204 518 11.
2270 472 2279 477 ·

308 616 407 681 Ex
451 617 694 704 quibus
759 617 1006 699 verbiS,
1060 617 1176 705 (ut
1224 639 1418 705 supra
1482 617 1769 685 ostendi-

222 749 397 810 mu8‚
448 731 517 796 in
549 733 917 820 quaestione
950 734 1178 800 ultima
1219 734 1649 822 praecedentis
1678 733 1771 799 di-

226 845 650 935 stinctionis)
705 850 1024 936 colligunt
1087 853 1393 917 Doctores
1460 855 1769 916 Ioannem

225 961 600 1047 baptizasse
667 964 732 1029 in
803 964 908 1031 illa
957 966 1187 1033 forma.
1261 966 1374 1032 Illa
1458 976 1772 1053 praeterea

220 1079 541 1163 particula
582 1083 654 1146 in
696 1102 823 1167 quo
861 1081 1206 1169 baptizati,
1253 1094 1376 1150 etc.
1423 1083 1488 1149 in
1546 1086 1770 1148 Graeco

221 1196 604 1262 neutraliter
670 1196 941 1283 ponitur
974 1201 1058 1278 εἰς
1087 1227 1164 1279 τι,
1202 1198 1263 1264 id
1294 1210 1414 1278 est,
1450 1200 1524 1265 in
1554 1198 1716 1286 quid
1739 1200 1771 1265 P

219 1332 290 1376 ac
332 1311 611 1397 proinde
654 1333 780 1379 non
835 1313 1035 1380 refert
1075 1336 1420 1402 personam
1488 1316 1772 1402 Spiritus

222 1428 456 1505 sancti,
507 1428 620 1493 sed
679 1430 898 1514 potius
939 1431 1465 1509 Sacramentum,
1519 1431 1623 1496 vel
1660 1434 1771 1496 Ba·

224 1545 488 1629 ptisma,
553 1546 721 1614 sicut
761 1562 822 1613 et
862 1550 1203 1634 responsio
1262 1549 1769 1627 accommodata,

229 1665 309 1740 εἷς
346 1667 415 1730 τὸ
452 1665 713 1730 Ῑωάννευ
750 1668 1074 1748 βάπτισμα,
1122 1664 1185 1730 id
1217 1676 1337 1744 est,
1375 1667 1448 1730 in
1496 1667 1776 1732 loannis

225 1780 606 1867 Baptisma.
652 1784 729 1846 Et
768 1781 917 1846 dato
974 1781 1170 1848 etiam
1243 1781 1414 1869 quod
1475 1784 1774 1849 masculi-

227 1917 305 1960 ne
359 1907 743 1982 poneretur,
793 1916 922 1962 non
965 1917 1225 1984 semper
1277 1897 1541 1964 denotat
1596 1898 1778 1965 inno-

226 2010 595 2089 vationem,
677 2012 850 2078 sicut
932 2033 1149 2100 neque
1215 2015 1359 2101 eJus
1434 2016 1776 2101 responsio

224 2128 547 2214 apposita,
615 2142 685 2193 ut
753 2128 985 2194 volunt
1048 2130 1446 2210 adversarii;
1501 2145 1563 2196 et
1603 2143 1780 2218 patet

229 2243 498 2309 Ioannis
570 2244 820 2331 primo:
882 2247 1002 2311 Hic
1041 2259 1134 2312 est
1193 2250 1309 2333 qui
1351 2247 1646 2333 baptizat
1705 2251 1778 2313 in

227 2360 496 2446 Spiritu
583 2371 836 2440 sancta,
912 2361 1021 2428 ubi
1100 2361 1446 2429 denotatur
1523 2363 1773 2430 fructus

229 2475 543 2561 Baptismi
596 2475 835 2542 Christi
900 2477 1390 2545 sanctificantis

312 2590 640 2669 Secundo,
698 2591 840 2658 haec
887 2592 1333 2679 interpretatio
1380 2594 1635 2661 illorum
1687 2596 1779 2664 lo-

226 2726 447 2773 corum
513 2707 822 2774 fundatur
889 2707 1335 2776 insufficienti
1394 2712 1778 2779 auctoritate

231 2825 487 2889 Patrum
531 2836 595 2890 et
633 2825 1206 2906 scholasticorum,
1252 2828 1361 2913 qui
1407 2827 1492 2893 ita
1533 2828 1776 2896 intelli-

228 2952 386 3025 gunt
419 2940 768 3027 praedictas
817 2942 1210 3029 Scripturas,
1257 2943 1505 3010 Citatur
1537 2966 1652 3031 pro
1703 2968 1774 3013 ea

231 3058 623 3125 Athanasius
678 3070 849 3125 orat.
895 3063 960 3126 ⁶2.
1023 3070 1252 3126 contra
1302 3065 1611 3143 Arianos,
1668 3085 1775 3130 ar-

231 3195 435 3260 guens
465 3174 888 3242 Divinitatem
924 3175 1192 3257 Christi,
1266 3199 1346 3245 ex
1389 3177 1593 3245 forma
1661 3183 1774 3246 Ba-

233 3293 447 3377 ptismi
527 3293 876 3372 ordinaria,
941 3306 1001 3360 et
1068 3317 1367 3361 sermone
1451 3301 1770 3384 sequenti.

233 3411 474 3478 Citatur
524 3411 717 3478 etiam
750 3413 1117 3500 Cyprianus
1147 3414 1420 3500 epistola
1451 3416 1527 3481 ad
1569 3417 1780 3493 Quiri-

163 3591 173 3602 ,
236 3524 416 3604 tium,
462 3547 615 3614 quae
663 3526 824 3592 nihil
858 3528 981 3594 lale
1019 3529 1330 3606 continet,
1378 3529 1492 3596 sed
1533 3530 1600 3596 in
1640 3532 1780 3618 epi-

156 5288 207 5335 li-

237 3640 390 3709 stola
449 3642 531 3709 ad
579 3643 966 3711 Iubaianum
1027 3657 1091 3712 et
1148 3646 1554 3733 Pompeium,
1626 3648 1781 3715 citat

238 3777 346 3842 pro
374 3759 499 3825 hac
528 3761 847 3827 sententia
877 3763 1278 3848 Stephanum
1313 3765 1547 3849 Papam
1583 3764 1647 3830 in
1679 3764 1780 3830 lit-

236 3873 387 3938 teris
417 3873 499 3940 ad
533 3895 605 3940 se
643 3875 887 3954 missis,
924 3877 1094 3943 circa
1145 3878 1654 3945 controversiam
1702 3880 1783 3947 de

241 3988 706 4077 rebaptizandis
736 3990 1090 4068 haereticiS‚
1126 3992 1190 4057 in
1223 4013 1350 4080 qua
1382 3994 1626 4060 erravit
1656 3998 1780 4082 Cy-

243 4105 524 4188 prianuS.
562 4110 634 4172 In
676 4108 883 4192 prima
913 4108 1008 4175 sic
1040 4108 1261 4175 subdit
1302 4132 1316 4175 ε
1360 4111 1525 4176 Cum
1556 4112 1784 4179 eadem

243 4222 513 4303 epistola
542 4223 1138 4290 animadverterim
1176 4227 1381 4291 etiam
1422 4227 1786 4293 Marcionis

244 4338 384 4417 lieri
418 4341 844 4420 mentionem,
902 4352 972 4406 ut
1004 4360 1122 4406 nec
1148 4341 1229 4407 ab
1268 4343 1412 4428 ipso
1452 4345 1785 4410 venientes

247 4453 412 4520 dicat
449 4454 792 4541 baptizari
818 4467 1142 4542 oportere,
1181 4457 1357 4543 quod
1375 4461 1525 4545 jam
1565 4461 1639 4524 in
1668 4482 1785 4526 no-

249 4569 413 4634 mine
439 4571 596 4636 Jesu
647 4570 904 4636 Christi
951 4570 1276 4658 baptizati
1332 4595 1465 4639 esse
1511 4574 1786 4642 videan-

251 4693 364 4762 tur,
399 4698 524 4752 etc.
582 4699 645 4751 et
691 4685 757 4751 in
808 4686 1079 4774 epistola
1131 4688 1431 4775 sequenti
1472 4711 1485 4755 :
1536 4690 1674 4756 Cur
1714 4694 1788 4759 in

252 4809 495 4867 temtum
527 4803 854 4888 Stephani
881 4803 1128 4886 fratris
1166 4807 1382 4870 nostri
1432 4806 1788 4874 obstinatio

253 4911 411 4981 dura
450 4919 768 5005 prorupit
797 4920 996 4983 etiam
1029 4919 1112 4984 de
1152 4920 1513 4988 Marcionis
1552 4924 1787 5010 Bapti-

253 5046 396 5106 smo,
441 5042 563 5098 etc.
600 5044 664 5098 et
708 5032 861 5099 illic:
920 5035 993 5099 In
1021 5037 1291 5100 nomine
1338 5037 1489 5103 Iesu
1534 5040 1792 5105 Christi

258 5137 421 5207 dicat
448 5146 906 5210 remissionem.
943 5157 1358 5230 peccatorum
1390 5148 1569 5229 dari,
1626 5162 1747 5218 etc.

336 5258 423 5324 Ad
487 5261 609 5327 hoc
683 5261 877 5329 tacite
943 5263 1294 5348 respondet
1376 5267 1789 5353 Augustinus

157 5391 158 5398 ¹
263 5370 362 5439 lib.
437 5380 499 5442 3.
565 5378 646 5442 de
702 5379 1047 5464 Baptismo
1077 5400 1222 5466 cap.
1290 5385 1395 5449 15.
1443 5383 1788 5450 Marcionis

264 5487 641 5575 Baptismum
716 5493 918 5562 fuisse
993 5495 1350 5564 validum:
1430 5502 1510 5565 Si
1575 5501 1791 5567 verbis

264 5607 640 5690 evanqelicis
696 5610 771 5674 in
819 5611 1089 5675 nomine
1124 5611 1355 5677 Patris
1416 5624 1475 5677 et
1526 5612 1693 5678 Filii
1730 5625 1790 5680 et

3319 452 3437 517 309

1881 620 2181 705 Spiritus
2218 621 2435 685 sancti
2470 620 2682 703 fuerit
2720 619 3056 686 collatum.
3113 621 3433 685 Caeterum

1881 755 2009 799 non
2045 734 2130 800 ita
2162 735 2527 821 Cyprianus
2560 735 2867 821 intelligit
2898 736 3327 820 Stephanum,
3368 746 3438 800 ut

1881 864 2055 937 patet
2123 851 2184 916 in
2256 852 2528 937 epistola
2604 852 2683 918 ad
2748 852 3162 928 Jubaianum,
3243 871 3435 938 quem

1884 966 2156 1052 proinde
2187 966 2554 1053 impugnat,
2592 968 2820 1033 saltem
2854 965 3025 1053 apud
3059 968 3296 1033 Gentes
3330 970 3440 1031 Ba-

1883 1084 2193 1168 ptismum
2237 1104 2540 1150 asserens
2573 1104 2651 1149 ex
2686 1083 3017 1163 Matthaeo,
3062 1082 3202 1149 lieri
3242 1081 3441 1149 debe-

1882 1220 1952 1266 re
2016 1200 2079 1265 in
2141 1202 2403 1266 nomine
2463 1200 2669 1265 Patris
2735 1213 2798 1266 et
2838 1200 2981 1265 Filii
3032 1212 3096 1266 et
3155 1199 3439 1286 Spiritus

1882 1317 2088 1385 sancti
2125 1341 2138 1385 :
2183 1319 2413 1382 Docete
2449 1338 2671 1382 omnes
2717 1318 2973 1394 Gentes,
3020 1317 3441 1403 baptizantes

1884 1455 1989 1498 eos
2027 1435 2102 1499 in
2135 1433 2402 1498 nomine
2440 1433 2688 1511 Patris,
2727 1444 2850 1499 etc.
2904 1445 2967 1499 et
3001 1431 3239 1498 ibidem
3283 1453 3435 1519 sup-

1884 1550 2067 1636 ponit
2134 1549 2303 1636 apud
2363 1550 2708 1616 haereticos
2769 1550 3169 1636 Baptismum
3213 1548 3435 1615 datum

1885 1666 2090 1733 fuisse
2126 1665 2190 1732 in
2234 1666 2497 1732 nomine
2529 1665 2785 1732 Domini
2819 1670 2967 1733 Iesu
3006 1691 3020 1734 :
3075 1665 3435 1744 QuomodO,

1887 1781 2123 1870 inquit,
2179 1805 2311 1849 non
2342 1784 2625 1870 coquite,
2676 1783 2792 1849 sed
2823 1784 3274 1870 blasphemato
3306 1785 3441 1848 Deo

1885 1901 2110 1978 Patre,
2152 1902 2268 1986 qui
2296 1900 2480 1986 apud
2509 1901 2850 1965 hcereticos
2889 1900 3145 1964 Christi
3172 1901 3444 1965 nomine

1887 2016 2220 2100 baptizati
2268 2016 2586 2081 dicuntur
2640 2026 3059 2102 peccatorum
3098 2017 3444 2081 remissam

1887 2134 2217 2198 consecuti
2263 2131 2716 2219 judicantur?
2748 2143 2810 2197 et
2866 2131 3077 2217 magis
3135 2153 3445 2219 expresse

1888 2247 2165 2314 inferius
2209 2270 2224 2315 ε
2277 2248 2615 2325 Quomodo
2656 2269 2831 2334 erpa,
2883 2247 3116 2336 inquit,
3169 2249 3442 2335 quidam

1886 2367 2145 2443 dicunt,
2184 2375 2306 2431 etc.
2344 2363 2538 2430 modo
2570 2366 2645 2429 in
2693 2364 2962 2430 nomine
2999 2366 3151 2431 Jesu
3187 2365 3463 2445 Christi,

1889 2484 2281 2569 ubicumque
2338 2494 2398 2548 et
2465 2482 3063 2570 quomodocumque
3118 2484 3444 2550 Gentilem

1888 2600 2295 2685 baptizatum
2331 2600 2790 2663 remissionem
2816 2610 3233 2685 peccatorum
3283 2621 3439 2665 con-

1885 2717 2073 2801 sequi
2107 2737 2317 2801 posse,
2357 2716 2624 2802 quando
2664 2716 2805 2801 ipse
2859 2716 3163 2781 Christus
3207 2716 3443 2782 Gentes

1888 2831 2226 2916 baptizari
2244 2831 2475 2919 jubeat
2509 2831 2581 2895 in
2616 2831 2820 2916 plena
2851 2847 2911 2896 et
2941 2829 3241 2897 adunata
3290 2832 3439 2897 Tri·

1885 2945 2152 3011 nitate?

1978 3066 2161 3128 Hunc
2226 3060 2439 3126 locum
2480 3058 2681 3126 citant
2756 3072 3053 3126 auctores
3120 3060 3440 3147 oppositae

1886 3178 2253 3257 sententiae,
2311 3176 2424 3243 sed
2468 3176 2627 3244 mihi
2679 3180 2999 3243 incertum
3051 3190 3173 3257 est,
3231 3177 3286 3244 si
3313 3176 3440 3244 illis

1889 3295 2104 3362 faveat
2136 3294 2523 3380 CyprianuS,
2563 3293 2672 3380 qui
2715 3293 2976 3359 videtur
3007 3295 3128 3360 hac
3159 3293 3224 3359 in
3265 3314 3444 3380 quae·

1888 3412 2102 3478 stione
2131 3411 2472 3487 obscurus,
2509 3421 2573 3474 et
2601 3408 2988 3495 impugnare
3020 3411 3452 3496 Stephanum,

1892 3549 1966 3594 ea
2000 3527 2249 3593 ratione
2289 3541 2567 3603 tantum,
2614 3546 2740 3613 qua
2773 3526 2943 3611 apud
2996 3529 3232 3593 Gentes
3272 3526 3446 3593 illam

1893 3647 2166 3711 formam
2227 3645 2445 3710 valere
2497 3642 2692 3722 dicat,
2740 3663 2867 3708 non
2911 3665 3068 3710 vero
3118 3645 3289 3731 apud
3332 3650 3451 3711 Ju—

1892 3762 2110 3839 daeos;
2169 3781 2315 3826 nam
2390 3773 2733 3847 postquam
2788 3760 2957 3847 apud
3000 3759 3453 3827 Marcionistas

1894 3890 2090 3962 negat
2156 3896 2301 3941 esse
2368 3895 2595 3939 verum
2684 3875 3030 3960 Baptisma,
3112 3875 3265 3961 quia
3321 3895 3447 3940 non

1895 3993 2016 4059 fuit
2053 3991 2226 4077 apud
2259 4011 2370 4057 eos
2397 4010 2553 4056 vera
2593 3989 2755 4056 sides
2796 3990 2874 4056 de
2906 3994 3115 4070 Patre,
3152 4002 3263 4056 aut
3302 3989 3448 4057 aliis

1898 4107 2219 4195 personis,
2288 4107 2572 4172 maxime
2636 4107 2804 4172 circa
2868 4105 3341 4174 humanitatem
3384 4121 3448 4173 et

1895 4244 2240 4309 personam
2301 4221 2563 4299 Christi,
2628 4221 2883 4308 aliaque
2943 4222 3252 4307 mysteria
3329 4227 3446 4289 Re-

1896 4338 2316 4425 demptionis,
2382 4338 2445 4402 in
2516 4338 2754 4424 quibus
2795 4358 3031 4424 scopus
3091 4337 3447 4405 dissertati-

1896 4456 2041 4522 onis
2081 4465 2407 4530 versatur,
2455 4452 2784 4519 concludit
2817 4453 2880 4518 in
2916 4454 3090 4520 hunc
3133 4454 3441 4523 modum:

1902 4573 2067 4636 Cum
2098 4591 2254 4656 erqo
2292 4591 2376 4634 ex
2419 4570 2632 4654 ipsius
2677 4570 2934 4633 Christi
2970 4568 3451 4653 praedica-tione

1898 4699 1958 4753 et
1997 4688 2471 4753 contestatione
2519 4685 2725 4750 Pater
2761 4696 2917 4750 ante
2963 4686 3452 4771 cognoscendus

1898 4807 2005 4883 sit,
2045 4806 2163 4890 qui
2202 4803 2405 4880 misit,
2455 4813 2609 4868 tunc
2646 4799 2893 4866 deinde
2964 4802 3289 4881 Christus,
3336 4804 3453 4887 qui

1899 4921 2137 4985 missus
2168 4929 2280 4996 est,
2319 4938 2436 4984 nec
2453 4919 2663 5004 possit
2683 4936 2817 4981 esse
2844 4937 2989 5002 spes
3018 4918 3277 4996 salutis,
3315 4918 3454 4981 nisi

1900 5036 2151 5101 ditobus
2196 5035 2398 5099 simul
2437 5034 2756 5118 coquitis,·
2825 5032 3147 5117 quomodo
3180 5053 3314 5098 non
3347 5054 3450 5097 co-

1899 5153 2109 5238 qnit0,
2149 5153 2281 5215 imo
2322 5159 2382 5214 et
2421 5150 2868 5235 blasphemato
2902 5150 3033 5213 Deo
3075 5150 3295 5224 Patre,
3334 5152 3450 5236 qui

1901 5268 2083 5353 apud
2113 5267 2475 5338 hoereticos,
2534 5266 2790 5330 Christi
2819 5267 3086 5329 nomine
3125 5266 3310 5350 bapti
3318 5269 3448 5332 zati

1902 5386 2245 5465 dicuntur,
2287 5393 2700 5469 peccatorum
2748 5383 3091 5447 remissam
3122 5387 3448 5449 consecuti

1890 5499 2346 5588 judicantur?
2423 5511 2484 5564 et
2559 5498 2774 5563 statim
2845 5517 3195 5563 occurrens
3233 5499 3447 5564 tacitae

1902 5616 2281 5705 obJectioni,
2326 5637 2436 5682 sen
2473 5615 2895 5681 fundamento
2945 5614 3279 5705 Stephani,
3318 5636 3447 5702 quo

3582 3057 3666 3108 56.
