<?xml version="1.0" encoding="UTF-8"?>
<!DOCTYPE html PUBLIC "-//W3C//DTD XHTML 1.0 Transitional//EN"
    "http://www.w3.org/TR/xhtml1/DTD/xhtml1-transitional.dtd">
<html xmlns="http://www.w3.org/1999/xhtml" xml:lang="en" lang="en">
 <head>
  <title>
</title>
<meta http-equiv="Content-Type" content="text/html;charset=utf-8" />
  <meta name='ocr-system' content='tesseract 3.04.00' />
  <meta name='ocr-capabilities' content='ocr_page ocr_carea ocr_par ocr_line ocrx_word'/>
</head>
<body>
  <div class='ocr_page' id='page_1' title='image "./joannisdunsscot02waddgoog_0380.png"; bbox 0 0 4255 6375; ppageno 0'>
   <div class='ocr_carea' id='block_1_1' title="bbox 872 361 989 425">
    <p class='ocr_par' dir='ltr' id='par_1_1' title="bbox 872 361 989 425">
     <span class='ocr_line' id='line_1_1' title="bbox 872 361 989 425; baseline 0 -2"><span class='ocrx_word' id='word_1_1' title='bbox 872 361 989 425; x_wconf 79' lang='lat'><strong><em>376</em></strong></span> 
     </span>
    </p>
   </div>
   <div class='ocr_carea' id='block_1_2' title="bbox 2064 350 2974 421">
    <p class='ocr_par' dir='ltr' id='par_1_2' title="bbox 2064 350 2974 421">
     <span class='ocr_line' id='line_1_2' title="bbox 2064 350 2974 421; baseline -0.001 -2"><span class='ocrx_word' id='word_1_2' title='bbox 2064 356 2212 421; x_wconf 77' lang='lat' dir='ltr'><strong><em>Lm.</em></strong></span> <span class='ocrx_word' id='word_1_3' title='bbox 2246 355 2346 420; x_wconf 74' lang='lat' dir='ltr'><strong><em>lv,</em></strong></span> <span class='ocrx_word' id='word_1_4' title='bbox 2376 350 2974 419; x_wconf 63' lang='lat' dir='ltr'><strong><em>sumammuh!</em></strong></span> 
     </span>
    </p>
   </div>
   <div class='ocr_carea' id='block_1_3' title="bbox 1587 751 3347 911">
    <p class='ocr_par' dir='ltr' id='par_1_3' title="bbox 1587 751 3347 911">
     <span class='ocr_line' id='line_1_3' title="bbox 1587 751 3347 911; baseline -0.005 -2"><span class='ocrx_word' id='word_1_5' title='bbox 1587 751 2886 911; x_wconf 86' lang='lat' dir='ltr'>DISTINCTIO</span> <span class='ocrx_word' id='word_1_6' title='bbox 3058 753 3347 910; x_wconf 91' lang='lat' dir='ltr'><strong><em>IV.</em></strong></span> 
     </span>
    </p>
   </div>
   <div class='ocr_carea' id='block_1_4' title="bbox 1852 1056 3110 1145">
    <p class='ocr_par' dir='ltr' id='par_1_4' title="bbox 1852 1056 3110 1145">
     <span class='ocr_line' id='line_1_4' title="bbox 1852 1056 3110 1145; baseline 0.001 -21"><span class='ocrx_word' id='word_1_7' title='bbox 1852 1057 2132 1144; x_wconf 72' lang='lat' dir='ltr'><strong><em>(Tea-lus</em></strong></span> <span class='ocrx_word' id='word_1_8' title='bbox 2203 1056 2514 1145; x_wconf 72' lang='lat' dir='ltr'><strong><em>Mayislri</em></strong></span> <span class='ocrx_word' id='word_1_9' title='bbox 2584 1056 3110 1125; x_wconf 73' lang='lat' dir='ltr'><strong><em>Sententiarum.</em></strong></span> 
     </span>
    </p>
   </div>
   <div class='ocr_carea' id='block_1_5' title="bbox 847 1453 2400 1757">
    <p class='ocr_par' dir='ltr' id='par_1_5' title="bbox 847 1453 2400 1757">
     <span class='ocr_line' id='line_1_5' title="bbox 847 1453 2400 1540; baseline 0.003 -22"><span class='ocrx_word' id='word_1_10' title='bbox 847 1456 942 1520; x_wconf 87' lang='lat' dir='ltr'><strong><em>De</em></strong></span> <span class='ocrx_word' id='word_1_11' title='bbox 996 1453 1141 1519; x_wconf 75' lang='lat' dir='ltr'><strong><em>illis</em></strong></span> <span class='ocrx_word' id='word_1_12' title='bbox 1187 1454 1304 1539; x_wconf 81' lang='lat' dir='ltr'><strong><em>qui</em></strong></span> <span class='ocrx_word' id='word_1_13' title='bbox 1357 1454 1733 1540; x_wconf 76' lang='lat' dir='ltr'><strong><em>suscipiant</em></strong></span> <span class='ocrx_word' id='word_1_14' title='bbox 1785 1465 2278 1522; x_wconf 78' lang='lat' dir='ltr'><strong><em>sacramentum</em></strong></span> <span class='ocrx_word' id='word_1_15' title='bbox 2337 1466 2400 1521; x_wconf 82' lang='lat' dir='ltr'><strong><em>et</em></strong></span> 
     </span>
     <span class='ocr_line' id='line_1_6' title="bbox 934 1574 2400 1651; baseline 0.002 -15"><span class='ocrx_word' id='word_1_16' title='bbox 934 1591 1098 1651; x_wconf 85' lang='lat' dir='ltr'><strong><em>rem,</em></strong></span> <span class='ocrx_word' id='word_1_17' title='bbox 1142 1582 1205 1637; x_wconf 83' lang='lat' dir='ltr'><strong><em>et</em></strong></span> <span class='ocrx_word' id='word_1_18' title='bbox 1259 1591 1400 1637; x_wconf 85' lang='lat' dir='ltr'><strong><em>rem</em></strong></span> <span class='ocrx_word' id='word_1_19' title='bbox 1431 1582 1494 1638; x_wconf 77' lang='lat' dir='ltr'><strong><em>et</em></strong></span> <span class='ocrx_word' id='word_1_20' title='bbox 1558 1592 1695 1638; x_wconf 91' lang='lat' dir='ltr'><strong><em>non</em></strong></span> <span class='ocrx_word' id='word_1_21' title='bbox 1750 1574 2283 1651; x_wconf 77' lang='lat' dir='ltr'><strong><em>Sacramentum,</em></strong></span> <span class='ocrx_word' id='word_1_22' title='bbox 2337 1583 2400 1639; x_wconf 77' lang='lat' dir='ltr'><strong><em>et</em></strong></span> 
     </span>
     <span class='ocr_line' id='line_1_7' title="bbox 941 1690 1948 1757; baseline 0.003 -4"><span class='ocrx_word' id='word_1_23' title='bbox 941 1690 1453 1754; x_wconf 79' lang='lat' dir='ltr'><strong><em>Sacramentum</em></strong></span> <span class='ocrx_word' id='word_1_24' title='bbox 1491 1698 1552 1753; x_wconf 78' lang='lat' dir='ltr'><strong><em>et</em></strong></span> <span class='ocrx_word' id='word_1_25' title='bbox 1601 1709 1735 1755; x_wconf 89' lang='lat' dir='ltr'><strong><em>non</em></strong></span> <span class='ocrx_word' id='word_1_26' title='bbox 1782 1710 1948 1757; x_wconf 86' lang='lat' dir='ltr'><strong><em>rem.</em></strong></span> 
     </span>
    </p>
   </div>
   <div class='ocr_carea' id='block_1_6' title="bbox 514 1889 2405 2104">
    <p class='ocr_par' dir='ltr' id='par_1_6' title="bbox 514 1889 2405 2104">
     <span class='ocr_line' id='line_1_8' title="bbox 641 1889 2403 1985; baseline -0.009 -6"><span class='ocrx_word' id='word_1_27' title='bbox 641 1928 705 1978; x_wconf 77' lang='lat' dir='ltr'><strong><em>A.</em></strong></span> <span class='ocrx_word' id='word_1_28' title='bbox 947 1889 1098 1963; x_wconf 82' lang='lat' dir='ltr'><strong><em>Hic</em></strong></span> <span class='ocrx_word' id='word_1_29' title='bbox 1139 1890 1556 1965; x_wconf 90' lang='lat' dir='ltr'><strong><em>dicendum</em></strong></span> <span class='ocrx_word' id='word_1_30' title='bbox 1588 1894 1739 1973; x_wconf 87' lang='lat' dir='ltr'><strong><em>est,</em></strong></span> <span class='ocrx_word' id='word_1_31' title='bbox 1786 1892 2102 1985; x_wconf 88' lang='lat' dir='ltr'><strong><em>aliquos</em></strong></span> <span class='ocrx_word' id='word_1_32' title='bbox 2148 1894 2403 1967; x_wconf 91' lang='lat' dir='ltr'><strong><em>susci-</em></strong></span> 
     </span>
     <span class='ocr_line' id='line_1_9' title="bbox 514 1990 2405 2104; baseline -0.004 -14"><span class='ocrx_word' id='word_1_33' title='bbox 514 1990 807 2104; x_wconf 32' lang='lat' dir='ltr'><strong><em>¹223&amp;ssss</em></strong></span> <span class='ocrx_word' id='word_1_34' title='bbox 860 2028 1054 2101; x_wconf 90' lang='lat' dir='ltr'><strong><em>pere</em></strong></span> <span class='ocrx_word' id='word_1_35' title='bbox 1105 2010 1726 2082; x_wconf 79' lang='lat' dir='ltr'><strong><em>Sacramentum</em></strong></span> <span class='ocrx_word' id='word_1_36' title='bbox 1766 2013 1848 2083; x_wconf 89' lang='lat' dir='ltr'><strong><em>et</em></strong></span> <span class='ocrx_word' id='word_1_37' title='bbox 1909 2030 2082 2081; x_wconf 91' lang='lat' dir='ltr'><strong><em>rem</em></strong></span> <span class='ocrx_word' id='word_1_38' title='bbox 2124 2011 2405 2083; x_wconf 91' lang='lat' dir='ltr'><strong><em>Sacra-</em></strong></span> 
     </span>
    </p>
   </div>
   <div class='ocr_carea' id='block_1_7' title="bbox 524 2113 2406 2354">
    <p class='ocr_par' dir='ltr' id='par_1_7' title="bbox 524 2113 2406 2354">
     <span class='ocr_line' id='line_1_10' title="bbox 568 2113 2406 2239; baseline 0.004 -46"><span class='ocrx_word' id='word_1_39' title='bbox 568 2113 765 2239; x_wconf 55' lang='lat' dir='ltr'><strong><em>ng·p{{⁰</em></strong></span> <span class='ocrx_word' id='word_1_40' title='bbox 860 2126 1135 2205; x_wconf 89' lang='lat' dir='ltr'><strong><em>menti,</em></strong></span> <span class='ocrx_word' id='word_1_41' title='bbox 1220 2126 1536 2218; x_wconf 91' lang='lat' dir='ltr'><strong><em>aliquos</em></strong></span> <span class='ocrx_word' id='word_1_42' title='bbox 1624 2129 2247 2200; x_wconf 89' lang='lat' dir='ltr'><strong><em>Sacramentum</em></strong></span> <span class='ocrx_word' id='word_1_43' title='bbox 2323 2130 2406 2200; x_wconf 90' lang='lat' dir='ltr'><strong><em>et</em></strong></span> 
     </span>
     <span class='ocr_line' id='line_1_11' title="bbox 524 2239 2406 2354; baseline 0.003 -40"><span class='ocrx_word' id='word_1_44' title='bbox 524 2239 804 2354; x_wconf 49' lang='lat' dir='ltr'><strong><em>9⁸2f23&#39;211‘3·</em></strong></span> <span class='ocrx_word' id='word_1_45' title='bbox 863 2266 1023 2319; x_wconf 90' lang='lat' dir='ltr'><strong><em>non</em></strong></span> <span class='ocrx_word' id='word_1_46' title='bbox 1075 2265 1272 2326; x_wconf 89' lang='lat' dir='ltr'><strong><em>rem,</em></strong></span> <span class='ocrx_word' id='word_1_47' title='bbox 1327 2245 1646 2339; x_wconf 86' lang='lat' dir='ltr'><strong><em>aliquos</em></strong></span> <span class='ocrx_word' id='word_1_48' title='bbox 1707 2265 1882 2318; x_wconf 89' lang='lat' dir='ltr'><strong><em>rem</em></strong></span> <span class='ocrx_word' id='word_1_49' title='bbox 1923 2248 2002 2318; x_wconf 89' lang='lat' dir='ltr'><strong><em>et</em></strong></span> <span class='ocrx_word' id='word_1_50' title='bbox 2052 2264 2214 2317; x_wconf 92' lang='lat' dir='ltr'><strong><em>non</em></strong></span> <span class='ocrx_word' id='word_1_51' title='bbox 2266 2249 2406 2320; x_wconf 90' lang='lat' dir='ltr'><strong><em>Sa-</em></strong></span> 
     </span>
    </p>
   </div>
   <div class='ocr_carea' id='block_1_8' title="bbox 506 2366 2405 2818">
    <p class='ocr_par' dir='ltr' id='par_1_8' title="bbox 506 2366 2405 2818">
     <span class='ocr_line' id='line_1_12' title="bbox 533 2366 2405 2481; baseline -0.001 -44"><span class='ocrx_word' id='word_1_52' title='bbox 533 2369 830 2481; x_wconf 50' lang='lat' dir='ltr'><strong>Encfflrffio</strong></span> <span class='ocrx_word' id='word_1_53' title='bbox 859 2366 1392 2437; x_wconf 85' lang='lat' dir='ltr'><strong><em>cramentum.</em></strong></span> <span class='ocrx_word' id='word_1_54' title='bbox 1440 2366 2057 2437; x_wconf 78' lang='lat' dir='ltr'><strong><em>Sacramentum</em></strong></span> <span class='ocrx_word' id='word_1_55' title='bbox 2098 2366 2179 2436; x_wconf 89' lang='lat' dir='ltr'><strong><em>et</em></strong></span> <span class='ocrx_word' id='word_1_56' title='bbox 2234 2384 2405 2436; x_wconf 89' lang='lat' dir='ltr'><strong><em>rem</em></strong></span> 
     </span>
     <span class='ocr_line' id='line_1_13' title="bbox 532 2481 2400 2604; baseline 0.001 -50"><span class='ocrx_word' id='word_1_57' title='bbox 532 2492 752 2604; x_wconf 47' lang='lat' dir='ltr'><strong><em>Hnimq-</em></strong></span> <span class='ocrx_word' id='word_1_58' title='bbox 857 2482 1099 2554; x_wconf 87' lang='lat' dir='ltr'><strong><em>simul</em></strong></span> <span class='ocrx_word' id='word_1_59' title='bbox 1172 2481 1629 2574; x_wconf 87' lang='lat' dir='ltr'><strong><em>suscipiunt</em></strong></span> <span class='ocrx_word' id='word_1_60' title='bbox 1693 2499 1973 2552; x_wconf 90' lang='lat' dir='ltr'><strong><em>omnes</em></strong></span> <span class='ocrx_word' id='word_1_61' title='bbox 2050 2483 2400 2574; x_wconf 90' lang='lat' dir='ltr'><strong><em>parvuli,</em></strong></span> 
     </span>
     <span class='ocr_line' id='line_1_14' title="bbox 506 2566 2404 2691; baseline -0.003 -25"><span class='ocrx_word' id='word_1_62' title='bbox 506 2566 824 2689; x_wconf 58' lang='grc' dir='ltr'><strong><em>αᾷοὲἒὲἑῖ.</em></strong></span> <span class='ocrx_word' id='word_1_63' title='bbox 857 2596 991 2690; x_wconf 90' lang='lat' dir='ltr'><strong><em>qui</em></strong></span> <span class='ocrx_word' id='word_1_64' title='bbox 1035 2597 1115 2671; x_wconf 93' lang='lat' dir='ltr'><strong><em>in</em></strong></span> <span class='ocrx_word' id='word_1_65' title='bbox 1158 2598 1580 2691; x_wconf 88' lang='lat' dir='ltr'><strong><em>Baptismo</em></strong></span> <span class='ocrx_word' id='word_1_66' title='bbox 1613 2595 1713 2668; x_wconf 90' lang='lat' dir='ltr'><strong><em>ab</em></strong></span> <span class='ocrx_word' id='word_1_67' title='bbox 1754 2594 2141 2686; x_wconf 78' lang='lat' dir='ltr'>originali</span> <span class='ocrx_word' id='word_1_68' title='bbox 2186 2622 2404 2680; x_wconf 76' lang='lat' dir='ltr'><strong><em>mun-</em></strong></span> 
     </span>
     <span class='ocr_line' id='line_1_15' title="bbox 531 2680 2403 2818; baseline 0.005 -28"><span class='ocrx_word' id='word_1_69' title='bbox 531 2680 800 2807; x_wconf 44' lang='lat' dir='ltr'><strong><em>dfflvssr‘</em></strong></span> <span class='ocrx_word' id='word_1_70' title='bbox 854 2715 1150 2787; x_wconf 88' lang='lat' dir='ltr'><strong><em>dantur</em></strong></span> <span class='ocrx_word' id='word_1_71' title='bbox 1214 2721 1586 2809; x_wconf 86' lang='lat' dir='ltr'><strong><em>peccato;</em></strong></span> <span class='ocrx_word' id='word_1_72' title='bbox 1653 2722 2022 2814; x_wconf 90' lang='lat' dir='ltr'><strong><em>quamvis</em></strong></span> <span class='ocrx_word' id='word_1_73' title='bbox 2082 2726 2403 2818; x_wconf 89' lang='lat' dir='ltr'><strong><em>quidam</em></strong></span> 
     </span>
    </p>
   </div>
   <div class='ocr_carea' id='block_1_9' title="bbox 505 2806 2404 2932">
    <p class='ocr_par' dir='ltr' id='par_1_9' title="bbox 505 2806 2404 2932">
     <span class='ocr_line' id='line_1_16' title="bbox 505 2806 2404 2932; baseline 0.007 -28"><span class='ocrx_word' id='word_1_74' title='bbox 505 2806 819 2932; x_wconf 54' lang='grc' dir='ltr'><strong><em>ξέῗᾶῗίζζ,</em></strong></span> <span class='ocrx_word' id='word_1_75' title='bbox 855 2831 1385 2921; x_wconf 81' lang='lat' dir='ltr'><strong><em>diffiteantur,</em></strong></span> <span class='ocrx_word' id='word_1_76' title='bbox 1424 2836 1585 2909; x_wconf 87' lang='lat' dir='ltr'><strong><em>illis</em></strong></span> <span class='ocrx_word' id='word_1_77' title='bbox 1631 2838 1764 2931; x_wconf 91' lang='lat' dir='ltr'><strong><em>qui</em></strong></span> <span class='ocrx_word' id='word_1_78' title='bbox 1809 2842 2162 2932; x_wconf 88' lang='lat' dir='ltr'><strong><em>perituri</em></strong></span> <span class='ocrx_word' id='word_1_79' title='bbox 2217 2850 2404 2918; x_wconf 90' lang='lat' dir='ltr'><strong><em>sunt</em></strong></span> 
     </span>
    </p>
   </div>
   <div class='ocr_carea' id='block_1_10' title="bbox 504 2931 2405 3269">
    <p class='ocr_par' dir='ltr' id='par_1_10' title="bbox 504 2931 2405 3269">
     <span class='ocr_line' id='line_1_17' title="bbox 504 2931 2405 3053; baseline 0.005 -29"><span class='ocrx_word' id='word_1_80' title='bbox 504 2931 1223 3045; x_wconf 36' lang='lat' dir='ltr'><strong><em>,uffffissglgparvulis</em></strong></span> <span class='ocrx_word' id='word_1_81' title='bbox 1265 2950 1346 3022; x_wconf 93' lang='lat' dir='ltr'><strong><em>in</em></strong></span> <span class='ocrx_word' id='word_1_82' title='bbox 1406 2953 1828 3046; x_wconf 89' lang='lat' dir='ltr'><strong><em>Baptismo</em></strong></span> <span class='ocrx_word' id='word_1_83' title='bbox 1868 2957 2169 3031; x_wconf 88' lang='lat' dir='ltr'><strong><em>dimitti</em></strong></span> <span class='ocrx_word' id='word_1_84' title='bbox 2236 2980 2405 3053; x_wconf 92' lang='lat' dir='ltr'><strong><em>pec·</em></strong></span> 
     </span>
     <span class='ocr_line' id='line_1_18' title="bbox 556 3010 2403 3169; baseline -0.008 -25"><span class='ocrx_word' id='word_1_85' title='bbox 556 3010 775 3167; x_wconf 54' lang='grc' dir='ltr'><strong><em>ξξζξξξῗ</em></strong></span> <span class='ocrx_word' id='word_1_86' title='bbox 859 3071 1067 3147; x_wconf 89' lang='lat' dir='ltr'><strong><em>cata,</em></strong></span> <span class='ocrx_word' id='word_1_87' title='bbox 1136 3068 1571 3143; x_wconf 81' lang='lat' dir='ltr'><strong><em>innitentes</em></strong></span> <span class='ocrx_word' id='word_1_88' title='bbox 1637 3072 1759 3147; x_wconf 91' lang='lat' dir='ltr'><strong><em>illi</em></strong></span> <span class='ocrx_word' id='word_1_89' title='bbox 1803 3057 2049 3147; x_wconf 90' lang='lat' dir='ltr'><strong><em>verbo</em></strong></span> <span class='ocrx_word' id='word_1_90' title='bbox 2093 3079 2403 3169; x_wconf 71' lang='lat' dir='ltr'><strong><em>Augus-</em></strong></span> 
     </span>
     <span class='ocr_line' id='line_1_19' title="bbox 1067 3190 2401 3269; baseline 0.009 -14"><span class='ocrx_word' id='word_1_91' title='bbox 1067 3211 1082 3255; x_wconf 88' lang='lat'>:</span> <span class='ocrx_word' id='word_1_92' title='bbox 1142 3190 1674 3264; x_wconf 71' lang='lat' dir='ltr'><strong><em>Sacramenta</em></strong></span> <span class='ocrx_word' id='word_1_93' title='bbox 1734 3191 1813 3264; x_wconf 91' lang='lat' dir='ltr'><strong><em>in</em></strong></span> <span class='ocrx_word' id='word_1_94' title='bbox 1873 3193 2071 3266; x_wconf 91' lang='lat' dir='ltr'><strong><em>solis</em></strong></span> <span class='ocrx_word' id='word_1_95' title='bbox 2121 3195 2401 3269; x_wconf 87' lang='lat' dir='ltr'><strong><em>electis</em></strong></span> 
     </span>
    </p>
   </div>
   <div class='ocr_carea' id='block_1_11' title="bbox 504 3180 2403 3396">
    <p class='ocr_par' dir='ltr' id='par_1_11' title="bbox 504 3180 2403 3396">
     <span class='ocr_line' id='line_1_20' title="bbox 530 3180 1009 3294; baseline -0.004 -2"><span class='ocrx_word' id='word_1_96' title='bbox 530 3180 802 3294; x_wconf 55' lang='grc' dir='ltr'><strong><em>οέῗὲἲῡέξη</em></strong></span> <span class='ocrx_word' id='word_1_97' title='bbox 858 3182 1009 3258; x_wconf 69' lang='lat' dir='ltr'><strong><em>tini</em></strong></span> 
     </span>
     <span class='ocr_line' id='line_1_21' title="bbox 504 3299 2403 3396; baseline 0.006 -25"><span class='ocrx_word' id='word_1_98' title='bbox 504 3304 821 3371; x_wconf 51' lang='lat' dir='ltr'><strong><em>voss-ibid·</em></strong></span> <span class='ocrx_word' id='word_1_99' title='bbox 855 3299 1215 3374; x_wconf 85' lang='lat' dir='ltr'><strong><em>efficiunt</em></strong></span> <span class='ocrx_word' id='word_1_100' title='bbox 1267 3304 1469 3394; x_wconf 92' lang='lat' dir='ltr'><strong><em>quod</em></strong></span> <span class='ocrx_word' id='word_1_101' title='bbox 1526 3305 1928 3396; x_wconf 87' lang='lat' dir='ltr'><strong><em>figurant;</em></strong></span> <span class='ocrx_word' id='word_1_102' title='bbox 1973 3329 2134 3381; x_wconf 90' lang='lat' dir='ltr'><strong><em>non</em></strong></span> <span class='ocrx_word' id='word_1_103' title='bbox 2178 3311 2403 3385; x_wconf 89' lang='lat' dir='ltr'><strong><em>intel-</em></strong></span> 
     </span>
    </p>
   </div>
   <div class='ocr_carea' id='block_1_12' title="bbox 856 3416 2501 3520">
    <p class='ocr_par' dir='ltr' id='par_1_12' title="bbox 856 3416 2501 3520">
     <span class='ocr_line' id='line_1_22' title="bbox 856 3416 2501 3520; baseline 0.009 -32"><span class='ocrx_word' id='word_1_104' title='bbox 856 3416 1228 3509; x_wconf 90' lang='lat' dir='ltr'><strong><em>ligentes,</em></strong></span> <span class='ocrx_word' id='word_1_105' title='bbox 1304 3419 1497 3494; x_wconf 89' lang='lat' dir='ltr'><strong><em>illud</em></strong></span> <span class='ocrx_word' id='word_1_106' title='bbox 1572 3420 1686 3495; x_wconf 90' lang='lat' dir='ltr'><strong><em>ita</em></strong></span> <span class='ocrx_word' id='word_1_107' title='bbox 1751 3444 1930 3498; x_wconf 86' lang='lat' dir='ltr'><strong><em>esse</em></strong></span> <span class='ocrx_word' id='word_1_108' title='bbox 2004 3427 2403 3520; x_wconf 88' lang='lat' dir='ltr'><strong><em>accipien-</em></strong></span> <span class='ocrx_word' id='word_1_109' title='bbox 2486 3443 2501 3460; x_wconf 81' lang='grc'><em>·</em></span> 
     </span>
    </p>
   </div>
   <div class='ocr_carea' id='block_1_13' title="bbox 839 3531 2402 5262">
    <p class='ocr_par' dir='ltr' id='par_1_13' title="bbox 839 3531 2402 5262">
     <span class='ocr_line' id='line_1_23' title="bbox 852 3531 2400 3629; baseline 0.01 -24"><span class='ocrx_word' id='word_1_110' title='bbox 852 3533 1067 3617; x_wconf 91' lang='lat' dir='ltr'><strong><em>dum,</em></strong></span> <span class='ocrx_word' id='word_1_111' title='bbox 1175 3531 1375 3629; x_wconf 82' lang='lat' dir='ltr'><strong><em>&#39;quia</em></strong></span> <span class='ocrx_word' id='word_1_112' title='bbox 1415 3560 1597 3612; x_wconf 92' lang='lat' dir='ltr'><strong><em>cum</em></strong></span> <span class='ocrx_word' id='word_1_113' title='bbox 1669 3540 1749 3613; x_wconf 92' lang='lat' dir='ltr'><strong><em>in</em></strong></span> <span class='ocrx_word' id='word_1_114' title='bbox 1801 3543 1987 3618; x_wconf 89' lang='lat' dir='ltr'><strong><em>aliis</em></strong></span> <span class='ocrx_word' id='word_1_115' title='bbox 2042 3544 2400 3620; x_wconf 87' lang='lat' dir='ltr'><strong><em>efficiant</em></strong></span> 
     </span>
     <span class='ocr_line' id='line_1_24' title="bbox 853 3652 2402 3739; baseline 0.01 -16"><span class='ocrx_word' id='word_1_116' title='bbox 853 3652 1444 3735; x_wconf 88' lang='lat' dir='ltr'><strong><em>remissionem,</em></strong></span> <span class='ocrx_word' id='word_1_117' title='bbox 1500 3678 1661 3730; x_wconf 91' lang='lat' dir='ltr'><strong><em>non</em></strong></span> <span class='ocrx_word' id='word_1_118' title='bbox 1726 3660 1843 3733; x_wconf 88' lang='lat' dir='ltr'><strong><em>eis</em></strong></span> <span class='ocrx_word' id='word_1_119' title='bbox 1895 3658 2206 3737; x_wconf 86' lang='lat' dir='ltr'><strong><em>faciunt</em></strong></span> <span class='ocrx_word' id='word_1_120' title='bbox 2249 3664 2402 3739; x_wconf 91' lang='lat' dir='ltr'><strong><em>hoc</em></strong></span> 
     </span>
     <span class='ocr_line' id='line_1_25' title="bbox 845 3768 2397 3856; baseline 0.011 -17"><span class='ocrx_word' id='word_1_121' title='bbox 845 3768 939 3849; x_wconf 88' lang='lat' dir='ltr'><strong><em>ad</em></strong></span> <span class='ocrx_word' id='word_1_122' title='bbox 974 3769 1346 3855; x_wconf 86' lang='lat' dir='ltr'><strong><em>salutem,</em></strong></span> <span class='ocrx_word' id='word_1_123' title='bbox 1403 3774 1534 3846; x_wconf 89' lang='lat' dir='ltr'><strong><em>sed</em></strong></span> <span class='ocrx_word' id='word_1_124' title='bbox 1587 3775 1785 3848; x_wconf 90' lang='lat' dir='ltr'><strong><em>solis</em></strong></span> <span class='ocrx_word' id='word_1_125' title='bbox 1833 3778 2142 3853; x_wconf 89' lang='lat' dir='ltr'><strong><em>electis.</em></strong></span> <span class='ocrx_word' id='word_1_126' title='bbox 2188 3783 2397 3856; x_wconf 91' lang='lat' dir='ltr'><strong><em>Nam</em></strong></span> 
     </span>
     <span class='ocr_line' id='line_1_26' title="bbox 846 3885 2401 3990; baseline 0.012 -38"><span class='ocrx_word' id='word_1_127' title='bbox 846 3885 1047 3977; x_wconf 86' lang='lat' dir='ltr'><strong><em>quod</em></strong></span> <span class='ocrx_word' id='word_1_128' title='bbox 1106 3887 1476 3961; x_wconf 90' lang='lat' dir='ltr'><strong><em>omnibus</em></strong></span> <span class='ocrx_word' id='word_1_129' title='bbox 1528 3892 1892 3982; x_wconf 91' lang='lat' dir='ltr'><strong><em>parvulis</em></strong></span> <span class='ocrx_word' id='word_1_130' title='bbox 1946 3895 2027 3969; x_wconf 93' lang='lat' dir='ltr'><strong><em>in</em></strong></span> <span class='ocrx_word' id='word_1_131' title='bbox 2083 3897 2401 3990; x_wconf 87' lang='lat' dir='ltr'><strong><em>Baptis-</em></strong></span> 
     </span>
     <span class='ocr_line' id='line_1_27' title="bbox 847 4004 2397 4109; baseline 0.01 -36"><span class='ocrx_word' id='word_1_132' title='bbox 847 4021 975 4074; x_wconf 92' lang='lat' dir='ltr'><strong><em>mo</em></strong></span> <span class='ocrx_word' id='word_1_133' title='bbox 1022 4004 1500 4080; x_wconf 89' lang='lat' dir='ltr'><strong><em>remittatur</em></strong></span> <span class='ocrx_word' id='word_1_134' title='bbox 1543 4013 1962 4100; x_wconf 88' lang='lat' dir='ltr'><strong><em>peccatum</em></strong></span> <span class='ocrx_word' id='word_1_135' title='bbox 2010 4034 2158 4106; x_wconf 89' lang='lat' dir='ltr'><strong><em>per</em></strong></span> <span class='ocrx_word' id='word_1_136' title='bbox 2198 4016 2397 4109; x_wconf 89' lang='lat' dir='ltr'><strong><em>Bap-</em></strong></span> 
     </span>
     <span class='ocr_line' id='line_1_28' title="bbox 843 4117 2395 4222; baseline 0.011 -33"><span class='ocrx_word' id='word_1_137' title='bbox 843 4117 1206 4204; x_wconf 88' lang='lat' dir='ltr'><strong><em>tismum,</em></strong></span> <span class='ocrx_word' id='word_1_138' title='bbox 1270 4122 1688 4199; x_wconf 88' lang='lat' dir='ltr'><strong><em>evidenter</em></strong></span> <span class='ocrx_word' id='word_1_139' title='bbox 1736 4130 2241 4222; x_wconf 85' lang='lat' dir='ltr'><strong><em>Augustinus</em></strong></span> <span class='ocrx_word' id='word_1_140' title='bbox 2290 4133 2395 4206; x_wconf 92' lang='lat' dir='ltr'><strong><em>di-</em></strong></span> 
     </span>
     <span class='ocr_line' id='line_1_29' title="bbox 844 4233 2398 4334; baseline 0.01 -29"><span class='ocrx_word' id='word_1_141' title='bbox 844 4233 1006 4307; x_wconf 90' lang='lat' dir='ltr'><strong><em>cit:</em></strong></span> <span class='ocrx_word' id='word_1_142' title='bbox 1051 4265 1079 4299; x_wconf 80' lang='grc'><strong>«</strong></span> <span class='ocrx_word' id='word_1_143' title='bbox 1133 4237 1198 4309; x_wconf 86' lang='grc' dir='ltr'><strong>Α</strong></span> <span class='ocrx_word' id='word_1_144' title='bbox 1251 4240 1620 4330; x_wconf 85' lang='lat' dir='ltr'><strong><em>parvulo,</em></strong></span> <span class='ocrx_word' id='word_1_145' title='bbox 1679 4241 1965 4334; x_wconf 88' lang='lat' dir='ltr'><strong><em>inquit,</em></strong></span> <span class='ocrx_word' id='word_1_146' title='bbox 2021 4251 2398 4321; x_wconf 76' lang='lat' dir='ltr'><strong><em>recenter</em></strong></span> 
     </span>
     <span class='ocr_line' id='line_1_30' title="bbox 843 4352 2390 4454; baseline 0.012 -33"><span class='ocrx_word' id='word_1_147' title='bbox 843 4352 1037 4423; x_wconf 93' lang='lat' dir='ltr'><strong><em>nato</em></strong></span> <span class='ocrx_word' id='word_1_148' title='bbox 1090 4373 1343 4446; x_wconf 92' lang='lat' dir='ltr'><strong><em>usque</em></strong></span> <span class='ocrx_word' id='word_1_149' title='bbox 1393 4357 1488 4430; x_wconf 91' lang='lat' dir='ltr'><strong><em>ad</em></strong></span> <span class='ocrx_word' id='word_1_150' title='bbox 1536 4358 2036 4454; x_wconf 89' lang='lat' dir='ltr'><strong><em>decrepitum</em></strong></span> <span class='ocrx_word' id='word_1_151' title='bbox 2091 4385 2390 4448; x_wconf 90' lang='lat' dir='ltr'><strong><em>senem,</em></strong></span> 
     </span>
     <span class='ocr_line' id='line_1_31' title="bbox 846 4467 2394 4574; baseline 0.012 -36"><span class='ocrx_word' id='word_1_152' title='bbox 846 4467 1058 4543; x_wconf 88' lang='lat' dir='ltr'><strong><em>sicut</em></strong></span> <span class='ocrx_word' id='word_1_153' title='bbox 1122 4471 1390 4545; x_wconf 87' lang='lat' dir='ltr'><strong><em>nullus</em></strong></span> <span class='ocrx_word' id='word_1_154' title='bbox 1451 4473 1936 4567; x_wconf 88' lang='lat' dir='ltr'><strong><em>prohibetur</em></strong></span> <span class='ocrx_word' id='word_1_155' title='bbox 1991 4498 2038 4550; x_wconf 90' lang='lat' dir='ltr'><strong><em>a</em></strong></span> <span class='ocrx_word' id='word_1_156' title='bbox 2079 4481 2394 4574; x_wconf 89' lang='lat' dir='ltr'><strong><em>Baptis-</em></strong></span> 
     </span>
     <span class='ocr_line' id='line_1_32' title="bbox 847 4587 2392 4689; baseline 0.011 -32"><span class='ocrx_word' id='word_1_157' title='bbox 847 4605 1004 4670; x_wconf 91' lang='lat' dir='ltr'><strong><em>mo,</em></strong></span> <span class='ocrx_word' id='word_1_158' title='bbox 1052 4587 1169 4662; x_wconf 90' lang='lat' dir='ltr'><strong><em>ita</em></strong></span> <span class='ocrx_word' id='word_1_159' title='bbox 1202 4589 1471 4663; x_wconf 88' lang='lat' dir='ltr'><strong><em>nullus</em></strong></span> <span class='ocrx_word' id='word_1_160' title='bbox 1504 4595 1652 4675; x_wconf 90' lang='lat' dir='ltr'><strong><em>est,</em></strong></span> <span class='ocrx_word' id='word_1_161' title='bbox 1692 4593 1825 4686; x_wconf 92' lang='lat' dir='ltr'><strong><em>qui</em></strong></span> <span class='ocrx_word' id='word_1_162' title='bbox 1866 4614 2025 4667; x_wconf 93' lang='lat' dir='ltr'><strong><em>non</em></strong></span> <span class='ocrx_word' id='word_1_163' title='bbox 2061 4603 2392 4689; x_wconf 88' lang='lat' dir='ltr'><strong><em>peccato</em></strong></span> 
     </span>
     <span class='ocr_line' id='line_1_33' title="bbox 845 4704 2393 4807; baseline 0.01 -35"><span class='ocrx_word' id='word_1_164' title='bbox 845 4704 1256 4778; x_wconf 90' lang='lat' dir='ltr'><strong><em>moriatur</em></strong></span> <span class='ocrx_word' id='word_1_165' title='bbox 1322 4706 1401 4778; x_wconf 94' lang='lat' dir='ltr'><strong><em>in</em></strong></span> <span class='ocrx_word' id='word_1_166' title='bbox 1471 4709 1942 4801; x_wconf 89' lang='lat' dir='ltr'><strong><em>Baptismo;</em></strong></span> <span class='ocrx_word' id='word_1_167' title='bbox 2011 4714 2146 4786; x_wconf 90' lang='lat' dir='ltr'><strong><em>sed</em></strong></span> <span class='ocrx_word' id='word_1_168' title='bbox 2217 4735 2393 4807; x_wconf 90' lang='lat' dir='ltr'><strong><em>par·</em></strong></span> 
     </span>
     <span class='ocr_line' id='line_1_34' title="bbox 841 4819 2395 4923; baseline 0.011 -34"><span class='ocrx_word' id='word_1_169' title='bbox 841 4819 1010 4892; x_wconf 87' lang='lat' dir='ltr'><strong><em>vuli</em></strong></span> <span class='ocrx_word' id='word_1_170' title='bbox 1108 4825 1425 4897; x_wconf 90' lang='lat' dir='ltr'><strong><em>tantum</em></strong></span> <span class='ocrx_word' id='word_1_171' title='bbox 1526 4826 1934 4918; x_wconf 85' lang='lat' dir='ltr'><strong><em>originali,</em></strong></span> <span class='ocrx_word' id='word_1_172' title='bbox 2035 4831 2395 4923; x_wconf 89' lang='lat' dir='ltr'><strong><em>majores</em></strong></span> 
     </span>
     <span class='ocr_line' id='line_1_35' title="bbox 841 4937 2393 5038; baseline 0.01 -31"><span class='ocrx_word' id='word_1_173' title='bbox 841 4956 1039 5009; x_wconf 87' lang='lat' dir='ltr'><strong><em>vero</em></strong></span> <span class='ocrx_word' id='word_1_174' title='bbox 1074 4937 1323 5011; x_wconf 90' lang='lat' dir='ltr'><strong><em>etiam</em></strong></span> <span class='ocrx_word' id='word_1_175' title='bbox 1369 4941 1737 5014; x_wconf 90' lang='lat' dir='ltr'><strong><em>omnibus</em></strong></span> <span class='ocrx_word' id='word_1_176' title='bbox 1789 4965 1962 5038; x_wconf 85' lang='lat' dir='ltr'><strong><em>quae</em></strong></span> <span class='ocrx_word' id='word_1_177' title='bbox 2026 4948 2235 5021; x_wconf 89' lang='lat' dir='ltr'><strong><em>male</em></strong></span> <span class='ocrx_word' id='word_1_178' title='bbox 2284 4949 2393 5023; x_wconf 90' lang='lat' dir='ltr'><strong><em>vi-</em></strong></span> 
     </span>
     <span class='ocr_line' id='line_1_36' title="bbox 839 5052 2395 5157; baseline 0.01 -34"><span class='ocrx_word' id='word_1_179' title='bbox 839 5052 1094 5125; x_wconf 83' lang='lat' dir='ltr'><strong><em>vendo</em></strong></span> <span class='ocrx_word' id='word_1_180' title='bbox 1128 5054 1596 5132; x_wconf 87' lang='lat' dir='ltr'><strong><em>addiderunt</em></strong></span> <span class='ocrx_word' id='word_1_181' title='bbox 1657 5061 1753 5132; x_wconf 90' lang='lat' dir='ltr'><strong><em>ad</em></strong></span> <span class='ocrx_word' id='word_1_182' title='bbox 1813 5061 2007 5136; x_wconf 88' lang='lat' dir='ltr'><strong><em>illud</em></strong></span> <span class='ocrx_word' id='word_1_183' title='bbox 2072 5092 2135 5151; x_wconf 83' lang='grc'><strong><em>»,</em></strong></span> <span class='ocrx_word' id='word_1_184' title='bbox 2189 5068 2395 5157; x_wconf 83' lang='lat' dir='ltr'><strong><em>quod</em></strong></span> 
     </span>
     <span class='ocr_line' id='line_1_37' title="bbox 845 5170 2395 5262; baseline 0.011 -22"><span class='ocrx_word' id='word_1_185' title='bbox 845 5170 1243 5244; x_wconf 89' lang='lat' dir='ltr'><strong><em>nascendo</em></strong></span> <span class='ocrx_word' id='word_1_186' title='bbox 1346 5175 1809 5262; x_wconf 83' lang='lat' dir='ltr'><strong><em>traxerunt,</em></strong></span> <span class='ocrx_word' id='word_1_187' title='bbox 1921 5180 2081 5255; x_wconf 90' lang='lat' dir='ltr'><strong><em>nisi</em></strong></span> <span class='ocrx_word' id='word_1_188' title='bbox 2205 5184 2395 5257; x_wconf 77' lang='lat' dir='ltr'><strong><em>vitae</em></strong></span> 
     </span>
    </p>
   </div>
   <div class='ocr_carea' id='block_1_14' title="bbox 842 5297 2399 5633">
    <p class='ocr_par' dir='ltr' id='par_1_14' title="bbox 842 5297 2399 5633">
     <span class='ocr_line' id='line_1_38' title="bbox 842 5297 2396 5404; baseline 0.011 -37"><span class='ocrx_word' id='word_1_189' title='bbox 842 5297 1297 5372; x_wconf 86' lang='lat' dir='ltr'><strong><em>enormitas</em></strong></span> <span class='ocrx_word' id='word_1_190' title='bbox 1374 5299 1781 5395; x_wconf 89' lang='lat' dir='ltr'><strong><em>impediat.</em></strong></span> <span class='ocrx_word' id='word_1_191' title='bbox 1846 5307 2122 5383; x_wconf 89' lang='lat' dir='ltr'><strong><em>Adulti</em></strong></span> <span class='ocrx_word' id='word_1_192' title='bbox 2202 5332 2396 5404; x_wconf 91' lang='lat' dir='ltr'><strong><em>quo-</em></strong></span> 
     </span>
     <span class='ocr_line' id='line_1_39' title="bbox 848 5412 2399 5511; baseline 0.01 -31"><span class='ocrx_word' id='word_1_193' title='bbox 848 5430 999 5501; x_wconf 90' lang='lat' dir='ltr'><strong><em>que</em></strong></span> <span class='ocrx_word' id='word_1_194' title='bbox 1050 5412 1188 5502; x_wconf 89' lang='lat' dir='ltr'><strong><em>qui</em></strong></span> <span class='ocrx_word' id='word_1_195' title='bbox 1241 5433 1423 5487; x_wconf 91' lang='lat' dir='ltr'><strong><em>cum</em></strong></span> <span class='ocrx_word' id='word_1_196' title='bbox 1469 5416 1615 5489; x_wconf 84' lang='lat' dir='ltr'><strong><em>fide</em></strong></span> <span class='ocrx_word' id='word_1_197' title='bbox 1656 5417 2204 5511; x_wconf 88' lang='lat' dir='ltr'><strong><em>baptizantur,</em></strong></span> <span class='ocrx_word' id='word_1_198' title='bbox 2264 5426 2399 5496; x_wconf 88' lang='lat' dir='ltr'><strong><em>Sa-</em></strong></span> 
     </span>
     <span class='ocr_line' id='line_1_40' title="bbox 851 5535 2217 5633; baseline 0.008 -33"><span class='ocrx_word' id='word_1_199' title='bbox 851 5535 1364 5607; x_wconf 84' lang='lat' dir='ltr'><strong><em>cramentum</em></strong></span> <span class='ocrx_word' id='word_1_200' title='bbox 1405 5537 1692 5625; x_wconf 65' lang='lat' dir='ltr'><strong><em>etssrem</em></strong></span> <span class='ocrx_word' id='word_1_201' title='bbox 1735 5538 2217 5633; x_wconf 85' lang='lat' dir='ltr'><strong><em>suscipiunt.</em></strong></span> 
     </span>
    </p>
   </div>
   <div class='ocr_carea' id='block_1_15' title="bbox 2865 1402 3719 1486">
    <p class='ocr_par' dir='ltr' id='par_1_15' title="bbox 2865 1402 3719 1486">
     <span class='ocr_line' id='line_1_41' title="bbox 2865 1402 3719 1486; baseline -0.002 -16"><span class='ocrx_word' id='word_1_202' title='bbox 2865 1405 2962 1470; x_wconf 91' lang='lat' dir='ltr'><strong><em>De</em></strong></span> <span class='ocrx_word' id='word_1_203' title='bbox 3021 1404 3175 1486; x_wconf 79' lang='lat' dir='ltr'><strong><em>ficte</em></strong></span> <span class='ocrx_word' id='word_1_204' title='bbox 3254 1402 3719 1470; x_wconf 68' lang='lat' dir='ltr'><strong><em>accedentibus.</em></strong></span> 
     </span>
    </p>
   </div>
   <div class='ocr_carea' id='block_1_16' title="bbox 2504 1573 4077 5525">
    <p class='ocr_par' dir='ltr' id='par_1_16' title="bbox 2504 1573 4079 5525">
     <span class='ocr_line' id='line_1_42' title="bbox 2598 1573 4077 1691; baseline -0.001 -44"><span class='ocrx_word' id='word_1_205' title='bbox 2598 1575 2749 1660; x_wconf 86' lang='lat' dir='ltr'><strong><em>Qui</em></strong></span> <span class='ocrx_word' id='word_1_206' title='bbox 2786 1595 2986 1649; x_wconf 87' lang='lat' dir='ltr'><strong><em>vero</em></strong></span> <span class='ocrx_word' id='word_1_207' title='bbox 3046 1576 3220 1651; x_wconf 90' lang='lat' dir='ltr'><strong><em>sine</em></strong></span> <span class='ocrx_word' id='word_1_208' title='bbox 3273 1573 3423 1648; x_wconf 86' lang='lat' dir='ltr'><strong><em>fide</em></strong></span> <span class='ocrx_word' id='word_1_209' title='bbox 3480 1573 3833 1647; x_wconf 86' lang='lat' dir='ltr'><strong><em>accedunt</em></strong></span> <span class='ocrx_word' id='word_1_210' title='bbox 3891 1575 3974 1645; x_wconf 84' lang='lat' dir='ltr'><strong><em>vel</em></strong></span> <span class='ocrx_word' id='word_1_211' title='bbox 4050 1644 4077 1691; x_wconf 46' lang='lat' dir='ltr'>R</span> 
     </span>
     <span class='ocr_line' id='line_1_43' title="bbox 2509 1695 4023 1776; baseline -0.005 -8"><span class='ocrx_word' id='word_1_212' title='bbox 2509 1695 2718 1776; x_wconf 87' lang='lat' dir='ltr'><strong><em>ficte,</em></strong></span> <span class='ocrx_word' id='word_1_213' title='bbox 2768 1696 3415 1775; x_wconf 85' lang='lat' dir='ltr'><strong><em>Sacramentum,</em></strong></span> <span class='ocrx_word' id='word_1_214' title='bbox 3466 1711 3620 1764; x_wconf 90' lang='lat' dir='ltr'><strong><em>non</em></strong></span> <span class='ocrx_word' id='word_1_215' title='bbox 3671 1712 3848 1769; x_wconf 83' lang='lat' dir='ltr'><strong><em>rem,</em></strong></span> <span class='ocrx_word' id='word_1_216' title='bbox 3892 1705 4023 1763; x_wconf 63' lang='lat' dir='ltr'><strong><em>su-H‘</em></strong></span> 
     </span>
     <span class='ocr_line' id='line_1_44' title="bbox 2514 1810 4064 1937; baseline 0 -54"><span class='ocrx_word' id='word_1_217' title='bbox 2514 1810 2894 1904; x_wconf 90' lang='lat' dir='ltr'><strong><em>scipiunt.</em></strong></span> <span class='ocrx_word' id='word_1_218' title='bbox 2921 1810 3142 1883; x_wconf 85' lang='lat' dir='ltr'><strong><em>Unde</em></strong></span> <span class='ocrx_word' id='word_1_219' title='bbox 3166 1810 3749 1903; x_wconf 85' lang='lat' dir='ltr'><strong><em>Hieronymus:</em></strong></span> <span class='ocrx_word' id='word_1_220' title='bbox 3779 1842 3799 1873; x_wconf 73' lang='grc' dir='ltr'>ι</span> <span class='ocrx_word' id='word_1_221' title='bbox 3830 1815 3974 1884; x_wconf 82' lang='lat' dir='ltr'><strong><em>Sunt</em></strong></span> <span class='ocrx_word' id='word_1_222' title='bbox 4019 1844 4064 1937; x_wconf 53' lang='lat' dir='ltr'><strong><em>i.</em></strong></span> 
     </span>
     <span class='ocr_line' id='line_1_45' title="bbox 2513 1923 4043 2020; baseline -0.001 -18"><span class='ocrx_word' id='word_1_223' title='bbox 2513 1930 2847 2002; x_wconf 86' lang='lat' dir='ltr'><strong><em>lavacra</em></strong></span> <span class='ocrx_word' id='word_1_224' title='bbox 2934 1923 3972 2020; x_wconf 83' lang='lat' dir='ltr'><strong><em>gentilium,&#39;haereticorum,</em></strong></span> <span class='ocrx_word' id='word_1_225' title='bbox 4024 1956 4043 2001; x_wconf 68' lang='grc' dir='ltr'><em>ν</em></span> 
     </span>
     <span class='ocr_line' id='line_1_46' title="bbox 2516 2045 3978 2119; baseline -0.002 0"><span class='ocrx_word' id='word_1_226' title='bbox 2516 2047 2647 2119; x_wconf 88' lang='lat' dir='ltr'><strong><em>sed</em></strong></span> <span class='ocrx_word' id='word_1_227' title='bbox 2687 2066 2849 2118; x_wconf 91' lang='lat' dir='ltr'><strong><em>non</em></strong></span> <span class='ocrx_word' id='word_1_228' title='bbox 2889 2045 3167 2119; x_wconf 88' lang='lat' dir='ltr'><strong><em>lavant</em></strong></span> <span class='ocrx_word' id='word_1_229' title='bbox 3212 2045 3307 2117; x_wconf 92' lang='lat' dir='ltr'><strong><em>ad</em></strong></span> <span class='ocrx_word' id='word_1_230' title='bbox 3362 2046 3726 2117; x_wconf 89' lang='lat' dir='ltr'><strong><em>salutem.</em></strong></span> <span class='ocrx_word' id='word_1_231' title='bbox 3780 2047 3856 2117; x_wconf 90' lang='lat' dir='ltr'><strong><em>In</em></strong></span> <span class='ocrx_word' id='word_1_232' title='bbox 3883 2047 3978 2117; x_wconf 83' lang='lat' dir='ltr'><strong><em>Ec·</em></strong></span> 
     </span>
     <span class='ocr_line' id='line_1_47' title="bbox 2515 2140 4031 2256; baseline -0.004 -18"><span class='ocrx_word' id='word_1_233' title='bbox 2515 2164 2765 2238; x_wconf 89' lang='lat' dir='ltr'><strong><em>clesia</em></strong></span> <span class='ocrx_word' id='word_1_234' title='bbox 2822 2162 3069 2237; x_wconf 89' lang='lat' dir='ltr'><strong><em>etiam</em></strong></span> <span class='ocrx_word' id='word_1_235' title='bbox 3107 2161 3241 2255; x_wconf 90' lang='lat' dir='ltr'><strong><em>qui</em></strong></span> <span class='ocrx_word' id='word_1_236' title='bbox 3274 2183 3435 2235; x_wconf 91' lang='lat' dir='ltr'><strong><em>non</em></strong></span> <span class='ocrx_word' id='word_1_237' title='bbox 3467 2162 3701 2256; x_wconf 90' lang='lat' dir='ltr'><strong><em>plena</em></strong></span> <span class='ocrx_word' id='word_1_238' title='bbox 3727 2162 3857 2234; x_wconf 84' lang='lat' dir='ltr'><strong><em>fide</em></strong></span> <span class='ocrx_word' id='word_1_239' title='bbox 3882 2140 4031 2249; x_wconf 63' lang='lat' dir='ltr'><strong><em>Bet-{2</em></strong></span> 
     </span>
     <span class='ocr_line' id='line_1_48' title="bbox 2518 2279 3984 2376; baseline -0.004 -22"><span class='ocrx_word' id='word_1_240' title='bbox 2518 2282 2818 2376; x_wconf 89' lang='lat' dir='ltr'><strong><em>ptisma</em></strong></span> <span class='ocrx_word' id='word_1_241' title='bbox 2896 2280 3334 2373; x_wconf 88' lang='lat' dir='ltr'><strong><em>accipiunt,</em></strong></span> <span class='ocrx_word' id='word_1_242' title='bbox 3414 2298 3702 2372; x_wconf 83' lang='lat' dir='ltr'><strong><em>aquam</em></strong></span> <span class='ocrx_word' id='word_1_243' title='bbox 3761 2279 3984 2369; x_wconf 83' lang='lat' dir='ltr'><strong><em>accipi-</em></strong></span> 
     </span>
     <span class='ocr_line' id='line_1_49' title="bbox 2518 2388 4033 2490; baseline -0.004 -20"><span class='ocrx_word' id='word_1_244' title='bbox 2518 2402 2686 2479; x_wconf 88' lang='lat' dir='ltr'><strong><em>unt,</em></strong></span> <span class='ocrx_word' id='word_1_245' title='bbox 2754 2400 2886 2471; x_wconf 87' lang='lat' dir='ltr'><strong><em>sed</em></strong></span> <span class='ocrx_word' id='word_1_246' title='bbox 2946 2417 3107 2469; x_wconf 91' lang='lat' dir='ltr'><strong><em>non</em></strong></span> <span class='ocrx_word' id='word_1_247' title='bbox 3166 2398 3588 2490; x_wconf 87' lang='lat' dir='ltr'><strong><em>Spiritum.</em></strong></span> <span class='ocrx_word' id='word_1_248' title='bbox 3651 2424 3679 2459; x_wconf 72' lang='grc' dir='ltr'><strong>ι</strong></span> <span class='ocrx_word' id='word_1_249' title='bbox 3740 2388 4033 2487; x_wconf 73' lang='lat' dir='ltr'><strong><em>Augus-r</em></strong></span> 
     </span>
     <span class='ocr_line' id='line_1_50' title="bbox 2520 2511 3986 2591; baseline -0.005 -2"><span class='ocrx_word' id='word_1_250' title='bbox 2520 2517 2738 2591; x_wconf 88' lang='lat' dir='ltr'><strong><em>tinus</em></strong></span> <span class='ocrx_word' id='word_1_251' title='bbox 2796 2515 3047 2589; x_wconf 88' lang='lat' dir='ltr'><strong><em>etiam</em></strong></span> <span class='ocrx_word' id='word_1_252' title='bbox 3100 2514 3218 2588; x_wconf 89' lang='lat' dir='ltr'><strong><em>ait</em></strong></span> <span class='ocrx_word' id='word_1_253' title='bbox 3269 2539 3285 2584; x_wconf 91' lang='lat'>:</span> <span class='ocrx_word' id='word_1_254' title='bbox 3358 2544 3386 2577; x_wconf 82' lang='grc'><strong>«</strong></span> <span class='ocrx_word' id='word_1_255' title='bbox 3442 2513 3735 2585; x_wconf 81' lang='lat' dir='ltr'><strong><em>Judaeis</em></strong></span> <span class='ocrx_word' id='word_1_256' title='bbox 3800 2511 3986 2583; x_wconf 90' lang='lat' dir='ltr'><strong><em>omni·</em></strong></span> 
     </span>
     <span class='ocr_line' id='line_1_51' title="bbox 2516 2631 4053 2744; baseline -0.005 -40"><span class='ocrx_word' id='word_1_257' title='bbox 2516 2634 2663 2705; x_wconf 88' lang='lat' dir='ltr'><strong><em>bus</em></strong></span> <span class='ocrx_word' id='word_1_258' title='bbox 2750 2631 3214 2707; x_wconf 91' lang='lat' dir='ltr'><strong><em>communia</em></strong></span> <span class='ocrx_word' id='word_1_259' title='bbox 3266 2634 3508 2704; x_wconf 89' lang='lat' dir='ltr'><strong><em>erant</em></strong></span> <span class='ocrx_word' id='word_1_260' title='bbox 3586 2634 4053 2744; x_wconf 29' lang='lat' dir='ltr'><strong><em>Sacramenss-</em></strong></span> 
     </span>
     <span class='ocr_line' id='line_1_52' title="bbox 2519 2745 4055 2857; baseline -0.01 -33"><span class='ocrx_word' id='word_1_261' title='bbox 2519 2756 2626 2834; x_wconf 89' lang='lat' dir='ltr'><strong><em>ta,</em></strong></span> <span class='ocrx_word' id='word_1_262' title='bbox 2665 2750 2796 2823; x_wconf 91' lang='lat' dir='ltr'><strong><em>sed</em></strong></span> <span class='ocrx_word' id='word_1_263' title='bbox 2828 2770 2989 2822; x_wconf 91' lang='lat' dir='ltr'><strong><em>non</em></strong></span> <span class='ocrx_word' id='word_1_264' title='bbox 3030 2748 3484 2823; x_wconf 90' lang='lat' dir='ltr'><strong><em>communis</em></strong></span> <span class='ocrx_word' id='word_1_265' title='bbox 3533 2749 3708 2821; x_wconf 88' lang='lat' dir='ltr'><strong><em>erat</em></strong></span> <span class='ocrx_word' id='word_1_266' title='bbox 3749 2745 4055 2857; x_wconf 41' lang='lat' dir='ltr'><strong><em>gratiae}</em></strong></span> 
     </span>
     <span class='ocr_line' id='line_1_53' title="bbox 2518 2836 4038 2961; baseline -0.002 -22"><span class='ocrx_word' id='word_1_267' title='bbox 2518 2889 2689 2961; x_wconf 76' lang='lat' dir='ltr'><strong><em>quae</em></strong></span> <span class='ocrx_word' id='word_1_268' title='bbox 2755 2870 2879 2941; x_wconf 89' lang='lat' dir='ltr'><strong><em>est</em></strong></span> <span class='ocrx_word' id='word_1_269' title='bbox 2946 2866 3215 2940; x_wconf 82' lang='lat' dir='ltr'><strong><em>virtus</em></strong></span> <span class='ocrx_word' id='word_1_270' title='bbox 3286 2836 4038 2939; x_wconf 54' lang='lat' dir='ltr'><strong><em>SacramentorumzR</em></strong></span> 
     </span>
     <span class='ocr_line' id='line_1_54' title="bbox 2519 2963 4060 3074; baseline -0.008 -17"><span class='ocrx_word' id='word_1_271' title='bbox 2519 2985 2633 3059; x_wconf 89' lang='lat' dir='ltr'><strong><em>ita</em></strong></span> <span class='ocrx_word' id='word_1_272' title='bbox 2681 2990 2762 3058; x_wconf 92' lang='lat' dir='ltr'><strong><em>et</em></strong></span> <span class='ocrx_word' id='word_1_273' title='bbox 2820 3004 3029 3057; x_wconf 91' lang='lat' dir='ltr'><strong><em>nunc</em></strong></span> <span class='ocrx_word' id='word_1_274' title='bbox 3080 2983 3548 3074; x_wconf 84' lang='lat' dir='ltr'><strong><em>Baptismus</em></strong></span> <span class='ocrx_word' id='word_1_275' title='bbox 3605 2976 3987 3055; x_wconf 81' lang='lat' dir='ltr'><strong><em>communis</em></strong></span> <span class='ocrx_word' id='word_1_276' title='bbox 4037 2963 4060 2995; x_wconf 68' lang='lat'><strong><em>²¹</em></strong></span> 
     </span>
     <span class='ocr_line' id='line_1_55' title="bbox 2517 3096 3989 3194; baseline -0.008 -20"><span class='ocrx_word' id='word_1_277' title='bbox 2517 3105 2642 3175; x_wconf 89' lang='lat' dir='ltr'><strong><em>est</em></strong></span> <span class='ocrx_word' id='word_1_278' title='bbox 2713 3100 3082 3173; x_wconf 90' lang='lat' dir='ltr'><strong><em>omnibus</em></strong></span> <span class='ocrx_word' id='word_1_279' title='bbox 3159 3098 3617 3194; x_wconf 85' lang='lat' dir='ltr'><strong><em>baptizatis,</em></strong></span> <span class='ocrx_word' id='word_1_280' title='bbox 3693 3096 3815 3169; x_wconf 86' lang='lat' dir='ltr'><strong><em>sed</em></strong></span> <span class='ocrx_word' id='word_1_281' title='bbox 3878 3112 3989 3165; x_wconf 89' lang='lat' dir='ltr'><strong><em>non</em></strong></span> 
     </span>
     <span class='ocr_line' id='line_1_56' title="bbox 2513 3215 3990 3310; baseline -0.005 -21"><span class='ocrx_word' id='word_1_282' title='bbox 2513 3219 2781 3292; x_wconf 82' lang='lat' dir='ltr'><strong><em>virtus</em></strong></span> <span class='ocrx_word' id='word_1_283' title='bbox 2841 3217 3268 3310; x_wconf 88' lang='lat' dir='ltr'><strong><em>Baptismi,</em></strong></span> <span class='ocrx_word' id='word_1_284' title='bbox 3329 3216 3401 3288; x_wconf 91' lang='lat' dir='ltr'><strong><em>id</em></strong></span> <span class='ocrx_word' id='word_1_285' title='bbox 3434 3219 3584 3297; x_wconf 85' lang='lat' dir='ltr'><strong><em>est,</em></strong></span> <span class='ocrx_word' id='word_1_286' title='bbox 3652 3215 3819 3308; x_wconf 86' lang='lat' dir='ltr'><strong><em>ipsa</em></strong></span> <span class='ocrx_word' id='word_1_287' title='bbox 3865 3231 3990 3304; x_wconf 80' lang='lat' dir='ltr'><strong><em>gra·</em></strong></span> 
     </span>
     <span class='ocr_line' id='line_1_57' title="bbox 2515 3331 3993 3426; baseline -0.009 -17"><span class='ocrx_word' id='word_1_288' title='bbox 2515 3336 2633 3409; x_wconf 87' lang='lat' dir='ltr'><strong><em>tia</em></strong></span> <span class='ocrx_word' id='word_1_289' title='bbox 2688 3363 2753 3404; x_wconf 70' lang='grc' dir='ltr'><strong><em>ιο.</em></strong></span> <span class='ocrx_word' id='word_1_290' title='bbox 2831 3337 3082 3408; x_wconf 87' lang='lat' dir='ltr'><strong><em>Item:</em></strong></span> <span class='ocrx_word' id='word_1_291' title='bbox 3126 3364 3154 3398; x_wconf 68' lang='grc' dir='ltr'><strong>α</strong></span> <span class='ocrx_word' id='word_1_292' title='bbox 3201 3333 3481 3409; x_wconf 92' lang='lat' dir='ltr'><strong><em>Omnis</em></strong></span> <span class='ocrx_word' id='word_1_293' title='bbox 3514 3331 3647 3426; x_wconf 90' lang='lat' dir='ltr'><strong><em>qui</em></strong></span> <span class='ocrx_word' id='word_1_294' title='bbox 3682 3332 3840 3425; x_wconf 87' lang='lat' dir='ltr'><strong><em>jam</em></strong></span> <span class='ocrx_word' id='word_1_295' title='bbox 3878 3345 3993 3399; x_wconf 82' lang='lat' dir='ltr'><strong><em>suae</em></strong></span> 
     </span>
     <span class='ocr_line' id='line_1_58' title="bbox 2514 3444 3992 3522; baseline -0.001 -2"><span class='ocrx_word' id='word_1_296' title='bbox 2514 3450 2966 3522; x_wconf 86' lang='lat' dir='ltr'><strong><em>voluntatis</em></strong></span> <span class='ocrx_word' id='word_1_297' title='bbox 3007 3447 3323 3521; x_wconf 86' lang='lat' dir='ltr'><strong><em>arbiter</em></strong></span> <span class='ocrx_word' id='word_1_298' title='bbox 3364 3447 3847 3520; x_wconf 87' lang='lat' dir='ltr'><strong><em>constitutus</em></strong></span> <span class='ocrx_word' id='word_1_299' title='bbox 3887 3444 3992 3518; x_wconf 80' lang='lat' dir='ltr'><strong><em>est,</em></strong></span> 
     </span>
     <span class='ocr_line' id='line_1_59' title="bbox 2514 3557 3994 3638; baseline -0.007 0"><span class='ocrx_word' id='word_1_300' title='bbox 2514 3586 2698 3638; x_wconf 91' lang='lat' dir='ltr'><strong><em>cum</em></strong></span> <span class='ocrx_word' id='word_1_301' title='bbox 2743 3564 3051 3638; x_wconf 88' lang='lat' dir='ltr'><strong><em>accedit</em></strong></span> <span class='ocrx_word' id='word_1_302' title='bbox 3098 3564 3191 3637; x_wconf 89' lang='lat' dir='ltr'><strong><em>ad</em></strong></span> <span class='ocrx_word' id='word_1_303' title='bbox 3227 3567 3834 3637; x_wconf 87' lang='lat' dir='ltr'><strong><em>Sacramentum</em></strong></span> <span class='ocrx_word' id='word_1_304' title='bbox 3868 3557 3994 3630; x_wconf 85' lang='lat' dir='ltr'><strong><em>fide·</em></strong></span> 
     </span>
     <span class='ocr_line' id='line_1_60' title="bbox 2517 3674 3992 3775; baseline -0.009 -20"><span class='ocrx_word' id='word_1_305' title='bbox 2517 3684 2737 3765; x_wconf 89' lang='lat' dir='ltr'><strong><em>lium,</em></strong></span> <span class='ocrx_word' id='word_1_306' title='bbox 2800 3681 2960 3754; x_wconf 91' lang='lat' dir='ltr'><strong><em>nisi</em></strong></span> <span class='ocrx_word' id='word_1_307' title='bbox 3040 3681 3425 3775; x_wconf 84' lang='lat' dir='ltr'><strong><em>poeniteat</em></strong></span> <span class='ocrx_word' id='word_1_308' title='bbox 3503 3702 3690 3753; x_wconf 89' lang='lat' dir='ltr'><strong><em>eum</em></strong></span> <span class='ocrx_word' id='word_1_309' title='bbox 3752 3674 3992 3749; x_wconf 81' lang='lat' dir='ltr'><strong><em>veteris</em></strong></span> 
     </span>
     <span class='ocr_line' id='line_1_61' title="bbox 2511 3794 4049 3907; baseline -0.009 -37"><span class='ocrx_word' id='word_1_310' title='bbox 2511 3800 2728 3883; x_wconf 86' lang='lat' dir='ltr'><strong><em>vitae,</em></strong></span> <span class='ocrx_word' id='word_1_311' title='bbox 2771 3818 3067 3872; x_wconf 86' lang='lat' dir='ltr'><strong><em>novam</em></strong></span> <span class='ocrx_word' id='word_1_312' title='bbox 3121 3817 3282 3869; x_wconf 91' lang='lat' dir='ltr'><strong><em>non</em></strong></span> <span class='ocrx_word' id='word_1_313' title='bbox 3329 3800 3598 3890; x_wconf 91' lang='lat' dir='ltr'><strong><em>potest</em></strong></span> <span class='ocrx_word' id='word_1_314' title='bbox 3646 3794 4049 3907; x_wconf 40' lang='lat' dir='ltr'><strong><em>inchoaret-</em></strong></span> 
     </span>
     <span class='ocr_line' id='line_1_62' title="bbox 2510 3911 4033 4031; baseline -0.008 -40"><span class='ocrx_word' id='word_1_315' title='bbox 2510 3917 2628 3991; x_wconf 86' lang='lat' dir='ltr'><strong><em>Ab</em></strong></span> <span class='ocrx_word' id='word_1_316' title='bbox 2676 3916 2827 3990; x_wconf 88' lang='lat' dir='ltr'><strong><em>hac</em></strong></span> <span class='ocrx_word' id='word_1_317' title='bbox 2881 3914 3376 4009; x_wconf 85' lang='lat' dir='ltr'><strong><em>poenitentia,</em></strong></span> <span class='ocrx_word' id='word_1_318' title='bbox 3420 3933 3606 3987; x_wconf 90' lang='lat' dir='ltr'><strong><em>cum</em></strong></span> <span class='ocrx_word' id='word_1_319' title='bbox 3654 3911 4033 4031; x_wconf 70' lang='lat' dir='ltr'><strong><em>baptizan-I</em></strong></span> 
     </span>
     <span class='ocr_line' id='line_1_63' title="bbox 2510 4029 3986 4126; baseline -0.007 -20"><span class='ocrx_word' id='word_1_320' title='bbox 2510 4036 2672 4117; x_wconf 89' lang='lat' dir='ltr'><strong><em>tur,</em></strong></span> <span class='ocrx_word' id='word_1_321' title='bbox 2728 4034 2881 4106; x_wconf 91' lang='lat' dir='ltr'><strong><em>soli</em></strong></span> <span class='ocrx_word' id='word_1_322' title='bbox 2926 4032 3245 4126; x_wconf 88' lang='lat' dir='ltr'><strong><em>parvuli</em></strong></span> <span class='ocrx_word' id='word_1_323' title='bbox 3302 4032 3698 4104; x_wconf 90' lang='lat' dir='ltr'><strong><em>immunes</em></strong></span> <span class='ocrx_word' id='word_1_324' title='bbox 3749 4029 3907 4102; x_wconf 88' lang='lat' dir='ltr'><strong><em>sunt</em></strong></span> <span class='ocrx_word' id='word_1_325' title='bbox 3948 4053 3986 4089; x_wconf 75' lang='lat'><strong><em>»-</em></strong></span> 
     </span>
     <span class='ocr_line' id='line_1_64' title="bbox 2510 4146 3988 4242; baseline -0.008 -19"><span class='ocrx_word' id='word_1_326' title='bbox 2510 4151 2656 4224; x_wconf 87' lang='lat' dir='ltr'><strong><em>His</em></strong></span> <span class='ocrx_word' id='word_1_327' title='bbox 2745 4150 3088 4242; x_wconf 89' lang='lat' dir='ltr'><strong><em>aliisque</em></strong></span> <span class='ocrx_word' id='word_1_328' title='bbox 3185 4149 3685 4223; x_wconf 89' lang='lat' dir='ltr'><strong><em>testimoniis</em></strong></span> <span class='ocrx_word' id='word_1_329' title='bbox 3769 4146 3988 4238; x_wconf 79' lang='lat' dir='ltr'><strong><em>aperte</em></strong></span> 
     </span>
     <span class='ocr_line' id='line_1_65' title="bbox 2510 4266 3985 4354; baseline -0.007 -13"><span class='ocrx_word' id='word_1_330' title='bbox 2510 4268 2989 4349; x_wconf 86' lang='lat' dir='ltr'><strong><em>ostenditur,</em></strong></span> <span class='ocrx_word' id='word_1_331' title='bbox 3036 4267 3331 4341; x_wconf 90' lang='lat' dir='ltr'><strong><em>adultis</em></strong></span> <span class='ocrx_word' id='word_1_332' title='bbox 3382 4266 3557 4339; x_wconf 91' lang='lat' dir='ltr'><strong><em>sine</em></strong></span> <span class='ocrx_word' id='word_1_333' title='bbox 3603 4266 3748 4339; x_wconf 88' lang='lat' dir='ltr'><strong><em>fide</em></strong></span> <span class='ocrx_word' id='word_1_334' title='bbox 3777 4267 3845 4338; x_wconf 88' lang='lat' dir='ltr'><strong><em>et</em></strong></span> <span class='ocrx_word' id='word_1_335' title='bbox 3882 4281 3985 4354; x_wconf 76' lang='lat' dir='ltr'><strong><em>poe-</em></strong></span> 
     </span>
     <span class='ocr_line' id='line_1_66' title="bbox 2505 4385 3986 4477; baseline -0.009 -18"><span class='ocrx_word' id='word_1_336' title='bbox 2505 4387 2854 4461; x_wconf 89' lang='lat' dir='ltr'><strong><em>nitentia</em></strong></span> <span class='ocrx_word' id='word_1_337' title='bbox 2906 4405 3190 4458; x_wconf 82' lang='lat' dir='ltr'><strong><em>veram</em></strong></span> <span class='ocrx_word' id='word_1_338' title='bbox 3270 4386 3347 4456; x_wconf 92' lang='lat' dir='ltr'><strong><em>in</em></strong></span> <span class='ocrx_word' id='word_1_339' title='bbox 3398 4385 3814 4477; x_wconf 82' lang='lat' dir='ltr'><strong><em>Baptismo</em></strong></span> <span class='ocrx_word' id='word_1_340' title='bbox 3873 4395 3986 4450; x_wconf 86' lang='lat' dir='ltr'><strong><em>non</em></strong></span> 
     </span>
     <span class='ocr_line' id='line_1_67' title="bbox 2504 4492 3987 4594; baseline -0.008 -18"><span class='ocrx_word' id='word_1_341' title='bbox 2504 4502 2866 4577; x_wconf 87' lang='lat' dir='ltr'><strong><em>conferri</em></strong></span> <span class='ocrx_word' id='word_1_342' title='bbox 2898 4501 3256 4594; x_wconf 85' lang='lat' dir='ltr'><strong><em>gratiam</em></strong></span> <span class='ocrx_word' id='word_1_343' title='bbox 3291 4500 3823 4578; x_wconf 84' lang='lat' dir='ltr'><strong><em>remissionis,</em></strong></span> <span class='ocrx_word' id='word_1_344' title='bbox 3854 4492 3987 4589; x_wconf 80' lang='lat' dir='ltr'><strong><em>qnia</em></strong></span> 
     </span>
     <span class='ocr_line' id='line_1_68' title="bbox 2506 4609 3990 4713; baseline -0.007 -22"><span class='ocrx_word' id='word_1_345' title='bbox 2506 4640 2649 4694; x_wconf 90' lang='lat' dir='ltr'><strong><em>nec</em></strong></span> <span class='ocrx_word' id='word_1_346' title='bbox 2721 4618 3081 4713; x_wconf 87' lang='lat' dir='ltr'><strong><em>parvulis</em></strong></span> <span class='ocrx_word' id='word_1_347' title='bbox 3127 4615 3321 4692; x_wconf 78' lang='lat' dir='ltr'><strong><em>sine.</em></strong></span> <span class='ocrx_word' id='word_1_348' title='bbox 3355 4617 3503 4690; x_wconf 89' lang='lat' dir='ltr'><strong><em>fide</em></strong></span> <span class='ocrx_word' id='word_1_349' title='bbox 3566 4617 3841 4696; x_wconf 85' lang='lat' dir='ltr'><strong><em>aliena,</em></strong></span> <span class='ocrx_word' id='word_1_350' title='bbox 3896 4609 3990 4703; x_wconf 86' lang='lat' dir='ltr'><strong><em>qui</em></strong></span> 
     </span>
     <span class='ocr_line' id='line_1_69' title="bbox 2507 4732 3992 4829; baseline -0.007 -23"><span class='ocrx_word' id='word_1_351' title='bbox 2507 4735 2927 4829; x_wconf 88' lang='lat' dir='ltr'><strong><em>propriam</em></strong></span> <span class='ocrx_word' id='word_1_352' title='bbox 2993 4734 3289 4807; x_wconf 86' lang='lat' dir='ltr'><strong><em>habere</em></strong></span> <span class='ocrx_word' id='word_1_353' title='bbox 3334 4737 3768 4825; x_wconf 86' lang='lat' dir='ltr'><strong><em>nequeunt,</em></strong></span> <span class='ocrx_word' id='word_1_354' title='bbox 3810 4732 3992 4804; x_wconf 78' lang='lat' dir='ltr'><strong><em>datur</em></strong></span> 
     </span>
     <span class='ocr_line' id='line_1_70' title="bbox 2506 4850 3989 4945; baseline -0.009 -20"><span class='ocrx_word' id='word_1_355' title='bbox 2506 4853 2585 4927; x_wconf 92' lang='lat' dir='ltr'><strong><em>in</em></strong></span> <span class='ocrx_word' id='word_1_356' title='bbox 2626 4850 3050 4945; x_wconf 90' lang='lat' dir='ltr'><strong><em>Baptismo</em></strong></span> <span class='ocrx_word' id='word_1_357' title='bbox 3086 4850 3493 4923; x_wconf 84' lang='lat' dir='ltr'><strong><em>remissio.</em></strong></span> <span class='ocrx_word' id='word_1_358' title='bbox 3534 4851 3621 4925; x_wconf 91' lang='lat' dir='ltr'><strong><em>Si</em></strong></span> <span class='ocrx_word' id='word_1_359' title='bbox 3656 4850 3821 4942; x_wconf 86' lang='lat' dir='ltr'><strong><em>quis</em></strong></span> <span class='ocrx_word' id='word_1_360' title='bbox 3847 4861 3989 4935; x_wconf 82' lang='lat' dir='ltr'><strong><em>ergo</em></strong></span> 
     </span>
     <span class='ocr_line' id='line_1_71' title="bbox 2506 4965 3987 5049; baseline -0.009 -7"><span class='ocrx_word' id='word_1_361' title='bbox 2506 4969 2690 5042; x_wconf 86' lang='lat' dir='ltr'><strong><em>ficte</em></strong></span> <span class='ocrx_word' id='word_1_362' title='bbox 2761 4966 3117 5049; x_wconf 87' lang='lat' dir='ltr'><strong><em>accedat,</em></strong></span> <span class='ocrx_word' id='word_1_363' title='bbox 3178 4986 3337 5039; x_wconf 89' lang='lat' dir='ltr'><strong><em>non</em></strong></span> <span class='ocrx_word' id='word_1_364' title='bbox 3402 4965 3712 5039; x_wconf 87' lang='lat' dir='ltr'><strong><em>habens</em></strong></span> <span class='ocrx_word' id='word_1_365' title='bbox 3774 4978 3987 5036; x_wconf 75' lang='lat' dir='ltr'><strong><em>veram</em></strong></span> 
     </span>
     <span class='ocr_line' id='line_1_72' title="bbox 2506 5082 3987 5165; baseline -0.008 -5"><span class='ocrx_word' id='word_1_366' title='bbox 2506 5084 2775 5160; x_wconf 88' lang='lat' dir='ltr'><strong><em>cordis</em></strong></span> <span class='ocrx_word' id='word_1_367' title='bbox 2870 5082 3479 5165; x_wconf 88' lang='lat' dir='ltr'><strong><em>contritionem,</em></strong></span> <span class='ocrx_word' id='word_1_368' title='bbox 3591 5087 3987 5158; x_wconf 86' lang='lat' dir='ltr'><strong><em>Sacramen-</em></strong></span> 
     </span>
     <span class='ocr_line' id='line_1_73' title="bbox 2507 5199 3985 5293; baseline -0.01 -17"><span class='ocrx_word' id='word_1_369' title='bbox 2507 5207 2683 5276; x_wconf 89' lang='lat' dir='ltr'><strong><em>tum</em></strong></span> <span class='ocrx_word' id='word_1_370' title='bbox 2716 5200 2889 5273; x_wconf 89' lang='lat' dir='ltr'><strong><em>sine</em></strong></span> <span class='ocrx_word' id='word_1_371' title='bbox 2932 5220 3018 5272; x_wconf 90' lang='lat' dir='ltr'><strong><em>re</em></strong></span> <span class='ocrx_word' id='word_1_372' title='bbox 3051 5199 3373 5293; x_wconf 90' lang='lat' dir='ltr'><strong><em>accipit.</em></strong></span> <span class='ocrx_word' id='word_1_373' title='bbox 3408 5199 3755 5274; x_wconf 90' lang='lat' dir='ltr'><strong><em>Videtur</em></strong></span> <span class='ocrx_word' id='word_1_374' title='bbox 3783 5205 3985 5272; x_wconf 79' lang='lat' dir='ltr'><strong><em>tamen</em></strong></span> 
     </span>
     <span class='ocr_line' id='line_1_74' title="bbox 2507 5313 3981 5410; baseline -0.01 -19"><span class='ocrx_word' id='word_1_375' title='bbox 2507 5317 3011 5410; x_wconf 85' lang='lat' dir='ltr'><strong><em>Augustinus</em></strong></span> <span class='ocrx_word' id='word_1_376' title='bbox 3116 5316 3407 5396; x_wconf 87' lang='lat' dir='ltr'><strong><em>dicere,</em></strong></span> <span class='ocrx_word' id='word_1_377' title='bbox 3493 5317 3706 5408; x_wconf 91' lang='lat' dir='ltr'><strong><em>quod</em></strong></span> <span class='ocrx_word' id='word_1_378' title='bbox 3801 5313 3981 5387; x_wconf 85' lang='lat' dir='ltr'><strong><em>etiam</em></strong></span> 
     </span>
     <span class='ocr_line' id='line_1_75' title="bbox 2508 5430 3979 5525; baseline -0.008 -18"><span class='ocrx_word' id='word_1_379' title='bbox 2508 5432 2945 5516; x_wconf 88' lang='lat' dir='ltr'><strong><em>accedenti,</em></strong></span> <span class='ocrx_word' id='word_1_380' title='bbox 2993 5432 3127 5525; x_wconf 89' lang='lat' dir='ltr'><strong><em>qui</em></strong></span> <span class='ocrx_word' id='word_1_381' title='bbox 3183 5432 3432 5505; x_wconf 84' lang='lat' dir='ltr'><strong><em>etia-m</em></strong></span> <span class='ocrx_word' id='word_1_382' title='bbox 3485 5432 3732 5507; x_wconf 85' lang='lat' dir='ltr'><strong><em>habet</em></strong></span> <span class='ocrx_word' id='word_1_383' title='bbox 3786 5430 3979 5504; x_wconf 83' lang='lat' dir='ltr'><strong><em>odium</em></strong></span> 
     </span>
    </p>
   </div>
   <div class='ocr_carea' id='block_1_17' title="bbox 2510 5548 3979 5641">
    <p class='ocr_par' dir='ltr' id='par_1_17' title="bbox 2510 5548 3979 5641">
     <span class='ocr_line' id='line_1_76' title="bbox 2510 5548 3979 5641; baseline -0.005 -15"><span class='ocrx_word' id='word_1_384' title='bbox 2510 5553 2996 5633; x_wconf 87' lang='lat' dir='ltr'><strong><em>fraternum,</em></strong></span> <span class='ocrx_word' id='word_1_385' title='bbox 3043 5549 3125 5621; x_wconf 93' lang='lat' dir='ltr'><strong><em>in</em></strong></span> <span class='ocrx_word' id='word_1_386' title='bbox 3170 5548 3347 5641; x_wconf 92' lang='lat' dir='ltr'><strong><em>ipso</em></strong></span> <span class='ocrx_word' id='word_1_387' title='bbox 3402 5553 3833 5630; x_wconf 89' lang='lat' dir='ltr'><strong><em>momento,</em></strong></span> <span class='ocrx_word' id='word_1_388' title='bbox 3876 5558 3979 5635; x_wconf 86' lang='lat' dir='ltr'><strong><em>quo</em></strong></span> 
     </span>
    </p>
   </div>
   <div class='ocr_carea' id='block_1_18' title="bbox 3999 1712 4084 3057">
    <p class='ocr_par' dir='ltr' id='par_1_18' title="bbox 3999 1712 4084 3057">
     <span class='ocr_line' id='line_1_77' title="bbox 4002 1712 4084 2314; baseline 0 -291"><span class='ocrx_word' id='word_1_389' title='bbox 4002 1712 4084 2314; x_wconf 95' lang='lat' dir='ltr'><strong><em>         </em></strong></span> 
     </span>
     <span class='ocr_line' id='line_1_78' title="bbox 3999 2314 4084 2689; baseline 0 0"><span class='ocrx_word' id='word_1_390' title='bbox 3999 2314 4084 2689; x_wconf 95' lang='lat' dir='ltr'><strong><em>  </em></strong></span> 
     </span>
     <span class='ocr_line' id='line_1_79' title="bbox 4043 2689 4084 3057; baseline 0 -110"><span class='ocrx_word' id='word_1_391' title='bbox 4043 2689 4084 3057; x_wconf 95' lang='lat' dir='ltr'><strong><em>     </em></strong></span> 
     </span>
    </p>
   </div>
  </div>
 </body>
</html>
