4255 6375
827 358 945 425 352

814 537 1267 596 consummata
1296 540 1394 597 est
1424 528 1785 615 redemptio
1823 531 2089 617 generis
2141 535 2367 600 huma-

819 640 909 721 ni,
960 653 1023 709 et
1093 643 1243 712 finis
1318 647 1643 716 adventus
1710 649 1958 717 Christi
2041 649 2108 716 in
2175 670 2372 718 carne

530 834 656 883 'lem
691 846 750 880 us
825 757 1142 841 passibili.
1189 760 1586 848 Intelligitur
1653 761 1735 829 de
1800 765 2372 832 consummatione

478 848 1016 957 consmiima-legis
1052 888 1368 961 quantum
1407 878 1485 944 ad
1529 878 1846 947 sacrificia
1878 893 1940 947 et
1981 880 2367 961 oblationeS,

583 959 693 1085 effi
827 1007 975 1072 quoe
1016 986 1385 1077 figurabant
1419 1005 1692 1062 mortem
1725 997 1991 1078 Christi,
2029 997 2374 1065 confirma-

511 1082 763 1197 qffintfflo
825 1103 1069 1169 tionem
1127 1107 1508 1191 Sacerdotii,
1587 1126 1652 1178 et
1718 1113 2117 1180 Testamenti
2188 1113 2370 1195 novi,

826 1238 943 1302 per
1000 1233 1273 1289 mortem
1326 1226 1679 1308 testatoriS,
1751 1240 1814 1293 et
1884 1228 2213 1314 completa
2253 1247 2373 1295 an·-

826 1332 1185 1420 tiquatione
1236 1341 1475 1425 prioris
1523 1343 1949 1425 tabernaculi,
1995 1347 2371 1411 Testamen-

813 1448 862 1512 ti
950 1462 1013 1515 et
1087 1454 1451 1522 Sacerdotii
1540 1457 1874 1539 Aaronici,
1977 1458 2209 1525 saltem
2309 1458 2374 1525 in

813 1581 1054 1645 causa3
1125 1580 1191 1634 et
1239 1567 1317 1636 de
1397 1571 1500 1638 his
1554 1573 1843 1658 loquitur
1903 1576 2167 1655 PauluS,
2237 1596 2365 1642 non

814 1693 1033 1748 autem
1104 1689 1318 1772 quoad
1403 1690 1687 1779 singula,
1780 1693 1968 1781 quasi
2029 1707 2167 1761 tum
2239 1696 2375 1783 pri-

816 1816 998 1864 mum
1057 1800 1321 1888 impleta
1381 1820 1601 1873 essent
1659 1811 1880 1875 omnia
1948 1810 2016 1875 in
2079 1811 2227 1898 lege
2260 1812 2373 1878 da-

821 1921 908 1990 ta,
972 1934 1121 2002 quae
1187 1919 1459 2002 sensim,
1540 1933 1604 1988 et
1670 1945 1982 1992 successu
2057 1927 2376 2013 temporis

822 2027 1173 2118 adimpleta
1241 2049 1397 2103 sunt
1469 2040 1864 2108 adveniente
1932 2040 2237 2123 veritate,
2314 2056 2377 2110 et

828 2148 1170 2233 completis
1221 2154 1577 2239 mysteriis,

476 2285 798 2406 Ιιθιίῗᾷυείὶ,
914 2264 1007 2329 Ad
1077 2266 1354 2352 primam
1419 2277 1978 2361 consequentiam’
2074 2292 2376 2366 negatur»

513 2408 638 2460 etsi
674 2410 776 2483 ἃμ-
830 2379 982 2470 quia
1048 2401 1177 2448 non
1217 2397 1318 2451 est
1358 2389 1795 2457 necessarium
1856 2404 1927 2459 ut
1974 2393 2077 2460 lex
2127 2409 2385 2465 maneat

501 2472 640 2538 ‘1⁰⁰⁶
673 2472 782 2537 ΨΒ
833 2489 1044 2575 quoad
1108 2493 1327 2559 omnia
1410 2509 1757 2583 praecepta,
1829 2512 1893 2565 et
1939 2501 2225 2589 singula,
2298 2505 2379 2570 ad

510 2550 641 2586 roece
677 2541 786 2584 tum

473 2551 797 2725 Ϊῂνῇῑέἕῖξιω
831 2605 953 2673 hoc
1013 2620 1081 2675 ut
1139 2610 1244 2677 lex
1298 2612 1683 2701 simpliciter
1759 2638 2022 2687 manere
2079 2620 2372 2702 dicatur;

823 2735 1037 2811 potest
1076 2726 1251 2793 enim
1302 2729 1602 2818 derogari
1653 2732 1720 2799 in
1772 2746 1955 2820 parte
1994 2737 2208 2822 quoad
2260 2738 2376 2805 ali-

822 2861 949 2927 qua
981 2856 1307 2923 contenta,
1355 2845 1494 2933 ipsa
1532 2847 1747 2915 adhuc
1779 2865 2122 2933 manente;
2161 2868 2376 2940 potest

816 2958 1027 3042 quoad
1069 2959 1288 3049 aliqua
1309 2964 1674 3051 ‘supposita
1723 2965 1921 3033 etiam
1970 2988 2053 3034 ex
2096 2970 2373 3055 privile-

815 3074 926 3159 gio
992 3076 1309 3165 principis
1372 3079 1700 3175 derogari,
1786 3086 2089 3170 quamvis
2158 3087 2371 3173 quoad

818 3192 1103 3281 reliquos
1146 3212 1430 3266 maneat.
1485 3200 1770 3281 Accedit,
1827 3205 1927 3290 (ut
1997 3204 2169 3271 infra
2200 3205 2375 3272 dice-

823 3309 954 3394 tur)
1012 3313 1182 3397 quod
1227 3334 1436 3402 neque
1465 3315 1570 3383 lex
1612 3338 1802 3401 nova,
1858 3333 1998 3387 tum
2057 3322 2381 3408 complete

821 3422 1018 3489 fuerit
1058 3427 1446 3511 introducta,
1484 3433 1637 3520 quia
1671 3455 1883 3523 neque
1949 3438 2375 3517 resurrectio,

823 3557 1033 3625 neque
1072 3545 1367 3611 ascensio
1432 3548 1711 3628 Domini,
1760 3571 1972 3640 neque
2026 3554 2381 3640 promissio

822 3653 1104 3740 Spiritus
1135 3660 1340 3727 sancti
1373 3661 1559 3741 facta,
1604 3686 1813 3752 neque
1860 3682 2259 3756 praeceptum
2302 3670 2385 3737 de

826 3769 1155 3858 Baptismo
1212 3777 1460 3861 datum,
1517 3801 1729 3870 neque
1769 3784 2153 3870 poenitentia
2203 3787 2387 3855 insti·

825 3897 984 3968 tuta,
1025 3901 1093 3956 ut
1123 3894 1639 3979 Sacramentum,
1689 3919 1902 3988 neque
1937 3903 2250 3970 Ecclesiae
2287 3907 2387 3971 in-

821 4003 1069 4087 stituta,
1116 4007 1283 4076 datis
1316 4011 1614 4080 clavibus
1691 4020 1903 4097 PetrO,
1952 4020 2368 4087 monarchia.

821 4130 964 4197 Non
1025 4142 1238 4216 potest
1274 4157 1433 4223 ergo
1484 4138 1761 4227 intelligi
1817 4141 1922 4208 illa
1972 4164 2389 4213 consumma·

824 4255 916 4322 tio
954 4258 1036 4325 de
1102 4261 1568 4349 adimpletione
1615 4266 1782 4353 legis
1847 4271 2170 4355 completa
2239 4285 2378 4338 tum

831 4370 1021 4455 facta,
1070 4397 1283 4465 neque
1340 4379 1421 4447 de
1477 4383 1893 4451 revocatione
1933 4386 2390 4455 mandatorum

829 4499 996 4586 ejus,
1038 4521 1115 4568 ac
1145 4503 1419 4591 proinde
1448 4512 1920 4594 consequentia
1975 4510 2042 4577 in
2097 4513 2219 4579 hoc
2251 4514 2395 4581 sun-

831 4624 1008 4706 data,
1056 4628 1243 4715 quasi
1303 4650 1593 4719 eousque
1625 4635 1936 4701 manserit
1974 4637 2103 4716 lex,
2161 4649 2226 4705 et
2264 4660 2394 4706 non

837 4750 1123 4837 amplius
1181 4766 1281 4821 est
1340 4756 1543 4825 nulla.

923 4878 1286 4946 Referendo
1351 4882 1548 4948 etiam
1582 4886 2120 4972 consequentiam
2205 4889 2381 4956 illam

833 4999 916 5067 ad
976 5020 1239 5068 causam
1295 5002 1362 5068 in
1414 5025 1540 5092 qua
1635 5005 1971 5088 fundatur,
2036 5009 2117 5076 de
2184 5010 2394 5078 adim-

833 5124 1119 5213 pletione
1185 5128 1353 5217 legis
1402 5141 1464 5196 et
1506 5128 1870 5219 figurarum
1939 5150 2392 5206 consummata

828 5261 1127 5343 veritate,
1191 5264 1573 5350 oppositum
1652 5266 1973 5353 sequitur,
2039 5271 2192 5357 quia
2250 5284 2400 5339 ante

832 5400 1107 5455 mortem
1188 5390 1579 5476 BaptismuS,
1615 5396 1805 5482 cujus
1849 5396 2060 5485 figura
2093 5399 2220 5467 fuit
2250 5399 2396 5466 Cir-

832 5512 1172 5600 cumcisi0,
1243 5527 1380 5583 erat
1437 5516 1782 5588 institutus
1817 5543 1833 5597 ;
1873 5543 2032 5618 ergo
2100 5525 2398 5615 sequitur

1987 432 1994 439 ,
2020 365 2162 430 LlB.
2197 365 2299 429 tv.
2329 364 2928 433 SENTENTIARUM

2479 543 2863 600 evacuatum
2907 530 3111 599 fuisse
3140 544 3545 620 praeceptum
3610 530 3956 599 circumcisi·

2478 648 2625 715 onis
2669 647 3020 735 adimpleta
3051 648 3353 716 veritate.

2558 763 2953 850 Responderi
2988 777 3196 850 potest
3224 764 3419 830 etiam
3453 762 3756 841 secundo,
3787 762 3961 829 intelli·
4010 762 4074 828 ,Ι

2481 881 2550 968 gi
2606 882 3234 948 consummationem
3280 879 3461 967 legis¹
3492 882 3557 945 in
3591 890 3806 959 morte,
3834 880 3961 965 ejus·
3996 946 4016 978 ··.

2484 1017 2612 1084 que
2669 997 3209 1082 permanentiam,
3273 995 3485 1084 quoad
3521 1007 3826 1083 praecepta
3858 1016 3962 1082 quae
4015 983 4030 1098 ‘-

2484 1113 2747 1201 propria
2804 1125 2988 1179 erant
3044 1112 3233 1200 legiS,
3269 1134 3345 1179 eo
3407 1112 3603 1179 modo
3642 1133 3763 1197 quo
3796 1099 4054 1195 supraoe'

2482 1250 2631 1296 cum
2690 1229 3022 1298 communi
3080 1229 3324 1308 schola,
3378 1229 3761 1314 explicatur,
3800 1230 3962 1294 Sacra·
4003 1260 4061 1329 „3

2488 1352 2703 1405 menta
2768 1340 3011 1408 veteris
3077 1338 3242 1425 legis
3308 1357 3440 1403 non
3487 1337 3832 1403 contulisse
3861 1357 3963 1421 gra·
4007 1336 4056 1367 ’“

2483 1454 2665 1534 tiam,
2711 1474 2793 1520 ex
2838 1453 3219 1520 delinitione
3257 1452 3653 1532 Tridentini,
3686 1451 3791 1517 sed
3820 1451 3966 1537 signi·

2484 1569 2715 1636 ficasse
2753 1570 3208 1636 conferendam
3252 1590 3366 1655 per
3392 1568 3754 1643 Christum,
3789 1565 3966 1631 intelli·

2483 1685 2551 1772 gi
2605 1684 2683 1751 de
2747 1686 3210 1765 Sacramentis,
3273 1705 3422 1771 quae
3507 1695 3700 1750 erant
3777 1683 3970 1769 proprie

2485 1802 2664 1869 illius
2721 1802 2888 1889 legis
2940 1823 3068 1869 non
3117 1813 3337 1868 autem
3384 1799 3464 1867 de
3494 1798 3969 1875 Circumcisione,

2487 1931 2597 1986 aut
2644 1919 2933 1985 remedio
2972 1918 3138 2005 legis
3186 1931 3460 1995 naturae,
3497 1936 3652 2003 quae
3680 1927 3973 1982 erantante

2487 2035 2726 2123 legem.
2822 2035 3002 2102 Unde
3085 2035 3354 2101 Levitici
3427 2037 3533 2100 12.
3617 2031 3975 2099 continuatur

2491 2163 2889 2236 praeceptum
2920 2150 2999 2216 de
3031 2147 3565 2225 circumcisione,
3614 2144 3866 2212 Genesis
3900 2147 3971 2208 l'a.

2491 2265 2714 2333 datum
2747 2277 3055 2352 tanquam
3088 2264 3303 2331 soedus
3335 2263 3812 2349 sempiternum
3841 2260 3984 2325 Abra-

2490 2384 2619 2463 hae,
2657 2395 2721 2449 et
2758 2381 2995 2449 semini
3045 2383 3215 2470 ejus.
3262 2381 3426 2446 Hinc
3453 2380 3742 2445 Ioannis
3772 2380 3828 2443 7.
3864 2375 4019 2450 dici·

2490 2511 2597 2565 tur
2634 2497 3054 2565 circumcisio
3085 2518 3229 2564 esse
3257 2517 3340 2562 ex
3371 2494 3673 2561 Patribus
3703 2506 3765 2560 et
3799 2512 3904 2557 non
3931 2509 3981 2554 ex
4011 2583 4015 2590 .

2489 2618 2732 2703 Moyse,
2776 2629 2840 2682 et
2880 2615 3019 2681 loco
3050 2615 3246 2681 citato
3285 2612 3365 2679 ad
3399 2616 3727 2678 Romanos
3765 2616 3826 2678 3.
3859 2610 3972 2675 Cre·
4011 2599 4042 2710 .'

2485 2733 2631 2799 dica
2677 2733 2885 2817 fuisse
2950 2732 3214 2818 eloquia
3286 2731 3409 2795 Dei
3487 2725 3969 2795 circumcisioni,

2485 2847 2657 2935 quod
2724 2847 3036 2935 supponit
3086 2846 3560 2933 obligationem
3618 2841 3973 2912 Circumcisi·

2485 2965 2630 3031 onis
2663 2965 3118 3051 praecessisse;
3158 2976 3485 3031 retentum
3526 2978 3746 3030 autem
3775 2979 3900 3027 esse
3929 2958 3971 3021 in

2488 3082 2655 3169 lege,
2741 3102 2868 3148 non
2928 3103 3009 3149 ex
3098 3092 3424 3168 praecepto
3479 3082 3740 3168 proprio
3795 3075 3975 3164 ipsius,

2486 3201 2658 3287 quod
2729 3201 3170 3267 frustraneum
3238 3212 3413 3266 esset
3481 3199 3699 3284 priore
3747 3192 3978 3262 nondum

2487 3328 2814 3383 revocato.
2866 3320 2984 3384 Per
3020 3318 3148 3383 hoc
3198 3316 3519 3403 intelligo,
3584 3313 3757 3402 quod
3836 3327 3982 3396 supra

2485 3431 2721 3497 asserit
2780 3436 3031 3511 Doctor,
3098 3432 3300 3496 fuisse
3366 3429 3815 3496 confirmatam
3884 3425 3989 3489 Cir·

2486 3547 2955 3614 cumcisionem
2989 3546 3051 3611 in
3086 3546 3255 3633 lege,
3291 3546 3447 3633 quia
3482 3566 3716 3632 nempe
3746 3543 3800 3610 ei
3828 3538 3981 3608 credi·

2487 3674 2549 3730 ta
2606 3677 2706 3729 est
2746 3663 2851 3729 let
2884 3673 2946 3727 et
2993 3661 3253 3749 eloquia
3293 3663 3439 3741 Dei;
3491 3667 3705 3748 potuit
3742 3655 3976 3743 ergolet

2493 3800 2854 3860 remanere,
2900 3778 3239 3846 desinente
3288 3779 3690 3866 obligatione
3747 3778 3980 3844 Circum-

2496 3896 2787 3976 cisioniS,
2834 3917 2915 3962 ex
2956 3906 3282 3983 praecepto
3348 3895 3640 3983 proprio,
3709 3890 3862 3982 quod
3896 3904 3981 3954 non

2501 4011 2622 4078 fuit
2704 4011 2902 4098 legis.

2588 4128 2795 4209 DiceS,
2840 4150 2999 4216 ergo
3039 4129 3144 4197 lex
3178 4150 3306 4240 non
3363 4129 3684 4217 obligaret
3729 4126 3836 4203 sic,
3870 4120 4036 4234 quia

2502 4265 2630 4311 non
2661 4245 2979 4333 obligavit
3020 4246 3143 4312 nisi
3185 4231 3654 4324 circumcisos;
3689 4263 3832 4329 ergo
3865 4200 4036 4303 obli·

2499 4360 2679 4447 gatio
2720 4361 2847 4428 fixa
2877 4361 3046 4449 legis
3080 4362 3389 4448 supponit
3420 4362 3865 4450 obligationem
3888 4353 3981 4418 cir·

2500 4478 2948 4559 cumcisionis,
3037 4479 3242 4545 donec
3310 4478 3416 4545 lex
3479 4490 3829 4545 revocetur.
3895 4472 3981 4534 Re·

2507 4592 2867 4679 spondetur
2953 4592 3257 4680 primos?
3307 4595 3611 4683 negando
3700 4583 3981 4658 secundam

2506 4709 3065 4798 consequentiam,
3137 4710 3240 4775 vel
3264 4709 3297 4795 j]
3319 4729 3464 4775 eam
3533 4695 3978 4796 Ldistinguendm

2510 4828 2731 4915 negari
2774 4827 2950 4894 enim
2992 4838 3204 4913 potest
3242 4839 3544 4912 respectu
3590 4823 3978 4912 baptizatorum

2509 4944 2661 5031 quia
2726 4955 2827 5010 est
2892 4943 2974 5010 de
3019 4943 3315 5031 subjecto
3393 4962 3524 5008 non
3623 4944 3973 5027 supponente,

2509 5061 2661 5148 quia
2702 5080 2913 5148 neque
2954 5060 3057 5125 lex
3143 5059 3460 5145 obligavit
3512 5058 3857 5147 baptizatos,
3899 5042 3973 5133 qui

2508 5178 2803 5245 translati
2845 5190 2999 5245 sunt
3068 5177 3134 5244 in
3166 5178 3378 5265 legem
3412 5198 3651 5244 novam
3697 5194 3797 5262 per
3821 5161 3974 5251 Bapti-
4007 5266 4024 5271 „.
4050 5235 4059 5244 .

2507 5315 2750 5375 smum,
2824 5306 2895 5362 ut
2951 5315 3147 5381 supra
3198 5292 3442 5360 dictum
3494 5307 3614 5382 ¹est
3667 5292 3726 5357 in
3788 5279 3963 5352 confir·

2494 5411 2831 5494 ¹matione;
2879 5431 3009 5477 non
3050 5409 3390 5496 obligavit,
3436 5409 3720 5496 inquam,
3748 5405 3803 5471 in
3827 5410 3965 5466 sensu

2492 5527 2796 5615 figurali,
2880 5527 3034 5618 quia
3099 5526 3316 5594 cultus
3375 5527 3518 5617 ejus
3587 5527 3653 5592 in
3705 5542 3771 5590 eo
3824 5525 3962 5583 sensu
