4255 6375
20 996 187 1046 Ratio
253 999 372 1064 ejus
402 1011 537 1071 Sed
572 1014 693 1071 1100
727 1030 856 1073 non
900 1014 1218 1092 sequitur,
1249 1013 1395 1090 quia
1434 1013 1496 1073 in
1533 1015 1747 1089 primis
1792 1015 1955 1088 petit

142 1075 253 1108 00ss

46 1126 241 1172 oouctu
264 1124 347 1173 tit.

80 1657 247 1706 Patet
277 1671 311 1703 a

99 1719 259 1767 simili
275 1757 289 1770 .

65 4003 329 4052 Crffltura

1639 388 1836 451 ms‘r.
1874 388 1917 449 ι.
1954 387 2315 464 QuAEsrio
2353 388 2395 447 ι.
2521 420 2551 461 χ
3553 376 3631 436 25

393 548 555 624 quia
632 551 1042 612 necessarius
1109 555 1210 611 est
1286 565 1641 611 concursus
1703 548 1818 609 Dei
1863 544 1949 608 ad

392 663 873 742 quodcumque
933 682 1104 736 esse,
1182 670 1248 725 et
1336 682 1485 726 esse
1572 664 1749 742 quod
1810 665 1950 739 ipse

391 778 643 851 astruit,
707 796 856 840 esse
932 782 1279 841 terminum
1354 781 1727 847 creationiS,
1792 784 1855 835 et
1914 798 1945 837 a

396 895 537 954 Deo
597 900 869 965 tantum,
914 895 1156 955 includi
1186 896 1251 955 in
1287 904 1439 956 ente
1489 895 1947 954 determinato.

403 1131 820 1206 principium,
869 1132 1021 1209 quia
1082 1132 1443 1207 propositio
1520 1132 1621 1192 illa
1673 1147 1804 1191 non
1851 1136 1949 1189 est

401 1255 555 1307 nota
582 1264 660 1307 ex
690 1249 1000 1322 terminis,
1048 1266 1266 1326 neque
1302 1265 1419 1326 per
1456 1249 1775 1309 notiorem
1810 1266 1947 1325 pro·

400 1363 619 1433 batur,
670 1367 985 1441 quianon
1043 1365 1434 1435 ostenditur,
1512 1364 1691 1443 quod
1748 1366 1949 1425 virtu,¹

404 1478 669 1539 creandi
707 1479 1085 1555 participata
1133 1496 1263 1539 non
1324 1480 1529 1556 possit
1584 1481 1949 1541 communi-

401 1595 531 1655 cari
585 1602 917 1665 creaturae,
978 1595 1145 1654 sicut
1190 1612 1267 1655 ex
1314 1611 1391 1656 eo
1451 1595 1631 1673 quod
1689 1597 1753 1655 in
1816 1599 1947 1656 Deo

377 1712 478 1771 ,sit
536 1710 765 1778 virtuS,
800 1724 929 1784 qua
960 1705 1341 1768 immediate
1392 1708 1599 1784 possit
1658 1708 1946 1771 educere

399 1822 484 1883 de
530 1824 825 1900 potentia
904 1827 1187 1886 materiae
1232 1826 1594 1902 quamlibet
1678 1824 1948 1887 sormam

397 1938 820 2009 educibilem,
869 1955 1066 2018 quam
1113 1941 1463 2017 potentiam
1499 1941 1697 2003 habet
1743 1944 1946 2019 primo

402 2060 470 2116 et
519 2072 639 2132 per
687 2072 783 2126 39,
862 2074 994 2119 999
1066 2056 1586 2134 participatione.
1655 2060 1792 2119 Non
1851 2076 1950 2119 39·

392 2171 620 2249 quitur
666 2177 883 2232 tamen
935 2172 1092 2248 quin
1146 2172 1383 2232 eadem
1430 2176 1630 2233 virtus
1663 2189 1949 2233 commu·

392 2288 593 2349 nicari
641 2287 848 2367 possit
905 2304 1125 2349 causae
1170 2262 1502 2360 secundae,
1555 2304 1753 2365 quam
1804 2306 1948 2366 par-

394 2407 622 2484 ticipat
652 2426 683 2468 a
721 2407 921 2483 prima
952 2426 967 2480 ;
1004 2410 1070 2465 et
1103 2407 1271 2467 sicut
1318 2408 1491 2467 Deus
1534 2423 1606 2468 se
1665 2409 1804 2470 solo
1840 2426 1948 2484 po-

395 2530 518 2585 test
612 2522 979 2601 producere
1064 2522 1368 2584 effectum
1457 2541 1947 2603 quemcumque

400 2640 811 2719 particularis
859 2655 1096 2711 causoe,
1129 2654 1259 2699 999
1301 2640 1566 2701 involvit
1623 2641 1783 2702 alias
1833 2641 1944 2702 im-

399 2754 901 2833 perfectionem,
955 2753 1125 2833 (quae
1221 2761 1532 2834 argueret
1621 2754 1950 2817 defectum

396 2874 463 2933 in
537 2870 762 2951 causa)
819 2877 886 2932 et
940 2872 1109 2932 hanc
1168 2874 1471 2932 virtutem
1530 2873 1727 2934 habet
1773 2874 1948 2934 Deus

399 2988 610 3065 primo
659 2994 724 3048 et
754 3005 786 3047 a
833 3004 930 3060 se,
964 3002 1096 3049 non
1143 2986 1608 3063 participative,
1658 3004 1803 3048 eam
1853 2994 1946 3049 ta-

396 3122 550 3165 men
584 3107 808 3182 potest
864 3104 1348 3164 communicare
1412 3111 1740 3166 creaturae.
1781 3106 1945 3185 Ergo

393 3225 714 3293 similiter,
758 3223 915 3282 licet
980 3224 1269 3299 potentia
1327 3223 1605 3283 creativa
1678 3224 1760 3283 sit
1832 3225 1947 3284 Dei

395 3339 606 3416 primo
644 3344 709 3400 et
754 3336 1288 3414 independenter
1344 3340 1424 3398 ab
1494 3340 1644 3411 alio,
1678 3357 1808 3401 non
1849 3359 1946 3403 se-

392 3455 618 3532 quitur
670 3456 827 3531 quin
861 3457 1065 3530 possit
1095 3469 1244 3514 esse
1280 3461 1589 3514 creatura,⁸
1636 3471 1753 3530 per
1782 3473 1946 3515 com·

394 3571 932 3641 municationem,
966 3574 1034 3630 et
1078 3571 1528 3647 participative
1570 3591 1601 3629 a
1656 3573 1811 3631 Deo.
1876 3573 1947 3631 Et

396 3687 671 3748 ulterius
764 3686 887 3746 hoc
969 3687 1176 3747 salvat
1271 3686 1709 3772 differentiam
1782 3687 1949 3749 inter

402 3821 547 3866 crea
562 3806 758 3866 tivam
794 3808 1105 3864 creatura}
1138 3807 1203 3863 et
1234 3806 1372 3875 Dei,
1408 3803 1584 3881 quod
1618 3805 1751 3865 baec
1775 3811 1950 3865 esset

401 3921 791 3982 universalis
863 3918 1328 3995 independens
1379 3937 1414 3979 a
1465 3937 1561 3990 se,
1624 3921 1729 3981 illa
1793 3939 1946 3983 vero

74 4062 341 4112 munau„-
402 4036 814 4115 particularis
851 4034 1242 4111 dependens
1289 4041 1355 4095 et
1403 4039 1879 4098 communicata
1913 4057 1947 4099 a

32 4127 87 4175 in
143 4142 262 4173 9339
321 4129 376 4173 et

95 4191 327 4238 actione.

160 5584 247 5636 10.

402 4158 575 4225 Deo;
611 4155 707 4214 sic
756 4153 951 4213 etiam
984 4153 1273 4229 potentia
1320 4153 1613 4214 eductiva
1662 4159 1949 4217 omnium

399 4271 784 4338 formarum,
839 4275 903 4329 et
975 4268 1354 4345 productiva
1426 4272 1716 4331 omnium
1796 4274 1948 4332 effe·

399 4397 652 4458 ctuum,
687 4388 770 4445 ita
805 4389 905 4445 est
937 4385 1136 4446 sotius
1200 4387 1340 4459 Dei,
1375 4391 1445 4445 ut
1477 4390 1947 4451 communicari

399 4509 697 4583 nequeat
748 4510 1077 4572 creaturae,
1112 4501 1279 4562 sicut
1333 4519 1551 4579 neque
1605 4507 1950 4566 continen-

400 4623 483 4682 tia
521 4619 963 4681 eminentialis
996 4623 1062 4678 et
1091 4618 1379 4678 virtualis
1412 4618 1494 4678 ad
1517 4619 1581 4679 id
1616 4622 1947 4698 requisita,

397 4741 481 4802 ob
542 4739 989 4800 limitationem
1049 4741 1147 4800 sui
1209 4755 1379 4812 esse,
1455 4740 1641 4818 cujus
1690 4757 1950 4802 mensu-

395 4874 536 4917 ram
580 4856 881 4932 sequitur
907 4854 1197 4932 potentia
1230 4854 1614 4932 productiva
1675 4858 1819 4935 ejus
1886 4864 1950 4919 et

395 4974 570 5033 actio
607 4990 622 5041 ;
665 4977 881 5031 tamen
956 4974 1475 5032 communicatur
1556 4972 1639 5032 ad
1699 4980 1948 5035 certum

396 5107 617 5171 genus
678 5089 1035 5150 formarum
1095 5092 1162 5150 et
1240 5089 1595 5152 effectuum
1669 5092 1818 5153 huic
1885 5101 1949 5155 et

396 5208 488 5268 itti
523 5223 758 5276 causae,
794 5222 925 5266 non
986 5207 1396 5278 universaliS,
1447 5224 1590 5284 quae
1621 5214 1719 5269 est
1748 5210 1949 5270 solius

398 5324 541 5396 Dei,
589 5322 711 5383 sed
755 5321 1076 5394 limitata3
1139 5338 1296 5400 ergo
1348 5320 1527 5383 idem
1576 5331 1798 5399 posset
1828 5325 1949 5385 dici

403 5440 487 5500 de
519 5441 808 5517 potentia
841 5454 987 5499 crea
1002 5440 1152 5500 tiva.

483 5570 728 5629 Demus
781 5581 939 5647 ergo
1016 5565 1405 5629 adversariis
1464 5584 1582 5630 ens
1650 5568 1949 5631 absolute

2061 554 2578 624 sumptum,esse
2607 547 2953 607 terminum
2978 541 3351 611 creationiS,
3371 553 3597 617 quam-

2060 669 2157 728 vis
2215 674 2504 743 nequeat
2560 667 2791 743 attingi
2860 682 2978 743 per
3036 663 3464 731 creationem,
3537 661 3608 717 ut

2063 784 2408 860 probatum
2468 787 2590 852 est,
2651 782 2771 842 nisi
2843 784 2904 841 in
2954 779 3391 840 determinato
3452 778 3606 835 ente

2066 907 2491 970 contractum,
2544 901 2635 957 sic
2669 900 2790 957 dici
2841 902 3064 974 posset
3100 894 3328 967 attingi
3362 909 3398 952 a
3431 907 3608 951 crea-

2065 1022 2204 1077 tura
2254 1017 2316 1076 in
2376 1017 2497 1075 hoc
2543 1017 2806 1076 limitato
2862 1020 3037 1083 ente,
3093 1028 3225 1071 non
3279 1014 3499 1068 tamen
3547 1007 3614 1066 in

3506 1123 3612 1183 Sic

2058 1251 2229 1327 ignis
2260 1266 2589 1326 generans
2622 1249 2794 1307 hunc
2827 1247 3074 1323 ignem,
3099 1245 3375 1321 generat
3410 1241 3605 1299 etiam

2062 1136 2239 1193 omni
2271 1137 2444 1203 ente,
2503 1135 2650 1209 quia
2706 1131 2797 1189 sic
2860 1135 2958 1189 est
3020 1128 3220 1187 solius
3277 1126 3418 1185 Dei·

2059 1369 2381 1429 rationem
2444 1366 2727 1442 corporis
2773 1362 3217 1429 elementaris,
3252 1366 3322 1419 ut
3362 1359 3426 1416 in
3477 1358 3604 1417 hoe

2063 1484 2216 1563 igne
2252 1491 2374 1553 est,
2410 1500 2539 1541 non
2590 1486 2809 1541 tamen
2858 1477 3011 1539 inde
3062 1475 3382 1553 sequitur,
3429 1471 3610 1550 quod

2066 1602 2269 1678 possit
2321 1601 2643 1673 attingere
2677 1596 2995 1656 rationem
3029 1592 3319 1668 corporis
3349 1591 3414 1649 in
3446 1605 3604 1665 quo-

2064 1731 2350 1793 cumque
2396 1714 2519 1773 atio
2571 1720 2743 1773 ente.
2784 1711 3086 1774 Similiter
3119 1708 3450 1770 diceretur
3497 1722 3607 1781 po-

2065 1834 2335 1894 tentiam
2425 1831 2775 1890 creativam
2859 1833 2927 1889 et
2999 1828 3398 1888 creationem
3458 1840 3606 1884 esse

2060 1950 2264 2011 sotius
2323 1949 2436 2008 Dei
2482 1950 2546 2007 in
2589 1962 2658 2006 ea
2694 1942 3096 2023 perfectione
3149 1946 3215 2003 et
3262 1940 3609 2001 universali

2064 2066 2471 2136 extensione,
2522 2078 2648 2138 qua
2698 2066 2900 2121 totum
2947 2074 3163 2136 genus
3204 2058 3370 2117 entis
3426 2068 3607 2113 com-

2066 2176 2415 2257 prehendit
2455 2177 2633 2255 quod
2682 2176 2886 2252 primo
2949 2179 3015 2234 et
3071 2190 3191 2250 per
3250 2188 3322 2230 se
3398 2174 3612 2246 potest

2063 2296 2416 2359 terminare
2497 2291 2824 2353 actionem
2893 2303 3110 2350 causae
3181 2285 3386 2368 (quod
3463 2283 3610 2344 dico

2066 2416 2333 2491 propter
2403 2413 2768 2486 respectuS,
2859 2413 2924 2468 et
2996 2402 3393 2483 huJusmodi,
3468 2416 3608 2478 qua>

2065 2525 2474 2588 emanatione
2525 2522 2978 2600 producuntur
3016 2538 3097 2582 ex
3157 2520 3609 2597 suppositione

2064 2643 2330 2703 alterius
2381 2643 2584 2717 primo
2622 2637 2969 2717 producti.)
3028 2636 3158 2697 Sed
3217 2652 3436 2714 neque
3487 2636 3608 2695 hoc

2066 2764 2164 2819 est
2212 2764 2440 2819 notum
2497 2756 2742 2817 lumine
2788 2754 3061 2815 naturali
3110 2753 3202 2814 sic
3249 2756 3306 2814 ei
3374 2769 3610 2813 conve-

2061 2880 2227 2943 nire,
2262 2874 2382 2935 sed
2414 2873 2758 2943 creditum,
2794 2880 2864 2933 ut
2912 2888 3115 2945 supra
3159 2869 3405 2930 dictum
3465 2876 3604 2939 est;

2063 3011 2222 3071 ergo
2256 2992 2376 3053 illae
2405 2989 2888 3068 propositiones
2923 3007 2937 3048 :
2973 3005 3081 3049 ens
3105 2986 3387 3048 absolute
3433 3002 3618 3046 sum-

2057 3117 2241 3187 ptum
2273 3115 2358 3171 esc
2389 3111 2704 3168 terminus
2747 3106 3111 3179 creationis,
3170 3107 3234 3163 et
3279 3119 3384 3163 ens
3423 3103 3614 3161 abso-

2060 3227 2194 3286 lute
2222 3230 2548 3301 sumptum
2595 3231 2678 3283 ese
2720 3224 2980 3297 effectus
3043 3222 3175 3292 Dei,
3244 3218 3609 3297 respective

2062 3343 2145 3404 ad
2224 3344 2445 3402 lumen
2505 3340 2829 3410 naturale,
2874 3345 2941 3399 et
2997 3337 3315 3413 principia
3376 3335 3608 3396 tradita

2061 3479 2095 3521 a
2131 3457 2559 3533 philosophis,
2594 3464 2743 3517 sunt
2803 3456 2884 3516 de
2940 3454 3242 3531 subjecto
3277 3471 3408 3514 999
3448 3469 3605 3529 sup-

3687 1717 3797 1766 Non
3827 1714 3898 1764 ita

3718 1780 3880 1829 Deus.

2061 3582 2374 3654 ponente,
2429 3573 2479 3633 si
2524 3573 2873 3648 loquamur
2964 3569 3045 3630 de
3106 3570 3462 3642 creatione,
3534 3574 3607 3630 ut
3705 3637 3708 3638 ⁷

2064 3699 2164 3753 est
2188 3690 2527 3769 productio
2566 3691 2692 3748 tota
2756 3694 2821 3747 et
2873 3686 3086 3747 totalis
3128 3687 3606 3763 cujuscumque

2062 3812 2253 3876 entis,
2285 3824 2360 3867 ac
2414 3804 2689 3882 proinde
2751 3803 2979 3881 nequit
3037 3819 3119 3863 ex
3172 3802 3266 3862 eis
3345 3802 3610 3879 probari

2061 3946 2435 4010 repugnare
2470 3932 2799 3997 creaturae,
2834 3943 3055 4004 neque
3088 3930 3346 3986 constat
3395 3925 3609 3984 termi-

2063 4066 2214 4109 num
2290 4044 2635 4106 creationis
2667 4045 2752 4102 ita
2786 4040 3169 4103 identificari
3218 4041 3608 4118 cuicumque

2063 4167 2221 4232 enti,
2281 4162 2404 4222 nisi
2452 4175 2667 4219 sermo
2748 4157 2831 4216 sit
2916 4154 2997 4216 de
3073 4155 3404 4217 creatione
3478 4156 3607 4217 late

2066 4285 2351 4353 sumpta,
2400 4293 2540 4355 qnae
2585 4291 2717 4335 non
2749 4272 2946 4336 infert
2975 4274 3322 4335 intentum.

2149 4396 2375 4460 Ultimo
2449 4392 2714 4454 tandem
2774 4407 2855 4451 ex
2927 4391 3051 4452 illis
3096 4390 3451 4466 principiis),
3525 4391 3608 4451 ad

3754 4434 3828 4483 11.

2062 4529 2388 4576 summum
2463 4509 2688 4570 haberi
2761 4514 2975 4584 potest
3041 4505 3218 4583 quod
3298 4495 3938 4568 creaturaetnsufficien-

3750 4566 3818 4608 tia

2064 4635 2354 4705 nequeat
2416 4625 2882 4686 communicari
2945 4622 3212 4692 creati0‚
3264 4627 3336 4681 ut
3395 4629 3608 4697 potest
3631 4622 3948 4684 probationis

2064 4746 2416 4807 convenire
2465 4746 2625 4814 Dee,
2714 4755 2957 4815 nempe
3006 4740 3148 4799 sine
3223 4735 3605 4813 dependen-

2062 4864 2146 4924 tia
2205 4866 2270 4920 et
2337 4873 2662 4918 concursu
2711 4855 3187 4931 cujuscumque
3234 4867 3444 4913 causae
3487 4869 3601 4912 ex-

2065 4981 2356 5040 trinsecae
2429 4975 2620 5036 etiam
2693 4971 3094 5042 efficientis:
3183 4987 3317 5031 non
3388 4975 3609 5032 tamen

2062 5098 2380 5175 probatur
2421 5110 2551 5154 non
2598 5108 2792 5169 posse
2857 5089 3318 5150 communicari
3362 5091 3610 5166 princi-

2065 5209 2243 5286 pium
2289 5202 2698 5281 producendi
2741 5201 3271 5279 independenter
3314 5221 3349 5263 a
3401 5210 3606 5266 mate-

2065 5329 2156 5389 ria
2204 5331 2270 5386 et
2324 5323 2647 5402 subJecto,
2685 5322 2767 5382 de
2802 5339 2928 5398 qua
2961 5325 3292 5384 creatione
3345 5324 3608 5400 potissi-

2063 5461 2244 5505 mum
2288 5441 2392 5503 hic
2449 5439 2686 5519 agitur,
2747 5439 3042 5517 quamvis
3110 5440 3220 5503 illa
3267 5440 3604 5519 productio

2065 5572 2242 5632 esset
2298 5569 2494 5629 etiam
2549 5564 2938 5644 dependens
2995 5582 3033 5628 a
3100 5581 3296 5629 causa
3371 5567 3603 5646 prima,

3658 4684 3888 4736 adversae
3900 4725 3912 4737 .
