4255 6375
790 360 903 430 160

790 531 966 617 quod
1013 552 1150 598 non
1198 542 1291 598 est
1325 516 1642 620 ponenda
1681 555 2097 621 qnoeeumque
2126 536 2339 601 virtus

783 651 1325 733 supernaturalis
1355 652 1430 716 in
1460 652 1913 718 Sacramentis
1935 673 2122 717 novoe
2145 653 2332 738 leyis,

785 763 877 828 acl
909 765 1268 831 creandum
1307 770 1597 853 qratiam
1622 793 1646 847 ,·
1684 766 1801 832 sed
1830 770 2003 833 Deus
2033 790 2117 833 ex
2143 781 2339 855 pacto

784 882 925 944 suis
961 883 1212 947 assistit
1255 884 1733 964 Sat-ramentis,
1779 895 1842 949 et
1883 886 1954 950 in
1984 886 2340 951 collatione

782 1016 1056 1062 suorum
1094 1000 1680 1067 Sacramentorum
1716 1023 1840 1087 per
1886 1004 2337 1068 assistentiam

782 1118 1008 1173 causat
1040 1111 1356 1196 qratiam.
1407 1112 1710 1178 Secunda
1741 1114 1976 1199 opinio
2014 1124 2124 1192 est,
2166 1113 2340 1200 quod

784 1224 1219 1292 Sacramenta
1277 1249 1465 1292 novoe
1523 1230 1686 1315 leyis
1742 1240 2185 1315 cooperantur
2249 1230 2341 1296 ad

782 1341 1103 1425 qratiam,
1157 1362 1290 1406 non
1337 1343 1504 1407 sicut
1538 1365 1664 1429 per
1710 1365 1778 1409 se
1825 1366 2050 1431 ayens,
2103 1356 2164 1410 et
2216 1365 2339 1431 per

783 1457 1074 1539 formam
1117 1457 1190 1522 in
1245 1478 1313 1523 se
1369 1460 1780 1540 existentem,
1842 1460 1957 1525 sed
2005 1463 2177 1526 sicut
2227 1463 2337 1527 in-

781 1580 1216 1637 strumentum
1259 1584 1506 1639 motum
1558 1574 1640 1639 ab
1684 1587 1920 1661 (cyente
1955 1598 2081 1661 per
2117 1599 2212 1644 se.
2248 1577 2335 1640 Et

782 1687 888 1751 his
953 1687 1207 1754 duabus
1285 1692 1709 1776 opinionibus
1784 1694 2074 1770 remotis,
2146 1694 2336 1778 ponit

785 1807 1072 1885 tertiam,
1121 1828 1264 1893 quoe
1292 1829 1412 1873 sua
1445 1819 1558 1888 est,
1597 1819 1657 1873 et
1695 1819 1786 1874 est
1828 1811 1982 1874 talis
2033 1835 2052 1874 .·
2094 1811 2333 1875 Sacra

782 1933 1002 1986 menta
1035 1942 1222 1986 nova>
1272 1924 1434 2010 leqis
1473 1924 1790 1990 dicuntur
1818 1947 2016 1990 causa
2063 1928 2328 2012 qratioe,

779 2058 913 2103 non
974 2041 1131 2125 quia
1199 2054 1466 2107 causent
1532 2065 1676 2109 eam
1732 2044 1870 2108 ullo
1929 2044 2120 2109 modo
2183 2046 2335 2130 plus

781 2175 978 2240 quam
1018 2158 1454 2225 Sacramenta
1505 2162 1741 2226 veteris
1782 2162 1970 2247 leqis,
2011 2162 2129 2227 sed
2177 2164 2336 2248 quia

780 2283 933 2336 sunt
991 2277 1368 2340 contentiva
1437 2278 1651 2354 illius,
1726 2278 1901 2363 quod
1967 2291 2060 2344 est
2136 2298 2334 2345 causa

780 2390 1066 2473 qratice5
1121 2401 1236 2455 (tul
1275 2392 1550 2458 realiter
1605 2394 1772 2457 sicut
1830 2395 2337 2462 Sacramentum

785 2505 1251 2586 Eucharistiae,
1319 2512 1386 2572 in
1446 2531 1570 2595 quo
1628 2513 2005 2577 continetur
2060 2515 2337 2579 realiter

788 2622 1173 2687 humanitas
1235 2625 1493 2689 Christi
1544 2631 1898 2715 conjuncta
1954 2630 2329 2712 divinitati,

787 2737 936 2802 ideo
977 2737 1229 2805 dicitur
1287 2742 1578 2805 massime
1635 2746 2011 2809 contentiva
2066 2747 2330 2832 gratim,

783 2863 845 2917 et
876 2856 1180 2939 effectiva
1205 2880 1228 2933 ‚·
1260 2867 1374 2920 aut
1415 2858 1820 2937 virtualiter,
1872 2862 2042 2925 sicut
2096 2863 2333 2927 Sacra-

783 2959 1076 3035 mentum
1109 2973 1461 3057 Baptismi,
1500 2974 1675 3060 quod
1702 2976 1954 3041 scilicet
1986 2979 2060 3043 in
2091 2979 2337 3043 virtute

781 3088 1137 3173 sanquinis
1172 3089 1449 3169 Christi,
1487 3090 1745 3156 dicente
1773 3093 1830 3158 A
1840 3072 2117 3178 postolO,
2147 3095 2329 3161 Rom.

781 3200 847 3272 6.
923 3203 1332 3293 Quotquot
1400 3203 1790 3295 baptizati
1868 3227 2172 3291 sumus,
2256 3209 2335 3279 in

785 3317 1178 3408 sanguine
1230 3317 1403 3410 ejus
1445 3318 1834 3412 baptizati
1893 3345 2198 3397 sumus.
2254 3330 2337 3394 Ει

781 3435 900 3501 dat
937 3437 1310 3522 exemplum
1343 3436 1426 3502 de
1455 3437 1813 3506 divinitate
1864 3442 2121 3509 Christi
2186 3465 2336 3510 con·

768 3545 1008 3638 juncta
1065 3555 1207 3639 ejus
1252 3554 1688 3632 humanitati,
1739 3576 1883 3641 quoe
1933 3560 2336 3644 operabatur

782 3668 1154 3748 mirabilia,
1195 3669 1368 3736 unde
1419 3680 1480 3735 et
1545 3671 1699 3736 huic
1737 3673 2054 3740 dicuntur
2090 3678 2336 3743 Sacra-

782 3794 1002 3848 menta
1035 3805 1223 3850 novoe
1254 3786 1438 3872 leqis,
1476 3808 1634 3853 vasa
1665 3791 1927 3874 yratioe,
1965 3791 2052 3857 Et
2071 3791 2331 3877 differt,

783 3907 855 3961 ut
891 3898 1177 3977 videtur,
1216 3900 1352 3965 hoec
1380 3897 1612 3988 opinio
1642 3926 1683 3969 a
1709 3907 1959 3990 prima,
1998 3906 2088 3971 ad
2117 3908 2339 3972 minus

783 4014 1165 4095 verbaliter,
1211 4019 1368 4103 quia
1411 4021 1637 4104 prima
1670 4019 1835 4086 dicit
1877 4043 1998 4108 per
2026 4024 2337 4089 assisten-

786 4131 947 4196 tiam
1004 4134 1267 4220 9ratiae,
1313 4136 1451 4200 hoec
1510 4157 1665 4202 vero
1701 4160 1823 4223 per
1862 4140 2330 4217 insistentium,

784 4246 936 4317 eto.

876 4380 1128 4448 Contra
1160 4383 1358 4449 istam
1401 4387 1804 4472 opinionem,
1849 4390 2025 4455 Deus
2067 4411 2202 4456 non
2247 4400 2338 4455 est

779 4497 983 4564 aliter
1058 4501 1421 4567 secundum
1474 4505 1847 4590 essentiam,
1908 4509 2340 4593 proesentiam

779 4623 841 4677 et
886 4617 1285 4700 potentiam,
1360 4619 1434 4683 in
1491 4620 1945 4700 Sacramento,
2009 4644 2207 4709 quam
2265 4624 2338 4688 in

778 4730 919 4794 alio
958 4754 1234 4821 corpore
1259 4760 1283 4814 ,·
1328 4756 1482 4821 erqo
1520 4738 1580 4801 si
1621 4751 1915 4824 ponatur
1945 4740 2171 4819 aliter,
2218 4741 2338 4805 hoc

778 4867 916 4913 non
945 4859 1036 4914 est
1076 4851 1214 4916 nisi
1242 4852 1333 4917 ad
1375 4852 1666 4939 aliquem
1705 4856 2010 4940 effectum
2057 4877 2339 4921 causan-

777 4962 960 5045 dum,
995 4964 1113 5031 sed
1150 4966 1327 5052 quod
1364 4968 1459 5032 sic
1495 4970 1584 5034 sit
1625 4969 1737 5049 ibi,
1792 4991 1927 5037 non
1959 4982 2174 5059 potest
2206 4992 2339 5037 esse

773 5101 899 5167 per
983 5082 1285 5168 aliquam
1361 5085 1819 5152 causalitatem
1887 5088 2331 5154 Sacramenti.

785 5199 1294 5266 Sacramentum
1324 5211 1543 5266 autem
1574 5203 1760 5268 nullo
1793 5203 1986 5269 modo
2016 5215 2110 5269 est
2139 5225 2339 5270 causa

662 5307 668 5312 ’
781 5299 992 5379 Deum
1055 5314 1510 5383 determinans
1559 5318 1649 5384 ad
1713 5318 2125 5385 causandum
2182 5322 2336 5404 effe·

785 5441 961 5496 ctum
993 5433 1123 5498 sibi
1155 5436 1551 5521 proprium‚·
1601 5457 1756 5524 erqo
1809 5448 2065 5503 tantum
2105 5448 2197 5503 est
2245 5437 2341 5503 ibi

781 5548 903 5614 hoc
931 5531 1147 5631 modo,
1183 5553 1387 5619 aliter
1416 5576 1611 5642 quam
1649 5556 1714 5621 in
1749 5555 1888 5621 alio
1920 5576 2218 5643 corpore,
2255 5575 2341 5620 eae

1953 350 2094 433 ms.
2148 368 2249 433 w.
2293 369 2895 436 snurssnrmnvu

2450 534 3007 602 determinatione
3049 518 3348 623 proprioe
3412 536 3816 612 voluntatis,
3889 556 3995 622 qua

2449 651 2747 739 disponit
2783 655 2882 719 sic
2918 655 3213 740 operari.
3260 656 3409 720 IIoec
3446 667 3674 721 autem
3726 654 3997 739 disposi-

2451 768 2543 832 tio
2582 770 3016 853 manisestata
3047 771 3381 850 Ecclesia»,
3425 771 3688 836 dicitur
3714 770 3999 858 promis·

2446 885 2548 949 sio
2578 886 2682 950 vel
2718 888 2940 972 pactio
2962 917 2984 970 ‚·
3011 888 3190 952 nihil
3220 909 3374 974 erqo
3420 887 3619 953 aliud
3657 887 3839 953 dicit
3888 887 3999 949 ista

2449 1003 2703 1087 opinio,
2742 1026 2940 1090 quam
2979 1005 3155 1070 illud
3193 1005 3276 1071 de
3304 1007 3625 1091 opinione
3660 1004 3842 1083 alia,
3888 1005 3999 1067 sci·

2451 1118 2602 1183 licet
2632 1118 2715 1185 de
2740 1121 3078 1207 pactione.

2894 1389 3552 1456 COMMENTARIUS.

2540 1584 2628 1675 (e)
2690 1586 2941 1651 Contra
2980 1586 3363 1672 opinionem
3414 1585 3611 1649 istam
3679 1595 3995 1670 quantum
4098 1597 4145 1645 εει,

2445 1703 2536 1767 ad
2573 1703 2929 1768 secundam
2977 1703 3423 1789 quoestionem,
3461 1710 3587 1767 etc.
3636 1701 3995 1787 Responsi-
4020 1658 4164 1775 Ἥ

2446 1841 2638 1887 onem
2689 1825 2761 1886 D.
2806 1819 3099 1899 Thomas,
3145 1829 3460 1907 quantum
3512 1819 3593 1885 ad
3643 1818 3992 1885 secundam
4022 1786 4164 1969 ΞΞ

2447 1939 2903 2027 quaestionem,
2978 1938 3320 2024 impugnat
3385 1949 3665 2024 quatuor
3728 1934 3989 2001 rationi·
4015 1922 4164 2140 ,Ἐξ

2447 2055 2590 2122 bus,
2638 2055 2853 2121 Prima
2901 2064 3021 2133 est,
3068 2054 3219 2140 quia
3259 2053 3369 2119 illa
3425 2051 3712 2139 qualitas
3773 2072 3993 2138 super·
4036 2033 4067 2081 Ρ

2447 2172 2786 2252 naturalis,
2848 2172 2954 2239 vel
2994 2185 3168 2239 esset
3208 2182 3339 2237 tota
3398 2170 3465 2235 in
3524 2182 3688 2251 tot0,
3748 2183 3815 2236 et
3872 2181 3993 2236 tota
4055 2108 4164 2266 {ff}

2444 2289 2511 2355 in
2551 2290 2841 2377 qualibet
2900 2302 3105 2377 parte,
3169 2309 3284 2375 per
3342 2288 3608 2355 modum
3663 2286 3996 2373 qualitatis
4037 2272 4164 2407 ἐξ

2445 2405 2831 2492 spiritualis.
2914 2404 3037 2472 Sed
3116 2406 3240 2471 hoc
3314 2403 3546 2491 nequit
3631 2404 3794 2483 dici,
3859 2402 3997 2490 quia

2445 2524 2684 2591 animae
2725 2522 3146 2590 intellectivae
3214 2522 3310 2588 sic
3359 2534 3614 2589 tantum
3697 2520 3997 2608 competit

2446 2662 2593 2709 esse
2642 2641 2707 2706 in
2767 2641 3060 2728 subjecto
3112 2638 3456 2718 materiali,
3520 2638 3627 2704 vel
3680 2654 3863 2705 esset
3911 2650 3998 2702 to·

2448 2767 2509 2823 ta
2550 2757 2617 2824 in
2665 2769 2823 2835 t0t0,
2879 2768 2942 2822 et
3001 2776 3148 2843 pars
3200 2756 3264 2820 in
3310 2767 3517 2841 parte,
3593 2766 3658 2820 et
3726 2754 3826 2820 sic
3883 2773 3994 2818 non

2447 2884 2620 2938 esset
2660 2870 2937 2959 qualitas
2985 2869 3370 2956 spiritualiS,
3416 2870 3568 2956 quia
3625 2868 3995 2935 extendere-

2447 2999 2554 3055 tur
2587 3008 2701 3073 per
2730 2987 3032 3054 accidens
3065 2986 3143 3051 ad
3193 2986 3645 3052 extensionem
3692 2983 3988 3071 subJecti.

2537 3104 2781 3171 Deinde
2819 3104 2873 3170 si
2908 3115 3078 3170 esset
3119 3102 3185 3167 in
3227 3104 3522 3191 subJecto
3562 3103 3690 3169 hoc
3720 3098 3990 3168 secundo

2449 3223 2663 3304 modo,
2745 3232 3065 3308 repugnat
3120 3219 3242 3306 ipsi
3286 3220 3648 3306 producere
3701 3240 3821 3306 per
3870 3238 3993 3282 mo-

2449 3339 2604 3406 dum
2645 3359 2861 3406 causae
2903 3343 3107 3406 totum
3138 3348 3437 3402 ornatum
3472 3334 3537 3400 in
3570 3335 3815 3414 anima,
3852 3335 3986 3421 quia

2448 3477 2530 3522 ex
2578 3454 2947 3540 Augustino
3009 3456 3114 3519 12.
3165 3473 3364 3538 super
3406 3451 3712 3516 Genesim
3752 3450 3844 3516 ad
3884 3450 3986 3515 lit·
4026 3217 4166 3606 Δ

2451 3584 2680 3652 teram,
2744 3590 2948 3656 agens
3006 3580 3105 3635 est
3146 3567 3495 3654 perfectius
3536 3587 3758 3653 passo.
3818 3564 3984 3642 Quod
4060 3617 4165 3669 pm

2450 3685 2700 3751 ratione
2742 3695 2937 3772 patet,
2982 3683 3133 3770 quia
3172 3701 3375 3767 agens
3406 3693 3505 3748 est
3545 3681 3612 3748 in
3643 3695 3821 3758 actu.
3859 3699 3984 3766 pas·

2450 3821 2596 3869 sum
2627 3823 2785 3868 vero
2827 3801 2892 3866 in
2943 3800 3227 3886 potentia
3266 3811 3329 3865 et
3369 3798 3786 3887 privatione;
3837 3795 3991 3864 unde

2448 3918 2699 4004 colligit
2738 3916 3147 4004 Augustinus
3188 3936 3425 4002 corpus
3466 3936 3597 3994 non
3628 3935 3833 4000 agere
3865 3924 3990 3979 tan·

2450 4055 2643 4122 quam
2686 4054 2947 4100 causam
2982 4032 3242 4099 totalem
3291 4032 3360 4097 in
3392 4030 3721 4118 spiritum,
3757 4044 3829 4097 et
3856 4030 3993 4096 hinc

2449 4150 2811 4219 concedunt
2842 4150 3220 4235 Philosophi
3264 4149 3663 4214 intellectum
3698 4159 3988 4235 agentem

2451 4269 2514 4336 in
2565 4267 2783 4334 anima
2848 4267 3225 4333 distinctum
3277 4287 3311 4331 a
3361 4264 3686 4352 possibili,
3760 4286 3845 4330 ne
3888 4262 3991 4328 ad-

2452 4385 2746 4451 mittatur
2784 4382 3111 4469 objeetum
3160 4380 3493 4447 materiale
3530 4401 3603 4447 se
3634 4381 3773 4447 solo
3816 4396 3992 4466 agere

2453 4500 2826 4568 immediate
2884 4499 2951 4564 in
3019 4499 3328 4566 animam.
3400 4497 3581 4573 Quod
3638 4519 3802 4565 vero
3864 4494 3993 4562 talis

2450 4617 2729 4706 qualitas
2789 4626 3067 4702 ponatur
3105 4615 3170 4680 in
3238 4617 3679 4694 Sacrament0‚
3729 4613 3841 4680 vel
3887 4613 3995 4678 hoc

2452 4747 2649 4812 esset,
2721 4744 2791 4799 ut
2831 4730 2953 4798 sub
3021 4731 3129 4796 illa
3199 4730 3511 4817 qualitate
3570 4741 3753 4796 esset
3821 4747 3995 4796 causa

2453 4847 2856 4937 principalis,
2928 4846 3097 4913 sicut
3161 4866 3329 4933 aqua
3394 4844 3600 4911 calida
3669 4857 3771 4912 est
3815 4861 3990 4912 causa

2449 4963 2900 5034 calefaciendi.
2958 4967 3137 5030 Patet
3203 4962 3348 5040 hoc,
3421 4960 3570 5048 quia
3614 4960 3831 5028 virtus
3870 4961 3984 5036 illa,

2450 5108 2577 5176 qua
2607 5083 3027 5152 constituitur
3056 5085 3548 5149 Sacramentum
3584 5082 3649 5147 in
3683 5102 3822 5147 esse
3853 5079 3987 5148 acti-

2449 5205 2541 5285 vi,
2597 5201 2972 5270 immediate
3041 5221 3109 5267 se
3180 5199 3316 5265 sola
3386 5199 3654 5285 attingit
3701 5211 3983 5264 ornatum

2451 5320 2635 5388 illum
2679 5340 2793 5407 per
2860 5317 3149 5397 modum,
3226 5336 3354 5403 quo
3419 5335 3635 5382 causae
3698 5311 3987 5381 secundae

2451 5407 2784 5524 attingunt
2823 5454 3013 5502 suum
3057 5432 3401 5511 effectum3
3452 5452 3569 5497 nec
3603 5430 3803 5498 refert
3834 5425 3983 5517 quod

2453 5553 2561 5620 illa
2612 5574 2740 5619 non
2780 5552 2865 5620 sit
2906 5570 3318 5639 permanenS‚
3356 5547 3506 5634 quia
3539 5546 3601 5612 id
3664 5546 3788 5634 ipsi
3830 5565 3985 5614 com·
