4255 6375
1490 441 1692 505 ms‘r.
1729 443 1774 505 1.
1806 442 2166 518 QUAES‘rlo
2199 444 2295 504 Vl.

334 599 405 672 in
458 602 654 684 bon0,
717 603 888 694 quod
955 605 1201 693 accepit
1250 605 1316 672 in
1380 606 1484 674 sui
1539 605 1888 688 creatione,

331 732 399 787 et
476 742 627 809 quae
695 721 761 787 in
819 722 998 787 omni
1074 733 1244 788 statu
1304 722 1383 788 ad
1460 742 1894 808 perseveran-

332 837 494 905 tiam
546 838 904 927 requiritur
972 838 1051 905 ad
1093 838 1371 906 salutem
1415 839 1479 905 in
1513 841 1719 927 justo,
1768 859 1897 905 non

330 975 496 1021 vero
553 968 862 1044 tanquam
921 957 1248 1044 propriam
1344 969 1410 1025 et
1502 957 1893 1044 peculiarem

69 1089 276 1210 ’ἓξὲξ
334 1069 471 1137 illis
537 1084 772 1140 status.
891 1072 1072 1139 Unde
1148 1074 1307 1141 satis
1389 1074 1730 1141 commode
1811 1095 1892 1142 ex

69 1209 241 1276 opponi
333 1186 632 1254 doctrina
689 1189 1041 1276 Augustini
1091 1189 1483 1277 intelligitur
1559 1201 1895 1278 peccatum

69 1283 260 1384 &3¹32
333 1303 661 1390 originale
769 1307 1008 1394 opponi
1105 1306 1476 1374 rectitudini
1583 1307 1894 1396 peculiari

69 1395 304 1512 ἓξὲξ
334 1418 517 1486 illius
590 1432 798 1489 status
866 1422 1077 1511 primo
1126 1437 1190 1490 et
1247 1444 1361 1510 per
1419 1445 1526 1504 se;
1607 1423 1894 1492 secundo

69 1530 249 1652 gig
330 1557 498 1602 vero
534 1540 886 1625 opponitur
913 1541 1144 1626 gratiae
1194 1541 1533 1623 habituali,
1607 1563 1779 1622 nam,
1825 1553 1895 1608 ut

69 1648 303 1761 '‘{ghffins
332 1658 572 1720 Doctor
610 1655 719 1723 hic
786 1657 1041 1737 asserit,
1113 1659 1323 1744 gratia
1401 1660 1689 1726 continet
1729 1660 1892 1725 emi-

69 1773 285 1888 3332?
331 1781 571 1837 neuter
619 1771 1071 1839 rectitudinem
1166 1773 1439 1860 justitiae
1522 1775 1887 1861 originaliS,

69 1899 256 1971 mutiam
331 1898 650 1973 tanquam
727 1888 1075 1975 perfectius
1148 1889 1460 1956 ordinans
1526 1891 1603 1956 ad
1663 1890 1885 1959 finem.

69 1962 274 2076 iffi?
332 2003 523 2070 Unde
554 2015 730 2090 patet
758 2005 1082 2091 quomodo
1121 2005 1439 2094 originale
1470 2028 1585 2094 per
1612 2008 1888 2094 gratiam

323 2118 619 2200 tollatur,
694 2131 1000 2208 tanquam
1064 2142 1179 2210 per
1251 2121 1525 2188 formam
1595 2123 1889 2211 aequiva-

322 2238 601 2316 lentem,
639 2249 702 2304 et
741 2238 1232 2325 perfectionem,
1304 2239 1471 2305 sicut
1523 2239 1663 2326 ipse
1741 2240 1888 2308 finis

320 2355 882 2442 supernaturalia,
934 2355 1014 2422 ad
1047 2376 1240 2446 quem
1275 2355 1532 2423 ordinat
1570 2357 1781 2444 gratia
1821 2358 1886 2424 in

321 2471 553 2558 seipso
621 2472 912 2540 continet
968 2473 1337 2540 eminenter
1415 2473 1881 2561 perfectionem

322 2589 487 2656 finis
543 2589 889 2669 naturalis;
938 2589 1033 2657 sic
1070 2589 1267 2656 etiam
1328 2590 1536 2678 gratia
1595 2591 1673 2657 de
1715 2592 1883 2658 facto

324 2706 586 2772 remisit
633 2717 965 2793 peccatum
1016 2705 1173 2772 Adae
1239 2705 1304 2771 in
1365 2706 1606 2793 specie,
1658 2719 1881 2775 contra

323 2823 495 2890 alias
525 2821 821 2901 virtuteS‚
868 2835 939 2889 ut
982 2823 1509 2910 intemperantiae
1541 2834 1606 2890 et
1647 2825 1879 2911 huJ’us-

328 2939 539 3020 modi,
583 2940 887 3027 quamvis
927 2939 1086 3007 illud
1118 2940 1204 3007 sit
1234 2940 1514 3027 privatio
1554 2940 1884 3008 rectitudi-

331 3057 444 3124 nis
478 3057 929 3144 temperantiae
978 3058 1043 3124 in
1075 3057 1313 3144 specie.

69 3169 305 3299 ζ’ἔζξιῑζξὲ.
426 3175 608 3241 Patet
636 3173 829 3241 etiam
862 3173 1189 3262 quomodo
1219 3174 1432 3263 gratia
1463 3176 1879 3243 sanctificans

71 3310 208 3370 ‚⁰⁰⁸¹
337 3292 402 3357 in
447 3301 744 3377 posteros
800 3290 1388 3372 transfunderetur,
1444 3314 1874 3379 perseveran-

71 3363 260 3425 ’ΜΨ
334 3418 396 3471 te
439 3404 711 3488 Adam0‚
755 3404 834 3472 ad
874 3405 1532 3474 communicationem
1571 3408 1873 3496 justitiae,

330 3536 644 3611 tanquam
703 3542 817 3609 per
891 3543 962 3589 se
1019 3522 1416 3610 adjutorium
1507 3525 1878 3590 necessario

328 3640 778 3708 concomitans
858 3641 1181 3728 justitiam
1260 3641 1675 3729 originalem.
1755 3644 1875 3720 Qui

328 3768 550 3824 autem
594 3757 751 3823 velit
792 3757 1161 3845 oppositam
1194 3758 1585 3824 sententiam
1638 3779 1872 3826 secun-

331 3871 488 3939 dum
533 3884 813 3939 mentem
858 3873 1152 3940 Doctoris
1193 3884 1439 3952 tenere,
1492 3894 1618 3939 non
1678 3895 1874 3963 repu-

329 4010 489 4076 gn0,
553 4001 615 4056 et
664 3991 957 4078 suppetit
1003 3990 1061 4057 ei
1105 3989 1603 4057 fundamentum
1645 4011 1725 4058 ex
1757 3993 1875 4058 ob-

324 4105 614 4192 jectione
661 4106 890 4173 ultimo
938 4106 1153 4188 allata,
1210 4107 1362 4194 quia
1406 4116 1623 4174 tamen
1673 4108 1873 4196 aliqui

334 4222 595 4288 variant
641 4222 721 4290 de
757 4236 978 4289 mente
1009 4224 1178 4312 ejus,
1241 4222 1386 4293 ideo
1427 4244 1544 4311 pro
1602 4236 1876 4312 utraque

336 4354 519 4425 parte
559 4340 870 4427 proposui
914 4360 1011 4420 ea,
1048 4361 1197 4428 quae
1222 4339 1433 4427 magis
1458 4340 1617 4406 mihi
1651 4361 1877 4407 occur-

338 4467 491 4521 runt
528 4454 973 4522 accommoda.

132 4596 204 4651 36.
428 4571 553 4638 Sed
634 4570 916 4638 tenendo
983 4570 1258 4660 primam
1338 4572 1752 4651 sententiam,
1815 4586 1880 4640 et

341 4687 610 4775 praefata
667 4698 1054 4776 argumenta
1129 4688 1414 4755 auctoris
1490 4709 1619 4756 non
1660 4691 1873 4756 solum

335 4816 557 4871 contra
594 4804 1012 4884 Richardum,
1055 4804 1169 4872 sed
1208 4805 1396 4887 alios,
1440 4807 1550 4894 qui
1583 4818 1878 4873 statuunt

330 4922 653 5008 justitiam
692 4922 1084 5011 originalem
1135 4923 1368 4990 saltem
1440 4924 1750 5010 primario
1811 4924 1876 4990 in

335 5038 568 5122 gratia,
621 5050 791 5105 esset
847 5039 1289 5126 replicandum
1357 5051 1579 5105 contra
1654 5061 1876 5107 eorum

335 5154 717 5235 solutioneS,
752 5153 922 5241 quod
966 5156 1029 5221 in
1076 5156 1411 5243 proprium
1445 5157 1656 5224 locum
1690 5158 1878 5225 diffe-

338 5271 563 5338 rimuS.
608 5276 744 5338 Iam
820 5284 992 5359 patet
1043 5294 1125 5339 ex
1183 5272 1371 5341 dictis
1416 5276 1757 5363 responsio
1799 5277 1877 5343 ad

337 5387 495 5454 illud
531 5386 700 5475 quod
752 5388 1201 5477 principaliter
1251 5391 1595 5479 objiciunt,
1642 5413 1878 5482 nempe

336 5505 391 5571 si
427 5518 760 5591 peccatum
792 5506 1111 5594 originale
1141 5519 1313 5575 esset
1343 5508 1624 5596 privatio
1650 5511 1880 5597 justi—

73 5293 275 5359 Dhjectio.

339 5624 450 5692 tiae
496 5623 864 5716 originalis,
937 5627 1123 5717 sequi
1173 5650 1302 5696 non
1369 5629 1507 5696 tolli
1545 5629 1625 5696 de
1682 5629 1874 5712 facto,
1971 5677 1979 5684 -

3449 435 3567 497 217

3605 803 3898 870 Responde-

3707 874 3792 920 tur
3804 907 3816 920 .

3627 3291 3672 3341 D
3683 3286 3833 3350 uplex

3580 3351 3857 3405 ordinatim

3675 4168 3760 4220 37.

2003 628 2154 673 cum
2189 605 2296 672 illa
2364 628 2489 674 non
2534 605 2948 687 restituatur,
3002 603 3275 692 privatio
3332 614 3548 670 autem

2008 958 2345 1040 moralem,
2392 979 2522 1024 non
2571 956 2937 1046 physicam,
2991 968 3055 1022 et
3101 954 3414 1022 fundatur
3482 952 3548 1018 in

2005 1304 2311 1392 quamvis
2395 1303 2551 1370 illud
2638 1302 3088 1390 opponebatur
3173 1299 3550 1368 rectitudini

2002 1652 2370 1740 originaliS,
2405 1651 2811 1719 sufficienter
2841 1651 3184 1717 ordinatur
3232 1671 3347 1736 per
3394 1670 3548 1737 gra-
3621 1719 3867 1769 fundatur

3651 1908 3832 1959 Gratia

1998 2025 2125 2071 non
2161 2005 2223 2070 in
2258 2024 2373 2070 sua
2406 2002 2645 2090 specie,
2682 2002 2792 2068 sel
2827 2001 2891 2067 in
2926 2000 3319 2088 perfectiori,
3362 2021 3535 2066 nem-

3569 2092 3885 2146 immediate.

1995 2367 2190 2433 mote,
2240 2366 2303 2421 et
2354 2365 2423 2420 ut
2475 2354 2759 2420 medium
2820 2352 3159 2419 ordinabat
3215 2352 3535 2419 rectitudo

1993 2699 2488 2788 aequivalenter,
2526 2710 2585 2766 et
2619 2697 3032 2766 eminentiori
3068 2700 3257 2766 modo
3298 2702 3541 2788 perfec-

1989 3052 2231 3141 ginalis
2285 3052 2601 3120 naturalis
2652 3064 2715 3119 et
2764 3052 3062 3139 physica,
3099 3074 3360 3140 semper
3403 3075 3535 3121 ma-

1986 3430 2138 3475 rtem
2209 3428 2334 3473 non
2380 3407 2742 3495 physicam,
2813 3421 2875 3474 et
2924 3408 3345 3496 operationis,
3417 3409 3528 3475 sed

1988 3758 2230 3847 quibus
2261 3771 2391 3824 tam
2431 3756 2640 3845 gratia
2673 3778 2866 3845 qnam
2895 3758 3151 3847 justitia
3197 3759 3538 3848 originalis

1979 4105 2236 4193 justitia
2271 4104 2723 4192 opponebatur
2763 4107 2884 4172 hoc
2928 4104 3118 4171 modo
3159 4105 3432 4172 veniali.

1985 4451 2285 4519 absoluta
2336 4472 2526 4539 posse
2567 4451 2808 4519 remitti
2844 4464 3175 4538 peccatum
3216 4454 3536 4541 originale

1988 4800 2318 4888 originali,
2376 4802 2488 4867 sed
2551 4800 3047 4888 aequivalenter,
3104 4803 3360 4891 justitia
3415 4826 3533 4872 au-

3732 4969 3846 5018 ctio.

1989 5172 2139 5219 cum
2181 5152 2312 5218 ullo
2360 5152 2574 5240 gravi,
2629 5154 2724 5221 sic
2771 5154 2964 5221 etiam
3021 5177 3233 5242 neque
3280 5157 3534 5245 justitia

2005 723 2218 790 solum
2253 723 2505 791 tollitur
2537 745 2651 811 per
2680 724 2975 790 habiturn
3007 720 3409 808 oppositum.

2002 1075 2225 1142 debito
2267 1075 2546 1164 justitiae
2575 1072 3070 1153 conservandae,
3110 1093 3259 1161 quae
3303 1069 3554 1159 perdita

2005 1421 2271 1490 virtutis
2313 1422 2377 1488 in
2428 1419 2668 1508 specie.
2726 1419 3024 1486 Debitum
3092 1430 3307 1485 autem
3389 1417 3549 1484 illud

3625 1593 3854 1646 Privatio

2005 1770 2159 1835 tiam
2195 1767 2712 1836 sanctificantem
2754 1769 3155 1846 restitutum,
3201 1788 3350 1854 quae
3381 1766 3548 1831 emi·
3603 1780 3659 1832 in
3698 1781 3870 1834 debito

3571 1968 3783 2020 ordinat
3829 1972 3897 2022 ad

1997 2143 2076 2208 pe
2133 2118 2649 2207 supernaturalis
2708 2117 3136 2185 ordinationis
3198 2115 3276 2182 ad
3338 2115 3532 2182 finem
3625 2159 3838 2210 Justitia

1988 2467 2268 2556 justitiae
2315 2466 2682 2555 originalis,
2741 2467 2922 2544 Quod
2967 2479 3182 2533 autem
3245 2468 3542 2555 proxime

1990 2817 2235 2884 tionem
2279 2816 2474 2882 medii
2507 2817 2738 2883 remoti
2782 2827 2845 2882 et
2877 2817 3309 2900 subordinati,
3349 2818 3539 2886 illud-

1991 3183 2123 3252 net,
2172 3194 2380 3260 neque
2413 3170 2603 3238 habet
2637 3171 2952 3238 rationem
2990 3173 3258 3259 peccati.

1987 3524 2464 3591 ordinationem
2520 3523 2825 3590 moralem
2879 3525 3235 3592 secundum
3290 3526 3528 3613 legem,

1986 3883 2407 3961 opponuntur
2467 3886 2728 3959 peccato
2799 3873 3029 3940 saltem
3105 3876 3320 3961 gravi,
3382 3898 3532 3964 quae

2076 4221 2154 4310 (f)
2190 4221 2491 4287 Concedo
2521 4242 2699 4306 erqo,
2737 4230 2858 4286 etc,
2899 4223 3014 4286 Hic
3055 4221 3238 4307 ponit
3270 4220 3528 4288 tandem
3606 4293 3885 4345 Conclusio

1987 4588 2116 4633 non
2231 4567 2447 4634 infusa
2549 4567 2782 4656 gratia,
2840 4580 2904 4634 et
2998 4569 3302 4649 maxime,
3384 4570 3534 4656 quia

1988 4928 2119 5014 tem
2180 4918 2522 5007 originalis
2566 4920 2942 4988 formaliter.
2997 4924 3257 5001 Contra,
3318 4924 3534 5010 gratia
3597 4967 3728 5038 Oqe

1989 5268 2363 5357 originalis;
2438 5290 2595 5358 ergo
2664 5271 2933 5358 perinde
2981 5274 3335 5362 opponitur
3367 5289 3536 5344 utra-

2094 839 2572 929 Respondetur,
2670 842 2841 906 hanc
2908 837 3345 926 privationem
3406 855 3553 902 esse

2005 1204 2102 1260 est
2182 1191 2596 1258 demeritorie
2670 1212 2786 1279 per
2871 1200 3203 1277 peccatum
3293 1187 3546 1267 Adami,

2007 1537 2273 1614 morale,
2341 1558 2456 1604 seu
2506 1557 2584 1602 ex
2645 1548 2831 1622 pacto
2890 1534 3207 1601 habendae
3270 1533 3548 1622 justitiae

3687 1658 3794 1706 haec

2001 1899 2232 1954 neuter
2283 1887 2571 1953 continet
2634 1885 3085 1951 rectitudinem
3151 1883 3534 1961 naturalem,
3644 1846 3843 1896 morah.

3662 2035 3811 2083 finem

1999 2235 2562 2324 supernaturalem
2604 2235 3013 2323 simpliciter,
3066 2234 3143 2300 ad
3196 2254 3390 2321 quem
3441 2255 3541 2300 re-
3608 2225 3853 2276 mediate.

1992 2583 2259 2672 attingit
2300 2582 2495 2650 finem
2530 2593 2595 2650 et
2625 2580 3001 2659 efficaciter,
3039 2584 3332 2650 continet
3373 2584 3437 2650 in
3470 2606 3542 2651 se

1990 2956 2119 3023 que
2160 2936 2451 3022 supplet;
2509 2919 2786 3021 privatio
2826 2946 3041 3001 autem
3078 2933 3359 3025 justitiae
3404 2937 3537 3003 ori-

2074 3289 2375 3377 lntelligo
2409 3301 2626 3357 autem
2667 3310 2814 3356 cum
2850 3294 3119 3358 Doctore
3150 3293 3528 3359 ordinatio-

1985 3640 2468 3711 institutionem
2530 3646 2594 3708 et
2641 3642 3150 3728 acceptationem
3223 3641 3375 3722 Dei;
3448 3665 3527 3709 ex

1985 4001 2084 4055 est
2140 3987 2387 4055 offensa
2445 3989 2856 4076 simpliciter,
2931 3987 3249 4076 quidquid
3310 3990 3396 4056 sit
3451 4010 3532 4055 an

1985 4337 2475 4404 conclusionem
2536 4357 2745 4416 suam,
2823 4358 3057 4423 nempe
3119 4337 3197 4404 de
3246 4339 3535 4426 potentia
3596 4356 3842 4423 propria.

1987 4706 2118 4751 non
2177 4685 2531 4772 opponitur
2594 4684 2804 4773 gratia
2873 4685 3233 4754 formaliter
3274 4699 3536 4774 peccato

1989 5056 2118 5103 non
2152 5035 2545 5123 compatitur
2575 5057 2722 5102 cum
2758 5048 3020 5123 peccato
3059 5038 3388 5125 originali,
3427 5053 3537 5108 aut

1991 5407 2120 5474 que
2169 5396 2430 5474 peccato
2471 5386 2775 5475 originali
2810 5389 3192 5472 formaliter,
3237 5392 3341 5458 vel
3377 5414 3535 5460 neu-

1971 5516 2107 5576 lma.

2078 5623 2530 5708 Respondetur
2606 5624 2883 5715 gratiam
2950 5630 3190 5718 opponi
3271 5643 3532 5718 peccato
3570 5629 3871 5696 Responsio·
