4255 6375
775 359 888 422 128

1886 365 2032 428 LIB.
2064 367 2166 431 lV.
2217 366 2814 434 SENTENTIARUM

755 528 1185 610 aequivocum,
1233 532 1358 594 'cui
1418 534 1640 609 potest
1705 530 2010 593 substitui
2079 527 2317 593 falsum
2426 537 2502 595 ut
2543 530 2844 596 Ecclesiae
2888 532 3039 595 data
3099 536 3199 595 est
3243 536 3541 612 potestas
3585 529 3954 593 instltuendi

757 648 1194 745 quandoque,
1233 649 1637 729 quandoque
1707 667 1960 725 verum,
2034 649 2316 712 affirmat
2424 652 2585 716 ritus
2630 658 2695 715 et
2736 654 3188 717 solemnitates
3212 654 3812 721 sacramentorum,
3879 650 3955 712 ita

753 766 1250 829 Sacramentum
1280 782 1429 830 esse
1463 774 1715 831 certum
1761 784 2050 846 semper,
2099 785 2316 847 quan-
2427 773 2638 848 potuit
2668 771 2979 833 committi
3013 775 3307 848 potestas
3351 766 3750 848 designandi
3779 769 3956 827 mate·

431 947 694 1005 certitudo
754 885 892 944 tum
925 888 1028 945 est
1056 884 1140 946 de
1170 900 1268 958 se,
1317 883 1588 963 proinde
1635 885 1953 947 contineri
2000 885 2123 947 sub
2178 884 2308 962 pri-

403 1014 719 1080 son-amenti
751 1000 845 1062 ori
874 1003 1196 1065 membro.
1232 1002 1418 1065 Unde
1449 1006 1670 1067 autem
1698 1003 1939 1065 habeat
1964 1003 2135 1064 hanc
2166 1017 2306 1064 cer-

476 1101 650 1201 ἀῑξῖῃὸ
753 1117 1100 1181 titudinem
1173 1120 1481 1197 explicat,
1555 1136 1800 1199 nempe
1857 1137 1891 1182 a
1951 1120 2092 1182 solo
2166 1122 2305 1182 Deo

400 1213 722 1326 instigat-ione
749 1237 1147 1310 institutore,
1207 1236 1388 1299 unde
1438 1236 1772 1300 concludit
1826 1239 2037 1299 Deum
2095 1237 2305 1298 solum

428 1334 696 1453 ffiffilffim
748 1350 1092 1414 instituere
1143 1370 1339 1431 posse
1393 1355 1841 1426 Sacramenta,
1900 1371 1977 1416 ac
2024 1353 2306 1432 proinde

406 1466 711 1579 ῡὸξῖξὲἰιῦ·
748 1486 882 1533 333
927 1486 1122 1548 posse
1171 1470 1636 1532 communicari
1678 1471 1849 1532 hanc
1906 1474 2306 1547 potestatem

438 1592 688 1656 Vosquez.
751 1593 1092 1660 creaturae,
1129 1604 1269 1666 quae
1301 1593 1402 1648 est
1431 1587 1764 1648 conclusio
1798 1587 1994 1667 hujus
2026 1587 2303 1660 articuli,

748 1718 945 1780 quam
1005 1707 1189 1765 tenet
1237 1701 1584 1764 Durandus
1627 1704 1694 1764 in
1742 1706 1803 1766 4.
1865 1706 1924 1765 d.
1986 1704 2048 1764 2.
2116 1720 2177 1779 q.
2245 1705 2300 1766 1.

746 1817 1007 1880 Gabriel
1037 1821 1102 1881 d.
1138 1815 1194 1877 1.
1230 1836 1291 1895 q.
1323 1819 1387 1879 2.
1422 1824 1548 1880 art.
1595 1822 1653 1882 3.
1703 1822 1852 1883 dub.
1898 1821 1958 1883 2.
2002 1823 2305 1900 Vasquez

746 1935 806 1996 3.
847 1939 1028 2010 part.
1058 1935 1225 2012 disp.
1277 1938 1410 1999 135.
1463 1953 1609 2012 cap.
1653 1938 1715 1999 2.

820 2049 1230 2115 Contrarium
1273 2059 1490 2115 autem
1539 2051 1734 2116 docet
1783 2054 1976 2117 Sotus
2009 2058 2077 2117 in
2117 2058 2179 2118 4.
2234 2057 2295 2118 d.

420 2212 684 2266 Contraria
745 2168 798 2229 1.
835 2186 894 2245 q.
929 2169 989 2229 5.
1026 2176 1152 2231 art.
1186 2170 1247 2233 4.
1283 2169 1525 2232 Suarez
1564 2175 1721 2233 com.
1773 2172 1832 2233 3.
1881 2171 1944 2231 d.
1997 2173 2098 2235 18.
2146 2176 2295 2234 sect.

409 2277 685 2390 wggffigfl·
740 2287 799 2347 2.
864 2290 1068 2349 311331
1113 2304 1227 2365 pro
1275 2288 1507 2350 eadem
1567 2289 1645 2351 D.
1702 2288 2043 2361 Thomam,
2103 2292 2171 2349 et
2222 2289 2299 2359 D,

440 2403 650 2453 suarez.
735 2404 1268 2466 Bonaventuram
1319 2412 1384 2467 et
1426 2404 1841 2480 Richardum,
1875 2406 2172 2484 quamvis
2203 2402 2298 2484 (ut

737 2520 911 2582 bene
943 2521 1544 2602 notavitVasquez)
1592 2523 1725 2585 haec
1769 2525 1850 2583 sit
1891 2523 2106 2604 magis
2152 2539 2298 2599 pro·

736 2634 876 2713 pria
941 2636 1409 2700 modernorum
1467 2642 1790 2702 sententia
1851 2656 2050 2719 quam
2107 2645 2292 2702 ante-

732 2754 1004 2829 riorum,
1055 2757 1166 2833 qui
1218 2756 1587 2832 obscuriu8‚
1634 2761 1746 2819 aut
1796 2757 1918 2819 3113
1961 2773 2165 2819 sensu
2202 2757 2297 2818 lo·

733 2870 864 2932 cuti
895 2876 1071 2935 sunt.

818 2985 1085 3058 Verum,
1116 2989 1187 3047 ut
1215 2987 1611 3049 scholiastes
1649 2989 1756 3057 ait,
1811 2991 1911 3049 est
1958 2988 2293 3049 contentio

472 3098 649 3218 ngfgit
741 3098 824 3161 de
873 3117 1062 3177 voce,
1115 3104 1274 3165 ratio
1339 3107 1561 3165 autem
1608 3103 1903 3165 Doctoris
1947 3100 2290 3165 manifesta

412 3213 686 3328 ἑξίξξὲξὲο
739 3225 861 3290 est,
922 3218 1076 3298 quia
1133 3218 1216 3281 de
1267 3219 1522 3282 ratione
1573 3220 1976 3284 Sacramenti
2036 3224 2162 3290 est,
2222 3225 2295 3281 ut

424 3340 668 3391 Probatio
733 3337 818 3397 sit
885 3337 1151 3415 signum
1220 3343 1474 3398 certum
1538 3342 1604 3398 et
1664 3335 2000 3399 infallibile
2079 3337 2164 3399 de
2218 3353 2291 3398 se

441 3404 640 3454 efficax.
735 3467 818 3512 ex
874 3452 1306 3526 institutione,
1374 3457 1441 3514 et
1510 3451 1766 3524 efficax,
1815 3471 2011 3533 quam
2073 3453 2290 3518 effica-

736 3572 902 3632 ciam
942 3569 1142 3631 habet
1174 3586 1295 3647 per
1336 3571 1539 3647 ipsam
1585 3571 2090 3645 institutionem;
2129 3587 2287 3653 ergo

730 3686 903 3750 illius
931 3687 1132 3749 solius
1164 3691 1266 3748 est
1296 3685 1454 3749 dare
1490 3685 1847 3751 efficaciam
1902 3696 1968 3753 et
2016 3692 2291 3754 certitu-

733 3802 950 3865 dinem
985 3803 1046 3865 in
1092 3820 1169 3865 ea
1211 3801 1553 3867 fundatam
1596 3806 2045 3879 SacramentO,
2079 3810 2147 3869 in
2181 3823 2288 3868 cu·

719 3919 834 3998 Jus
879 3924 1205 3996 potestate
1237 3926 1339 3982 est
1368 3921 1776 4002 conjungere
1808 3923 2082 4002 physice
2122 3923 2286 3984 effe-

732 4041 907 4100 ctum
952 4037 1073 4116 ipsi
1119 4040 1567 4112 Sacrament0‚
1599 4039 1724 4100 hoc
1757 4045 1982 4102 autem
2026 4046 2131 4103 est
2176 4057 2289 4102 so-

730 4153 854 4215 lius
885 4154 1045 4227 Dei;
1082 4170 1238 4233 ergo
1274 4161 1340 4215 et
1383 4154 1720 4218 instituere
1765 4157 2283 4222 Sacramentum.

523 4297 590 4369 5.·.
812 4268 996 4332 Viam
1053 4276 1274 4333 autem
1327 4272 1723 4335 conciliandi
1763 4272 1881 4336 has
1940 4276 2287 4354 opiniones

387 4359 700 4488 ffisssskssff
729 4388 972 4449 Doctor
1001 4390 1063 4450 in
1094 4389 1309 4450 littera
1340 4389 1644 4466 explicat.
1691 4391 1882 4467 Quod
1921 4393 1973 4453 si
2022 4393 2280 4455 institu-

412 4500 648 4601 Dostssre.
729 4505 813 4566 tio
868 4510 1168 4566 sumatur
1223 4508 1513 4582 praecise,
1592 4512 1665 4570 ut
1736 4513 1837 4570 est
1908 4508 2280 4589 designatio

722 4617 946 4682 formae
990 4625 1056 4682 et
1093 4625 1385 4685 materiae
1425 4624 1772 4696 sensibiliS,
1808 4630 1881 4687 ut
1912 4626 2285 4703 praescindit

724 4753 761 4799 a
795 4737 1184 4801 certitudine
1217 4744 1284 4801 et
1314 4738 1602 4804 efficacia
1632 4748 1943 4819 respectu
1974 4745 2277 4814 31133133,

387 3027 541 3076 Sacra
549 3042 696 3080 meu-

721 4861 815 4923 sic
861 4878 1057 4941 posse
1106 4860 1301 4926 talem
1362 4864 1785 4944 potestatem}
1809 4872 2281 4935 communicari

374 5031 686 5100 Designandi
723 4986 1057 5044 creaturae.
1106 4981 1178 5044 Et
1207 4981 1332 5044 1133
1364 4988 1564 5059 patet,
1610 4985 1758 5062 quia
1790 4985 1883 5046 sic
1910 4986 2113 5065 aliqui
2143 4988 2278 5067 {sta-

399 5101 666 5150 materiam
725 5103 916 5162 tuunt
935 5098 1300 5161 remedium
1330 5099 1499 5180 legis
1530 5103 1781 5162 naturae
1806 5099 2008 5164 fuisse
2033 5104 2276 5167 institu-

387 5165 668 5276 cffifflffii'-
728 5217 886 5286 tum,
934 5217 1100 5277 utin
1130 5222 1453 5294 potestate
1500 5217 1850 5296 cujuslibet
1880 5224 2059 5281 esset
2087 5236 2271 5283 assu-

453 5301 622 5414 ρὲῗὲζι
721 5345 899 5392 mere
970 5333 1333 5410 quamlibet
1403 5349 1545 5396 rem
1599 5332 1682 5396 ad
1729 5335 2274 5411 protestationem

389 5416 660 5464 creatum.
715 5443 894 5515 fidei,
928 5446 1020 5507 sic
1051 5447 1336 5512 Christus
1368 5467 1489 5528 per
1516 5455 1904 5530 potestatem
1935 5452 2267 5515 excellen-

729 5561 831 5625 tiae
855 5562 1132 5626 instituit
1156 5566 1582 5631 Sacramenta
1610 5582 1743 5647 qua
1771 5568 2010 5645 homo;
2049 5572 2117 5633 et
2146 5570 2271 5632 sic-

2423 886 2585 948 riam
2624 892 2693 949 et
2729 887 3031 960 formam,
3078 893 3299 951 tamen
3343 884 3498 947 inde
3548 902 3689 948 non
3732 900 3959 961 seque·

2421 1009 2604 1067 retur
2634 1003 2957 1065 certitudo
3011 1008 3081 1065 et
3121 1002 3412 1065 efficacia
3458 1001 3632 1082 signi
3675 1001 3953 1072 instituti,

2420 1120 2539 1182 sed
2615 1137 2698 1183 ex
2755 1119 3021 1182 decreto
3092 1121 3233 1194 Dei,
3307 1136 3435 1197 quo
3500 1117 3955 1180 determinaret
3994 1166 4154 1219 cerum

2423 1236 2953 1299 concurrendum
3020 1234 3394 1298 infallibiter
3439 1233 3527 1297 ad
3586 1237 3805 1315 signa,
3847 1230 4154 1342 ὴοοῑίεωὲῗ

2422 1352 2614 1415 modo
2662 1353 2979 1425 instituta,
3017 1352 3084 1413 in
3124 1350 3356 1414 ordine
3387 1351 3472 1413 ad
3503 1350 3841 1412 effectum.
3872 1350 4154 1410 Abeamu-

2419 1469 2541 1529 3113
2618 1486 2779 1549 ergo
2853 1470 3041 1549 signa
3121 1468 3217 1530 sic
3281 1468 3573 1529 instituta
3644 1466 3955 1527 haberent

2415 1588 2904 1666 impositionem
2941 1607 2956 1661 3
3006 1589 3087 1650 ab
3120 1588 3245 1650 3113
3294 1603 3449 1649 vero
3499 1603 3693 1649 suam
3732 1587 3951 1647 verita·

2419 1709 2576 1776 tem,
2609 1721 2646 1765 a
2678 1708 2975 1767 creatura
3005 1707 3313 1782 primum,
3355 1701 3731 1766 secundum
3762 1719 3801 1763 a
3831 1702 3950 1763 Deo

2414 1820 2756 1896 haberent,
2813 1825 2881 1883 et
2921 1820 3046 1881 hoc
3092 1818 3293 1881 modo
3345 1819 3512 1881 alius
3560 1824 3744 1880 esset
3783 1822 3952 1879 actus

2412 1933 2863 2008 institutioniS,
2909 1922 3095 1996 alius'
3130 1949 3285 1995 vero
3348 1932 3806 1996 determinatae
3863 1948 3954 1992 co-

2414 2050 2813 2127 operationis

2490 2165 2588 2228 Ad
2620 2166 2795 2227 hunc
2836 2166 3274 2245 posteriorem
3322 2164 3599 2229 modum
3644 2182 3771 2228 seu
3819 2180 3952 2227 sen·

2411 2298 2580 2355 sum,
2636 2281 2867 2346 reduci
2924 2289 3142 2361 potest
3187 2284 3480 2347 secunda
3526 2283 3773 2361 opinio,
3815 2295 3953 2361 quae

2413 2404 2665 2461 tantum
2714 2399 2995 2462 intendit
3051 2406 3446 2478 potestatem
3503 2400 3950 2479 principalem,

2410 2521 2477 2577 et
2506 2517 3025 2578 auctoritativam
3077 2532 3212 2578 non
3256 2531 3456 2593 posse
3488 2516 3952 2577 communicari

2411 2641 2726 2699 creaturae
2758 2653 2774 2709 ;
2809 2634 3297 2696 ministerialem
3330 2649 3488 2695 vero
3520 2650 3752 2712 posse.

2487 2751 2714 2813 Melius
2761 2756 2979 2811 tamen
3041 2747 3300 2820 dicitur,
3358 2748 3535 2809 illam
3593 2747 3951 2827 designati·

2406 2885 2605 2930 onem
2649 2867 2969 2937 materiae,
3023 2881 3171 2928 esse
3203 2867 3673 2943 incompletam
3711 2864 3952 2926 institu-

2409 2989 2652 3049 tionem
2684 2983 3109 3055 Sacramenti,
3153 2980 3237 3043 de
3286 2981 3475 3061 cujus
3521 2981 3781 3043 ratione
3835 2984 3951 3052 est,

2403 3112 2478 3167 ut
2525 3105 2608 3165 sit
2648 3104 2913 3183 signum
2961 3099 3193 3164 efficax
3242 3104 3311 3161 et
3360 3105 3639 3172 certum,
3697 3098 3876 3177 quod
3918 3114 3953 3158 a

2403 3223 2583 3286 nullo
2647 3226 2869 3299 potest
2926 3218 3315 3298 participare
3374 3216 3497 3280 nisi
3555 3198 3638 3278 ab
3714 3231 3818 3290 eo,
3887 3216 3950 3277 in

2405 3339 2587 3418 cujus
2617 3341 2945 3417 potestate
2974 3335 3246 3415 physica
3277 3338 3377 3395 est
3421 3332 3703 3394 effectus
3726 3332 3949 3394 Sacra-

2403 3457 2630 3527 menti,
2679 3454 2960 3534 ejusque
3010 3448 3383 3532 conjunctio
3438 3446 3525 3511 ad
3578 3448 3801 3526 ipsum
3847 3448 3951 3509 Sa-

2404 3575 2811 3634 cramentum
2840 3569 2907 3632 in
2938 3584 3087 3631 usu.

2481 3689 2710 3766 Neque
2768 3685 3119 3749 auctoritas
3175 3683 3521 3763 Augustini
3577 3683 3646 3744 in
3691 3681 3949 3761 opposi·
4077 3685 4110 3732 ὰ

2398 3807 2536 3864 tum
2589 3802 2875 3865 adducta
2948 3801 3287 3881 quidpiam
3335 3806 3557 3880 urget.
3621 3800 3796 3861 Talis
3852 3803 3950 3861 est

2398 3930 2587 3989 tract.
2649 3926 2710 3985 5.
2758 3926 2825 3984 in
2866 3924 3054 3985 Ιοαη.
3108 3924 3320 3984 Potuit
3366 3927 3585 3983 aulem
3642 3922 3950 3982 Dominus

2396 4052 2615 4107 noster
2638 4044 2820 4106 lesus
2849 4042 3159 4115 Christus,
3190 4042 3253 4101 si
3269 4038 3461 4102 vellet
3490 4041 3652 4102 dare
3675 4043 3949 4115 potesta·

2397 4169 2523 4225 tem
2568 4163 2775 4225 alicui
2811 4176 2991 4224 servo
3034 4174 3176 4230 suc,
3220 4162 3287 4217 ut
3327 4158 3511 4218 daret
3552 4157 3948 4231 Baptismum

2395 4295 2579 4340 suum
2620 4284 2927 4356 tanquam
2987 4276 3123 4337 vice
3160 4289 3306 4343 sua,
3336 4276 3393 4332 ct
3423 4272 3789 4348 transferre
3818 4286 3859 4330 a
3889 4285 3949 4329 se

2397 4397 2773 4473 baptizandi
2791 4399 3189 4472 potestatem,
3224 4396 3281 4452 et
3311 4389 3697 4451 constituere
3724 4390 3792 4448 in
3821 4386 3942 4447 ali·

2394 4529 2517 4590 quo
2546 4528 2729 4573 servo
2758 4527 2895 4582 suo,
2953 4513 3010 4569 et
3046 4514 3296 4569 tantam
3335 4505 3466 4565 vim
3511 4507 3677 4566 dare
3725 4504 3944 4579 Bapti-

2392 4645 2528 4690 smo
2584 4628 2902 4690 translato
2958 4627 3027 4686 in
3081 4638 3358 4690 servum,
3430 4624 3744 4697 quantam
3811 4621 3939 4680 vim

2391 4746 2652 4806 haberet
2680 4743 3039 4820 Baptismus
3067 4741 3254 4802 datus
3281 4756 3323 4800 a
3349 4738 3643 4808 Domino,
3691 4739 3819 4797 etc.

2471 4857 2957 4935 Respondetur,
3029 4854 3353 4916 Christum
3435 4868 3569 4914 non
3642 4850 3935 4931 potuisse
3963 4854 4139 4968 Eggffl

2391 4973 2742 5037 transferre
2773 4991 2808 5035 a
2837 4990 2911 5036 se
2952 4976 3376 5051 potestatem,
3422 4986 3589 5048 quae,
3642 4977 3717 5032 ut
3766 4970 3936 5030 Deus
3964 4980 4138 5044 augum

2391 5097 2553 5163 erat,
2583 5089 2705 5153 fuit
2733 5092 2801 5152 in
2845 5106 2923 5152 33
2955 5086 3330 5167 principalis
3360 5090 3427 5148 et
3457 5085 3930 5154 auctoritativa;

2386 5222 2608 5284 neque
2640 5205 2833 5267 etiam
2856 5207 3252 5282 potestatem
3283 5200 3715 5269 excellentiae,
3741 5213 3935 5278 quam

2385 5321 2614 5383 habuit
2640 5326 2710 5382 31
2738 5319 2961 5392 113133,
2995 5319 3145 5398 quia
3179 5318 3314 5379 haec
3334 5316 3457 5392 ipsi
3489 5315 3928 5376 conveniebat

2385 5439 2453 5496 et
2483 5431 2809 5507 convenit,
2843 5449 2965 5512 qua
3016 5440 3207 5513 caput
3238 5437 3378 5504 est3
3426 5445 3587 5510 ergo
3618 5432 3928 5510 Augusti·

2380 5566 2506 5614 nus
2562 5565 2697 5613 non
2756 5546 2958 5612 debet
3026 5547 3307 5627 intelligi
3361 5544 3445 5608 de
3507 5545 3930 5608 translatione
