4255 6375
771 392 890 454 636

788 555 937 637 est,
1012 531 1157 649 per
1207 576 1448 648 quam
1510 557 1809 629 habens
1890 556 2144 641 illam,
2207 561 2332 627 est

794 676 1376 751 convenienter
1434 682 1716 751 natum
1806 678 1973 770 pati
2060 695 2106 746 a
2185 675 2333 749 tali

795 799 1107 883 agente,
1166 795 1351 886 quia
1410 799 1490 868 et
1558 796 1718 868 isto
1784 795 2014 867 modo
2075 796 2339 886 potest

794 909 1087 983 relatio
1182 932 1352 983 esse
1428 910 1858 1004 dispositio
1960 910 2332 1000 respectu

788 1024 1370 1117 cujuscumque
1466 1026 1783 1117 agentis
1855 1023 2328 1105 voluntarii,

786 1139 997 1215 sicut
1065 1142 1359 1233 aliquis
1434 1142 1897 1214 voluntarie
1949 1142 2185 1213 habet
2255 1140 2337 1212 fi-

788 1256 987 1329 lium
1036 1279 1182 1350 pro
1253 1259 1764 1332 convenienti
1837 1259 2181 1351 objectO,
2231 1257 2338 1329 si-

796 1396 891 1446 ve
952 1395 1192 1467 passo
1254 1375 1599 1467 alicujus
1642 1375 2025 1456 actionis;
2082 1375 2331 1446 alium

789 1508 1063 1574 autem
1117 1522 1276 1573 non
1319 1503 1490 1575 sine
1561 1502 1710 1576 tali
1774 1502 2173 1573 relatione
2214 1499 2343 1570 ha·

787 1627 918 1700 bct
978 1648 1131 1721 pro
1192 1628 1702 1701 convenienti
1808 1648 2074 1721 passo,
2148 1625 2341 1697 licet

786 1743 1124 1835 aequalis
1194 1744 1299 1816 sit
1371 1743 1448 1816 in
1518 1744 1887 1817 omnibus
1943 1741 2341 1815 absolutis

789 1861 986 1934 filio.

890 1978 999 2050 Ad
1077 1979 1294 2051 aliud
1335 1980 1424 2052 de
1496 1978 2056 2058 similitudine,
2125 1980 2348 2068 patet

793 2095 1197 2186 quomodo
1269 2095 1717 2167 similitudo
1784 2114 1947 2166 non
2028 2096 2344 2167 tantum

792 2211 1185 2285 fundatur
1247 2233 1492 2305 super
1534 2211 2055 2294 Qualitatem‚
2105 2213 2192 2282 ut
2226 2214 2349 2281 est

785 2348 1038 2420 genus
1059 2329 1555 2415 distinctum,
1578 2331 1706 2402 sed
1735 2333 1824 2402 ut
1854 2326 2352 2420 generaliter

792 2446 1213 2519 invenitur
1258 2447 1335 2519 in
1381 2447 1748 2520 omnibus
1797 2445 2087 2518 formis
2135 2442 2347 2516 ratio

794 2562 1012 2656 ejus;
1090 2563 1244 2636 hoc
1314 2565 1528 2637 enim
1600 2564 1835 2636 modo
1881 2561 2351 2634 mentaliter

795 2675 1237 2752 crucifixus
1291 2685 1556 2772 potest
1589 2680 1744 2752 dici
1789 2679 2082 2751 similis
2118 2676 2348 2752 Chri-

795 2800 923 2869 sto
976 2796 1370 2869 crucifixo
1414 2797 1991 2889 corporaliter.

1255 3097 1896 3160 COMMENTARIUS.

884 3342 972 3423 (a)
1016 3344 1380 3419 Respondeo
1431 3358 1608 3418 erqo,
1663 3345 1789 3402 etc.
1843 3341 2050 3402 Docet
2088 3341 2239 3419 poni
2288 3342 2352 3401 in

491 3420 767 3534 culi-'iaa-
805 3459 1037 3538 prima,
1097 3457 1200 3518 vel
1246 3460 1307 3517 in
1366 3454 1661 3517 secunda
1717 3456 1941 3534 specie
1987 3457 2348 3532 Qualitatis.

449 3545 774 3658 ffrssiprsissffg:
805 3576 943 3636 Haec
975 3572 1286 3634 resolutio
1316 3572 1612 3649 sequitur
1642 3587 1723 3632 ex
1752 3575 2074 3648 praemissa
2109 3570 2350 3634 doctri-

443 3672 573 3784 ggffi
595 3686 775 3784 {gaci
805 3709 910 3765 na,
963 3706 1091 3768 qua
1140 3687 1374 3751 eadem
1406 3691 1629 3766 specie
1676 3688 1951 3767 qualitas
1980 3690 2353 3753 secundum

454 3800 641 3863 potest.
805 3814 1096 3875 diversas
1141 3811 1571 3887 proprietates
1620 3812 1839 3885 potest
1883 3806 1966 3868 ad
1995 3813 2351 3886 utrumque

798 3929 969 3989 hanc
1014 3925 1308 4003 speciem
1363 3921 1632 3995 reduci;
1681 3923 1789 3999 qui
1836 3929 2051 3984 autem
2106 3922 2353 3986 condu-

801 4047 955 4103 cunt
1020 4039 1403 4101 divisionem
1462 4038 1636 4098 illam
1683 4038 2158 4099 Aristotelicam
2207 4054 2353 4100 esse

801 4175 922 4238 per
952 4172 1146 4218 veras
1179 4153 1611 4229 differentiaS‚
1665 4152 2076 4215 contendunt
2124 4154 2350 4216 chara-

806 4279 1054 4336 cterem
1096 4272 1181 4335 ad
1224 4288 1420 4333 unam
1476 4275 1727 4332 tantum
1767 4274 2060 4348 speciem
2099 4270 2352 4345 reduci,

804 4393 986 4454 verbi
1009 4392 1243 4472 gratia,
1287 4392 1363 4451 D.
1396 4390 1676 4452 Thomas
1706 4389 1792 4451 ad
1821 4389 2182 4453 secundam
2217 4405 2357 4451 eam

807 4509 1087 4577 reducit,
1123 4509 1273 4587 quia
1308 4512 1409 4570 est
1450 4509 1763 4584 potentia.
1813 4506 1941 4568 Sed
1975 4512 2199 4568 contra
2231 4508 2357 4569 hoc

445 4602 773 4715 actffi’oen‘ffi
804 4626 1087 4699 videtur,
1145 4624 1325 4704 quod
1398 4625 1735 4687 character
1803 4624 2194 4702 inquantum
2258 4629 2357 4686 est

444 4728 949 4841 ξξξῗὲζῖξξξιθῐιε,
1024 4743 1269 4805 debeat
1338 4742 1639 4804 collocari
1687 4742 1750 4802 in
1810 4740 2352 4818 praedicamentO,

450 4854 677 4906 moratis.
803 4862 925 4925 sed
959 4866 1252 4940 potestas
1283 4860 1491 4921 activa
1523 4863 1633 4920 aut
1666 4857 1923 4937 passiva
1962 4860 2355 4923 characteris

804 4996 933 5042 non
965 4978 1227 5041 videtur
1270 4975 1447 5041 aliud
1480 4994 1677 5055 quam
1708 4982 2053 5054 respectus
2093 4977 2355 5040 moralis

801 5115 891 5161 ex
929 5098 1263 5165 instituto:
1326 5111 1484 5174 ergo
1542 5092 1911 5156 secundum
1981 5094 2163 5156 illum
2222 5110 2353 5156 non

798 5214 1029 5293 recipit
1072 5212 1387 5290 speciem,
1459 5216 1570 5273 aut
1640 5211 1871 5273 sedem
1929 5212 1993 5273 in
2048 5211 2356 5288 praedica·

797 5339 1065 5404 mento;
1121 5330 1459 5391 character
1510 5330 1678 5389 enim
1732 5328 2159 5408 baptismaliS,
2207 5328 2355 5389 licet

801 5450 884 5511 sit
948 5447 1249 5508 habilitas
1314 5461 1435 5507 seu
1484 5444 1803 5522 potentia,
1874 5460 2001 5521 qua
2059 5444 2358 5505 redditur

806 5560 1175 5639 subiectum
1248 5576 1452 5639 capax
1524 5557 1755 5639 gratiae
1840 5558 2353 5632 sacramentalis,

445 4477 508 4527 D.
566 4479 747 4552 Thom.

464 4547 737 4591 sententia.

1928 396 2072 456 [ΑΒ.
2108 395 2210 457 lv.
2242 393 2839 458 SENTENTIARUM

2446 555 2552 618 vel
2581 554 2856 618 aliorum
2897 557 3492 620 sacramentorum.
3544 558 3816 619 Primum
3853 562 3947 636 ipsi

2447 673 2780 749 competit,
2841 677 2914 734 ut
2956 679 3056 736 est
3110 672 3321 735 forma
3382 673 3744 751 disponens
3792 679 3951 752 prior,

2446 805 2577 851 non
2612 805 2695 850 ex
2725 795 2952 851 natura
2997 790 3114 864 rei,
3149 793 3304 870 quia
3345 793 3555 870 gratia
3589 797 3800 869 potest
3835 793 3950 854 sim·

2448 905 2701 982 pliciter
2730 908 3196 969 communicari
3246 912 3432 969 extra
3481 909 3955 980 Sacramentum,

2450 1037 2584 1083 non
2626 1024 2971 1099 supposito
3036 1022 3443 1094 charactere,
3491 1041 3644 1086 cum
3704 1039 3824 1102 quo
3861 1042 3963 1087 noa

2450 1134 2646 1197 habet
2702 1139 3181 1201 connexionem
3241 1140 3615 1220 physicam,
3676 1141 3818 1217 quia
3862 1143 3965 1201 sive

2450 1268 2570 1330 per
2598 1253 3119 1329 Sacramentum,
3151 1257 3287 1319 sive
3320 1258 3507 1317 aliter
3558 1263 3742 1316 extra
3794 1260 3966 1333 ipsum

2454 1378 2764 1436 causetur
2816 1391 2854 1436 a
2906 1375 3069 1447 De0,
3131 1393 3263 1438 non
3311 1380 3517 1439 variat
3553 1376 3895 1438 essentiam
3919 1385 3966 1439 et

2453 1492 2756 1550 naturam
2788 1491 2960 1570 ejuS,
2991 1491 3116 1553 sed
3146 1492 3408 1554 modurn
3444 1496 3710 1554 tantum
3742 1506 3969 1553 causan·

2457 1603 2519 1664 di
2563 1605 2918 1679 moralem;
2953 1622 3113 1685 ergo
3159 1608 3224 1667 in
3267 1607 3702 1669 Sacramento
3745 1611 3975 1670 eatenus

2454 1723 2768 1797 supponit
2805 1721 3277 1796 characterem,
3324 1730 3666 1802 quatenus
3711 1725 3874 1785 Deus
3910 1727 3975 1784 ita

2456 1835 2681 1909 voluit,
2730 1852 2862 1898 non
2925 1853 3079 1900 vero
3154 1855 3236 1901 ex
3302 1840 3710 1901 necessitate
3779 1839 3975 1912 forma,

2458 1964 2678 2029 neque
2750 1952 2957 2024 aliter,
3032 1970 3231 2032 quam
3302 1955 3501 2016 etiam
3555 1960 3636 2016 ut
3687 1955 3979 2017 mediante

2459 2065 2588 2128 fide
2621 2071 2687 2129 et
2715 2070 3027 2144 operibus
3073 2076 3400 2144 causatur,
3431 2072 3856 2149 praerequirit
3875 2073 3981 2150 ipsa

2463 2200 2689 2261 opera,
2719 2191 2790 2247 ut
2818 2185 3292 2263 poenitentiam.

2544 2298 2922 2361 Secundum
2980 2301 3171 2361 etiam
3229 2308 3433 2379 patet,
3494 2302 3656 2381 quia
3699 2304 3983 2380 capacitas

2462 2416 2832 2492 respective
2876 2413 2960 2476 ad
2990 2418 3113 2477 alia
3158 2417 3584 2480 Sacramenta
3638 2425 3742 2480 est
3783 2435 3859 2479 ex
3896 2421 3982 2479 Dei

2462 2531 2898 2605 institutione,
2944 2537 3018 2593 ut
3065 2537 3264 2611 patet,
3311 2536 3664 2611 supposita
3716 2535 3982 2613 opinione

2462 2644 2806 2724 probabili,
2856 2663 2999 2724 quae
3045 2652 3226 2710 tenet
3275 2649 3688 2727 Baptismum
3737 2665 3866 2709 non
3887 2650 3975 2710 ha·

2462 2762 2685 2825 buisse
2735 2762 3093 2827 efficaciam
3142 2770 3297 2828 ante
3348 2768 3899 2830 resurrectionem
3937 2773 3983 2827 et

2462 2885 2737 2944 mortem
2798 2880 3049 2953 Christi,
3098 2882 3363 2961 quando
3419 2883 3570 2962 ejus
3621 2882 3836 2945 forma
3876 2883 3988 2943 data

2464 3001 2590 3069 est,
2650 3013 2793 3075 quae
2846 3001 2946 3059 est
3002 2999 3331 3060 sententia
3404 3000 3650 3061 Leonis
3725 3001 3901 3079 Papae
3943 3005 3990 3058 et

2464 3113 2763 3187 aliorum,
2837 3128 3002 3191 quos
3077 3129 3276 3190 supra
3349 3115 3739 3189 citavimus;
3811 3120 3992 3177 tamen

2463 3228 2666 3292 fuisse
2709 3228 3044 3290 ordinatos
3087 3230 3441 3307 Apostolos
3484 3231 3901 3301 Sacerdotes,
3944 3236 3993 3291 et

2466 3348 2978 3408 communicasse
3052 3361 3295 3408 mensae
3366 3348 3634 3410 Domini
3707 3345 3990 3409 sumendo

2463 3461 2929 3524 Eucharistiam
2960 3462 3026 3521 in
3059 3461 3287 3522 ultima
3316 3461 3519 3524 Coena
3553 3469 3839 3526 constat.
3886 3465 3988 3525 Hoc

2463 3579 2634 3641 idem
2695 3582 2876 3656 patet
2934 3576 3128 3639 etiam
3170 3577 3252 3638 de
3295 3578 3713 3653 charactere,
3755 3580 3990 3659 inquan-

2468 3698 2602 3756 tum
2663 3699 2762 3754 est
2818 3697 3109 3771 potestas
3152 3693 3356 3754 activa
3413 3696 3478 3754 in
3521 3694 3796 3769 ordine,
3864 3697 3984 3775 quia

2466 3815 2568 3871 est
2609 3814 2901 3886 potestas
2941 3809 3228 3881 moralis,
3291 3815 3357 3870 et
3425 3826 3561 3871 non
3629 3812 3986 3890 principium

2468 3926 2813 4006 physicum
2867 3927 2967 3987 sui
3021 3931 3248 3997 actus;
3309 3930 3521 4005 magis
3564 3944 3734 4009 ergo
3765 3928 3986 3991 videtur

2469 4043 2804 4105 character
2871 4041 3259 4103 statuendus
3328 4043 3396 4103 in
3471 4043 3685 4120 prima
3773 4044 3984 4122 specie,

2470 4159 2619 4238 quia
2687 4164 2942 4221 constat
3011 4176 3158 4221 esse
3228 4175 3350 4237 per
3417 4158 3696 4222 modum
3768 4161 3988 4221 habitus

2471 4271 2818 4336 difficulter
2844 4273 3101 4335 mobilis
3131 4278 3196 4335 et
3226 4272 3631 4336 indelebilis.
3668 4274 3802 4337 Sed
3831 4273 3985 4354 quid·

2471 4388 2628 4469 quid
2687 4388 2939 4450 dicatur
2991 4405 3099 4450 res
3170 4394 3268 4451 est
3327 4388 3645 4465 obscura;
3696 4391 3988 4453 salvantur

2471 4507 2643 4568 enim
2704 4503 2983 4567 Concilia
3045 4509 3111 4565 et
3153 4505 3400 4576 PatreS‚
3463 4506 3693 4583 quoad
3752 4524 3827 4569 ea
3868 4521 3981 4584 qnae

2471 4625 2553 4687 de
2586 4625 2963 4688 charactere
3008 4624 3250 4686 docent
3296 4624 3582 4705 utroque
3631 4626 3855 4703 mode,
3890 4626 3983 4687 sal·

2468 4749 2704 4805 vantur
2735 4752 2798 4805 et
2827 4745 3265 4820 proprietates
3303 4744 3475 4823 ejus,
3530 4749 3671 4805 tam
3724 4760 3983 4806 commu·

2466 4879 2588 4925 nes
2621 4876 2817 4940 quam
2857 4859 3305 4938 particulares,
3356 4877 3501 4939 quae
3544 4867 3625 4921 ut
3669 4862 3976 4940 plurimum

2467 4986 2621 5044 sunt
2668 4978 2946 5039 morales
2994 4983 3225 5055 praeter
3266 4977 3413 5052 hoc,
3475 4978 3658 5056 quod
3719 4985 3816 5042 est
3864 4992 3979 5038 esse

2465 5096 2736 5160 formam
2767 5092 3170 5172 spiritualem
3203 5094 3593 5170 impressam
3644 5097 3891 5165 animae,
3931 5097 3978 5151 et

2466 5214 2918 5285 indelebilem,
2970 5210 3149 5292 quod
3203 5213 3412 5292 magis
3455 5214 3722 5291 proprie
3761 5214 3974 5290 spectat

2468 5332 2550 5393 ad
2622 5330 2943 5393 habitum.
2991 5331 3205 5402 Dices,
3262 5329 3507 5390 Doctor
3570 5329 3723 5392 dicit
3786 5325 3971 5390 reduci

2470 5461 2667 5524 posse
2727 5444 2812 5506 ad
2868 5443 3225 5507 secundam
3285 5444 3624 5520 speciem;
3685 5461 3834 5524 ergo
3879 5440 3969 5502 erit

2474 5562 2795 5639 potentia,
2869 5563 2932 5620 et
3001 5572 3129 5619 non
3196 5558 3488 5620 moralis.
3563 5556 3968 5639 Respondetur

4031 2693 4130 2744 pam
