4255 6375
718 380 839 445 622

721 540 1119 623 absoluta,
1199 543 1360 614 imo
1424 541 1724 616 sufficit
1792 542 1871 613 in
1949 540 2255 621 multis,

721 658 924 748 quod
980 658 1088 732 sit
1158 659 1715 733 tantummodo
1780 656 2071 730 relatio
2138 677 2260 728 ra-

1905 382 2047 444 LlB.
2097 382 2199 445 IV.
2254 380 2850 446 SENTEN'HARUM

2370 538 2606 612 domo
2649 540 2939 634 patriS,
2986 560 3225 632 quem
3256 558 3418 611 non
3451 541 3713 631 potest
3743 558 3888 610 non

2371 655 2610 730 filius.
2659 661 2760 733 Et
2794 658 3118 734 iterum,
3181 677 3434 749 nepos
3519 655 3750 728 habet
3780 656 3904 728 ali·

720 773 993 848 tionis.
1068 774 1288 856 Quod
1341 773 1740 866 probatur
1826 772 2258 845 secundum
2374 794 2614 865 quam
2685 775 3277 850 auctoritatem
3357 773 3792 866 exequendi
3838 794 3904 843 a·

719 911 884 969 eos,
966 889 1157 983 quia
1236 890 1815 982 Episcopatum
1912 909 2072 960 non
2151 888 2263 959 di-

720 1013 913 1083 cunt
952 1018 1131 1080 esse
1183 1006 1544 1079 ordinem
1604 1006 1827 1081 ultra
1886 1004 2265 1078 Sacerdo-

725 1123 956 1205 tium,
1076 1129 1347 1199 tamen
1463 1123 1911 1217 Episcopus
2024 1119 2268 1194 habet

728 1241 1214 1332 potestatem
1283 1239 1530 1313 talem
1612 1237 2262 1320 ministerialem,

727 1373 967 1447 quam
1033 1373 1196 1426 non
1267 1352 1507 1426 habet
1556 1372 1718 1423 non
1761 1351 2210 1444 Episcopus
2251 1377 2265 1433 ;

725 1473 850 1542 est
902 1467 1118 1541 enim
1179 1469 1665 1540 conveniens
1736 1466 2112 1540 minister
2192 1465 2272 1538 in

733 1585 1052 1678 aliquod
1095 1589 1307 1666 actu,
1354 1585 1485 1659 cui
1527 1587 1741 1660 Deus
1784 1583 2129 1665 assistit,
2185 1588 2274 1657 ut

734 1705 811 1777 in
854 1709 1037 1778 actu
1094 1703 1536 1786 ordinandi,
1573 1710 1652 1778 et
1684 1724 1842 1777 non
1888 1703 2277 1777 similiter

729 1819 1186 1902 assisteret,
1251 1820 1319 1893 si
1362 1820 1575 1893 alter
1612 1840 1771 1892 non
1824 1819 2274 1912 Episcopus

729 1940 1274 2030 exequeretur
1331 1937 1685 2010 similem
1730 1939 2029 2009 actum.
2077 1940 2273 2010 Con-

731 2052 1119 2125 similiter
1192 2053 1695 2132 constitutus
1748 2052 1991 2144 judex
2051 2051 2119 2123 si
2171 2052 2276 2124 fe·

733 2172 865 2241 rat
936 2167 1448 2249 sententiam,
1542 2168 1945 2242 sententia
2006 2172 2273 2248 tenet;

741 2282 969 2375 prius
1027 2289 1299 2357 autem
1381 2303 1541 2354 non
1603 2284 2026 2363 tenuisset,
2091 2282 2280 2374 quia

737 2398 1140 2474 sententia
1216 2418 1263 2471 a
1333 2418 1492 2471 non
1553 2419 1699 2470 suo
1754 2398 2021 2491 judice
2077 2398 2274 2479 lata,

733 2517 957 2589 nulla
998 2519 1121 2590 est
1156 2518 1331 2609 ipso
1367 2517 1598 2608 jure;
1646 2537 1785 2589 nec
1829 2522 2100 2590 tamen
2146 2515 2280 2588 ille

729 2635 998 2726 judex,
1041 2654 1187 2706 nec
1219 2633 1354 2705 ille
1389 2633 1839 2726 Episcopus
1874 2631 2112 2705 habet
2142 2631 2281 2704 ali-

735 2771 972 2845 quam
1020 2749 1374 2823 formam
1432 2750 1890 2823 absolutam
1946 2748 2277 2831 realem,

731 2888 873 2939 nec
916 2866 1134 2941 forte
1205 2864 1660 2946 relativam,
1735 2864 1892 2936 nisi
1961 2867 2279 2937 tantum

733 2982 1106 3065 rationis,
1160 3000 1398 3074 quam
1435 2981 1662 3073 prius
1706 3000 1861 3050 non
1906 2978 2277 3051 habebat.

730 3101 889 3172 Per
933 3098 1159 3171 illam
1219 3098 1436 3171 enim
1496 3097 1982 3169 relationem
2037 3095 2284 3169 ratio-

731 3217 882 3298 nis,
956 3237 1115 3308 qua
1188 3216 1360 3309 ipse
1413 3236 1461 3288 a
1504 3214 1868 3308 principe
1929 3213 2287 3287 institui-

730 3334 872 3403 tur
931 3332 1202 3424 judex,
1245 3331 1628 3404 voluntas
1690 3329 2082 3422 principis
2164 3348 2284 3400 ra-

733 3448 993 3523 tificat
1062 3447 1546 3522 sententiam
1606 3447 1705 3519 ab
1744 3468 1839 3519 eo
1889 3446 2171 3528 latam,
2207 3449 2286 3517 et

734 3567 907 3638 vult
976 3587 1156 3641 eam
1248 3564 1713 3645 observari;
1777 3583 1939 3634 non
2012 3568 2285 3637 autem

741 3684 1103 3757 ratificat
1172 3681 1657 3756 sententiam
1722 3681 2065 3753 alterius
2125 3699 2287 3752 non

738 3799 1168 3876 constituti
1239 3799 1557 3893 judicis,
1621 3819 1766 3870 nec
1808 3798 1985 3872 vult
2020 3826 2023 3827 f
2062 3797 2287 3870 illam

747 3915 1192 3989 observari.
1264 3918 1364 3990 Et
1442 3915 1555 3985 ita
1623 3914 1778 3986 iste
1849 3933 1992 4006 per
2061 3912 2288 3984 illam

740 4029 1288 4103 habitudinem
1359 4029 1452 4100 ad
1505 4027 2010 4100 voluntatem
2072 4025 2289 4117 prin·

760 4145 993 4238 cipis,
1059 4145 1297 4218 habet
1378 4147 1868 4237 potestatem
1933 4141 2295 4214 ministe-

739 4264 1031 4337 rialem
1069 4268 1438 4356 respectu
1481 4259 1901 4354 principiS,
1941 4262 2027 4332 ut
2071 4260 2289 4351 prin-

739 4380 1027 4474 cipalis
1101 4379 1418 4472 agentis
1480 4380 1579 4451 ad
1624 4378 1973 4469 aliquem
2018 4379 2289 4450 actum

737 4496 1323 4570 convenienter
1400 4495 1950 4587 exequendum
2063 4491 2290 4563 mini·

738 4613 1222 4695 sterialiter,
1263 4634 1498 4704 quem
1540 4612 1710 4684 sine
1771 4609 1919 4684 tali
1976 4609 2296 4682 relatio·

736 4752 838 4803 ne
905 4751 1065 4803 non
1130 4731 1401 4823 posset
1471 4727 2054 4801 convenienter
2110 4746 2293 4797 exe-

753 4844 886 4936 qui
925 4871 940 4926 ;
986 4845 1065 4916 et
1109 4843 1365 4915 multo
1426 4842 1689 4934 magis
1750 4845 2026 4934 posset
2089 4839 2297 4911 rela-

741 4960 863 5034 tio
949 4981 1094 5032 rea
1129 4959 1254 5043 lis,
1294 4959 1361 5031 si
1440 4959 1769 5040 inesset,
1846 4958 2033 5051 poni
2105 4953 2296 5029 talis

754 5081 1121 5170 potestas
1205 5077 1789 5149 convenienter
1860 5073 2298 5166 exequendi

754 5193 1418 5268 ministerialiter
1531 5193 1886 5284 aliquem
1991 5194 2294 5262 actum.

758 5312 994 5384 Patet
1047 5311 1261 5383 enim
1316 5310 1519 5403 quod
1561 5309 1775 5381 filius
1840 5327 1995 5399 qua
2050 5306 2292 5389 filius,

754 5434 1024 5523 potest
1082 5428 1378 5501 habere
1438 5428 1797 5521 aliquam
1856 5426 2298 5500 auctorita-

751 5552 916 5622 tem
984 5545 1422 5638 exequendi
1484 5545 1837 5637 aliquem
1881 5549 2152 5617 actum
2220 5544 2299 5615 in

2379 889 2680 982 liquem
2789 896 3089 975 actum,
3156 891 3348 964 licet
3418 889 3903 972 inferiorem,

2379 1021 2613 1094 quem
2646 1022 2804 1074 non
2844 1006 3109 1096 potest
3143 1023 3300 1075 non
3339 1023 3625 1095 nepos;
3671 1005 3752 1075 et
3791 1023 3906 1095 po-

2377 1120 2635 1192 testas
2683 1118 2843 1193 ista
2886 1119 3000 1191 sic
3038 1118 3564 1212 praecipiendi
3625 1117 3750 1191 vel
3781 1116 3908 1190 im·

2379 1235 2714 1327 perandi
2748 1256 2909 1308 non
2956 1239 3081 1309 est
3123 1237 3282 1310 nisi
3334 1236 3724 1328 cognatio
3792 1236 3908 1310 vel

2379 1351 2696 1425 filiatio.

2475 1468 2604 1543 Sic
2644 1468 2894 1542 etiam
2943 1476 3286 1562 apparet
3328 1470 3425 1541 ad
3473 1469 3658 1542 illas
3706 1474 3910 1561 pote·
4027 1509 4060 1556 a,

2386 1584 2669 1670 stateS,
2708 1584 2799 1657 de
2854 1585 3138 1678 quibus
3191 1586 3583 1677 arguitur
3625 1584 3706 1657 in
3762 1604 3915 1677 spe-

2387 1697 2604 1771 ciali.
2676 1701 2885 1772 Nam
2937 1705 3301 1794 potestas
3387 1700 3808 1775 ordinandi
3843 1707 3914 1773 et

2383 1815 2941 1897 confirmandi,
2986 1817 3054 1889 si
3097 1823 3222 1891 est
3281 1817 3581 1898 activa,
3620 1823 3917 1890 nonest

2389 1930 2545 2003 nisi
2598 1933 2690 2004 ad
2765 1933 3388 2009 ministrandum
3458 1935 3916 2008 convenien-

2387 2052 2517 2120 ter
2551 2047 2632 2119 in
2664 2049 2811 2123 tali
2856 2054 3040 2123 actu
3074 2051 3221 2123 tali
3257 2051 3615 2133 domino,
3643 2056 3730 2125 ut
3762 2053 3921 2145 ipse

2390 2165 2484 2236 ad
2531 2171 2802 2238 actum
2843 2165 3471 2240 ministerialem
3530 2168 3927 2262 hujusmo-

2361 2281 2463 2353 ·di
2541 2282 2915 2367 assistat,
2985 2285 3393 2376 operando
3477 2285 3926 2379 principali-

2393 2401 2544 2479 ter,
2600 2419 2694 2471 eo
2758 2399 2988 2472 modo
3060 2421 3214 2492 quo
3273 2421 3436 2473 non
3505 2402 3920 2475 assisteret

2395 2514 2644 2587 simili
2697 2517 3157 2591 ministerio
3200 2516 3564 2591 exhibito
3599 2519 3699 2592 ab
3747 2520 3919 2591 alio.
3949 2486 4068 2592 *a

2395 2633 2845 2708 Character
2893 2641 3167 2709 autem
3228 2635 3795 2729 BaptismaliS,
3863 2617 4076 2726 si&¹

2399 2750 2731 2843 ponitur
2793 2757 3160 2844 potestas
3212 2754 3565 2845 passiva,
3603 2775 3768 2828 non
3806 2777 3922 2849 po·

2397 2867 2623 2940 nitur
2683 2869 3035 2960 passiva,
3107 2891 3253 2945 nec
3331 2877 3418 2946 ut
3482 2873 3912 2965 receptiva,

2397 3003 2651 3074 neque
2723 2988 2810 3058 ut
2872 2985 3087 3058 ratio
3188 2986 3628 3080 recipiendi
3699 2986 3924 3069 ;niliil

2396 3099 2610 3171 enim
2654 3099 3022 3176 absolute
3059 3108 3328 3196 potest
3372 3104 3739 3198 recipere
3769 3106 3919 3177 ani-

2404 3236 2533 3288 ma
2594 3216 3010 3311 baptizati,
3067 3221 3275 3313 quod
3320 3242 3484 3294 non
3530 3223 3784 3316 possit
3817 3244 3917 3293 re·

2402 3333 2671 3426 cipere
2731 3336 3005 3409 anima
3065 3359 3224 3409 non
3294 3339 3742 3432 baptizati;
3798 3340 3911 3411 sed

2398 3455 2522 3523 cst
2589 3456 2953 3543 potestas
3019 3457 3383 3548 quaedam
3439 3458 3784 3532 relativa
3836 3455 3915 3529 de

2400 3586 2767 3658 congruo
2830 3570 3205 3645 ordinata
3263 3593 3310 3644 a
3371 3573 3797 3666 principali
3850 3592 3914 3642 a·

2402 3690 2638 3767 gente
2684 3684 3158 3778 disponente
3187 3708 3437 3780 ,agere
3491 3690 3573 3761 in
3614 3710 3912 3783 passum

2402 3798 2700 3872 habens
2759 3803 3006 3875 talem
3078 3800 3457 3887 sormam,
3517 3811 3599 3879 et
3656 3827 3804 3878 non
3851 3805 3916 3876 in

2404 3916 2622 3989 aliud
2667 3939 3022 4010 passum.
3080 3919 3298 3993 Talis
3344 3925 3619 3994 autem
3682 3922 3918 3995 forma

2407 4031 2750 4105 relativa
2793 4034 2884 4107 de
2940 4055 3305 4127 congruo
3359 4044 3736 4131 respectu
3800 4037 3917 4108 ali·

2402 4148 2631 4241 cujus
2683 4152 2998 4244 agentis
3043 4153 3525 4247 principalis
3587 4156 3917 4227 volunta-

2410 4264 2527 4336 rie
2591 4270 2857 4359 potest
2908 4291 3085 4341 esse
3146 4270 3320 4342 sola
3357 4271 3681 4355 relatiO,
3737 4273 3916 4343 sicut

2404 4383 2699 4475 aliquis
2758 4385 3117 4477 disponit
3179 4405 3426 4477 agere
3490 4387 3786 4482 aliquid
3853 4388 3913 4458 in

2405 4501 2783 4592 aliquem,
2832 4503 3018 4596 quia
3059 4502 3299 4585 filius,
3347 4504 3476 4575 vel
3526 4506 3712 4599 quia
3768 4524 3916 4577 con·

2408 4618 2929 4708 sanguineus,
2992 4619 3276 4692 nolens
3332 4620 3647 4713 aliquid
3689 4622 3917 4711 simile

2410 4754 2758 4808 causare
2803 4736 2882 4808 in
2923 4757 3083 4808 non
3116 4736 3460 4813 habente
3526 4741 3770 4814 talem
3827 4760 3920 4810 re-

2407 4851 2823 4923 lationem.

2857 5096 3499 5162 COMMENTARIUS.

2489 5323 2577 5405 (a)
2611 5328 2908 5388 Secunda
2953 5330 3123 5388 racz‘o
3173 5328 3366 5391 habet
3409 5332 3615 5392 etiam
3643 5335 3926 5409 major-em
4015 5322 4058 5405 “-2

2408 5440 2673 5516 falsam,
2737 5448 2860 5504 etc.
2928 5441 3320 5522 Oppositum
3377 5447 3650 5527 maJoris
3707 5450 3919 5529 probat,
3970 5434 4104 5517 sepi*

2410 5559 2562 5636 quia
2619 5557 2933 5621 fundatur
2995 5561 3609 5640 proportionalitas,
3666 5582 3809 5646 quae
3846 5568 3920 5625 ast
3971 5516 4098 5564 “w
