4255 6375
787 372 909 435 620

787 530 871 593 do
918 532 1003 595 ad
1044 535 1366 598 intentum
1428 532 1793 614 arguentiS,
1870 526 2055 609 quod
2104 529 2212 587 est
2261 522 2346 587 ad

793 648 1186 712 relationem
1249 666 1383 711 non
1457 664 1606 711 esse
1663 648 2113 715 mutationem,
2163 639 2342 721 quod

798 762 1110 840 importat
1197 764 1431 844 maj0r,
1508 779 1652 842 quae
1705 766 1808 823 est
1888 756 2216 837 negativa;
2277 760 2343 818 et

794 879 1081 942 intendit
1123 879 1205 943 de
1252 882 1642 951 mutatione,
1695 894 1839 958 quae
1881 876 2146 955 proprie
2194 890 2338 935 mu-

799 995 955 1058 tatio
1045 1002 1148 1058 est
1206 1013 1292 1057 cx
1360 999 1419 1060 5.
1482 996 1905 1070 physicorum
1975 997 2158 1054 textu
2245 991 2338 1051 10.

794 1109 1320 1172 Fundamentum
1409 1115 1635 1171 autem
1706 1108 1901 1187 hujus
1972 1111 2097 1180 est,
2190 1105 2342 1184 quia

797 1226 1056 1287 seclusa
1095 1225 1353 1290 actione
1399 1224 1752 1287 extrinseci
1796 1224 2079 1304 agentiS,
2139 1221 2343 1283 resul-

801 1344 896 1402 tat
968 1341 1200 1405 relatio
1284 1341 1352 1402 in
1423 1338 1880 1413 fundamento,
1969 1354 2053 1400 ex
2108 1342 2343 1399 natura

800 1458 970 1538 ejus,
1039 1459 1251 1535 posito
1331 1457 1630 1528 termino,
1675 1471 1899 1533 neque
1970 1459 2071 1515 est
2136 1453 2347 1532 major

799 1573 1124 1636 connexio
1224 1572 1562 1634 relationis
1629 1570 1716 1632 ad
1813 1568 2340 1635 fundamentum.

798 1704 927 1769 qua
997 1686 1080 1748 ad
1146 1685 1309 1749 illud
1403 1686 1661 1749 seclusa
1740 1685 1864 1747 alia
1952 1681 2340 1756 mutatione,

797 1809 1139 1883 sequatur,
1200 1819 1397 1882 quam
1440 1803 1617 1875 haec;
1672 1818 1859 1882 ergO,
1918 1800 2133 1881 inquit
2182 1801 2342 1863 Doc-

799 1924 920 1994 tor,
1007 1921 1062 1982 si
1110 1924 1289 1982 esset
1344 1920 1563 1999 aliqua
1637 1918 1865 1981 relatio
1927 1917 2343 1979 extrinsecus

798 2036 1182 2109 adveniens,
1246 2041 1313 2097 et
1355 2050 1487 2098 non
1539 2051 1618 2096 ex
1667 2039 1901 2097 natura
1952 2030 2341 2095 fundamen·

796 2158 841 2215 tl
886 2158 953 2215 et
999 2150 1262 2213 termini
1320 2151 1699 2213 necessario
1748 2165 2065 2228 sequenS,
2096 2147 2221 2210 sed
2266 2164 2345 2210 ex

795 2272 1060 2334 actione
1138 2271 1399 2352 agentis
1478 2270 1855 2342 extrinseci,
1916 2285 2058 2348 quae
2150 2270 2347 2330 etiam

798 2393 1010 2467 potest
1053 2405 1186 2450 non
1250 2403 1423 2457 esse,
1472 2388 1771 2465 quamvis
1814 2385 2347 2458 fundamentum,

798 2509 866 2566 et
911 2504 1229 2566 terminus
1305 2504 1613 2576 existant,
1672 2504 1826 2581 quia
1870 2502 1975 2564 illa
2048 2500 2216 2564 actio
2265 2501 2349 2562 ad

801 2620 980 2682 illam
1038 2625 1259 2698 potest
1303 2636 1435 2682 non
1469 2619 1626 2697 poni
1673 2618 1801 2699 (hic
1860 2616 2347 2681 distinctionem

560 2777 681 2827 Dari
803 2733 1097 2796 insinuat
1152 2735 1326 2797 inter
1370 2734 1764 2796 relationem
1819 2733 2216 2796 intrinsecus
2284 2737 2351 2794 et

458 2838 775 2953 οῇῑὲξζξέἒζὸ
806 2853 1217 2914 extrinsecus
1245 2850 1763 2930 advenientem),
1798 2856 2023 2928 posset
2053 2849 2164 2911 illa
2196 2866 2345 2912 esse

476 2961 741 3079 advfgien-
804 2983 997 3040 nova,
1055 2969 1196 3029 sine
1255 2968 1387 3030 ulla
1448 2968 1736 3030 novitate
1806 2966 2214 3030 fundamenti
2283 2971 2347 3028 et

806 3084 1089 3156 termini,
1122 3082 1341 3162 quoad
1387 3083 1731 3155 absoluta;
1781 3083 1923 3145 talis
1971 3098 2134 3161 ergo
2196 3098 2342 3160 pos-

804 3205 907 3261 set
937 3200 1091 3279 poni
1143 3203 1502 3264 character.
1555 3200 1939 3282 Hujusmodi
1990 3201 2349 3263 relationes

800 3321 939 3384 dari
968 3322 1225 3399 probat,
1285 3323 1437 3401 quia
1487 3323 1648 3384 tales
1678 3326 1839 3384 sunt
1867 3323 2066 3395 actiO,
2100 3322 2345 3400 passio,

799 3439 935 3512 ubi,
1009 3445 1081 3500 ut
1163 3439 1394 3517 probat
1478 3441 1543 3500 in
1627 3439 1866 3509 littera,
1939 3435 2338 3514 exponendo

799 3552 1283 3632 Philosophum,
1389 3553 1498 3633 qui
1574 3552 1853 3616 admittit
1926 3554 2071 3617 loco
2149 3553 2344 3615 citato

796 3671 1225 3732 mutationem
1275 3669 1537 3749 proprie
1586 3667 1825 3731 dictam
1876 3669 1959 3731 ad
1990 3671 2131 3742 ubi,
2166 3666 2351 3748 quod

794 3802 928 3847 non
972 3789 1073 3849 est
1127 3785 1330 3859 aliud,
1372 3794 1616 3865 proeter
1670 3787 1956 3849 locatum
1995 3793 2071 3849 et
2104 3787 2349 3879 locum,

792 3917 992 3980 quam
1059 3902 1315 3964 relatio.
1399 3905 1640 3967 Omitto
1701 3903 1803 3964 hic
1881 3903 2353 3981 responsiones

794 4016 1094 4091 aliorum,
1127 4017 1283 4096 quia
1324 4017 1483 4079 alias
1527 4023 1894 4081 recurrent.

1386 4230 1468 4285 SC
1477 4231 1776 4288 HOIJUM.

868 4419 1121 4476 Resutat
1159 4416 1487 4474 secundam
1570 4416 1865 4476 rationem
1956 4422 2022 4478 D.
2090 4419 2355 4488 Thomae,

797 4515 1127 4573 ostendens
1184 4531 1374 4573 unam
1416 4517 1781 4574 relationem
1845 4519 2104 4576 fundare
2162 4520 2362 4592 aliam,

806 4632 922 4674 nec
975 4615 1119 4673 inde
1157 4615 1287 4672 dari
1348 4631 1723 4689 processum,
1756 4621 1816 4675 et
1847 4619 2100 4675 salvans
2151 4620 2359 4675 omnia

802 4732 951 4788 quae
1002 4715 1435 4773 attribuuntur
1482 4716 1856 4784 characteri,
1900 4719 2035 4774 sine
2067 4718 2201 4774 ulla
2239 4719 2364 4774 sor-

814 4830 912 4871 ma
973 4814 1277 4872 absoluta.
1339 4817 1589 4871 Rei'utat
1644 4816 1829 4871 etiam
1873 4817 2121 4874 tertiam
2173 4818 2363 4874 ratio-

812 4926 951 4967 nem
1023 4912 1181 4979 eius,
1243 4909 1574 4967 ostendens
1655 4916 2018 4982 potestatem
2081 4913 2366 4969 ministe-

809 5009 1034 5066 rialem
1090 5009 1428 5065 consistere
1486 5023 1665 5081 posse
1723 5012 1788 5066 in
1839 5017 2150 5084 respectu.

574 5241 627 5290 5
903 5179 1265 5253 Secunda
1341 5181 1445 5268 (a)
1523 5179 1737 5251 ratio
1807 5181 2055 5252 etiam
2126 5179 2364 5256 habet

504 5301 710 5415 ξξξξᾶἑο
819 5296 1225 5391 majorem
1324 5296 1643 5378 falsam,
1740 5297 2051 5370 scilicet
2162 5299 2367 5390 quod

450 5426 769 5479 relationem
821 5413 1117 5488 ielatio
1185 5433 1347 5486 non
1423 5416 1691 5505 potest
1754 5412 2090 5484 fundare
2163 5414 2364 5485 rela-

476 5492 632 5542 Text.
667 5490 743 5540 20.

598 5577 607 5588 ·
820 5532 1158 5615 tionem,
1213 5531 1408 5625 quia
1468 5531 1903 5604 secundum
1957 5532 2366 5606 Euclidem

1980 364 2123 427 12113.
2184 363 2284 426 tv.
2333 359 2945 425 SENTENTIARUM.

2457 525 2524 596 5.
2594 524 2979 589 Geometrioe
3029 520 3108 592 in
3169 515 3608 614 principio,
3659 536 3935 608 propor-

2454 637 2879 712 tionalitas
2947 641 3072 711 est
3150 635 3608 709 similitudo
3655 633 3940 704 duarum

2455 753 3131 849 proportionum;
3205 771 3411 844 ergo
3512 769 3750 841 super
3807 768 3946 839 pro·

2452 871 2943 964 portionem,
3013 890 3188 961 quae
3273 868 3476 941 dicit
3537 863 3946 939 formaliter

2456 972 2962 1069 relationem,
3046 988 3174 1060 vel
3273 1007 3529 1080 super
3607 985 3948 1057 unitatem

2452 1104 2654 1198 ejus,
2742 1103 3128 1178 fundatur
3214 1102 3694 1176 similitudo.
3763 1100 3949 1172 Etsi

2455 1241 2786 1314 arguas,
2833 1220 3282 1295 similitudo
3360 1223 3491 1292 est
3572 1218 3828 1290 unitas
3894 1215 3952 1286 in

2455 1337 2848 1430 qualitate
2914 1336 3348 1410 secundum
3393 1329 3954 1422 Philosophum.

2449 1457 2512 1528 5.
2593 1457 2878 1542 Menapii.
2982 1451 3455 1545 respondeo,
3557 1448 3717 1521 etsi
3836 1466 3955 1516 uno

2457 1570 2690 1642 modo
2811 1572 2975 1658 quid
3074 1564 3680 1661 approprietur
3772 1581 3960 1654 gene-

2457 1687 2529 1760 ri
2630 1686 3135 1767 substantiae,
3228 1689 3309 1758 et
3407 1682 3694 1755 eodem
3773 1677 3961 1751 modo

2455 1806 2638 1873 idem
2683 1806 2764 1876 et
2814 1805 3175 1882 diversum,
3242 1819 3417 1893 quae
3478 1794 3965 1887 consequitur

2454 1922 2642 2009 quid,
2700 1917 3182 2010 inquantum
3240 1917 3403 2005 quid
3470 1912 3850 1986 fundatur
3905 1909 3966 1979 in

2459 2034 2941 2116 substantia,
3020 2037 3102 2107 et
3195 2034 3451 2121 aequale
3518 2029 3600 2101 in
3694 2027 3967 2100 unitate

2459 2151 2944 2245 quantitatis
3013 2149 3300 2222 stricte
3354 2148 3740 2237 acceptae,
3789 2146 3970 2211 simile

2460 2268 2541 2341 in
2602 2267 2919 2341 unitate
2979 2265 3441 2358 qualitatis,
3501 2268 3777 2336 tamen
3845 2258 3972 2329 alio

2465 2384 2701 2457 modo
2766 2382 3256 2475 accipiendo,
3306 2381 3386 2453 in
3433 2378 3650 2452 omni
3717 2396 3974 2469 genere

2459 2499 2880 2572 invenitur
2970 2501 3155 2589 quid,
3266 2494 3739 2588 accipiendo
3837 2511 3970 2562 rem

2463 2616 2683 2690 illius
2727 2617 3050 2708 generis
3112 2614 3721 2709 praecisissime,
3781 2615 3856 2683 et
3891 2610 3973 2680 in·

2457 2735 2793 2809 venitur
2850 2739 3065 2825 quale,
3115 2732 3579 2826 accipiendo
3650 2730 3970 2802 formam

2461 2851 2540 2924 in
2586 2852 2747 2925 isto
2801 2871 3095 2941 genere
3159 2851 3241 2922 in
3304 2849 3626 2923 ratione
3695 2847 3972 2922 formae,

2455 2975 2536 3044 et
2580 2969 2995 3043 invenitur
3037 2967 3452 3060 quantitas
3494 2964 3966 3043 virtualiter,

2456 3089 2534 3159 et
2614 3085 2730 3159 sic
2792 3086 2871 3158 in
2936 3085 3155 3157 omni
3227 3103 3523 3175 genere
3593 3081 3972 3153 invenitur

2457 3204 2658 3285 idem,
2737 3205 2963 3270 simile
3021 3205 3101 3274 et
3168 3203 3440 3289 oequale.
3509 3199 3680 3271 Hoc
3743 3196 3969 3272 modo,
4039 3211 4094 3256 if-

2457 3325 2537 3394 et
2636 3323 2976 3413 possunt
3074 3316 3459 3388 habentes
3563 3287 4095 3398 relationesss‘s-{f'i

2461 3436 2699 3508 unius
2765 3432 3062 3528 speciei
3132 3433 3287 3506 dici
3361 3432 3674 3504 similes
3733 3451 3972 3503 secun·
4025 3412 4097 3511 21:

2459 3554 2646 3624 dum
2736 3551 3133 3625 unitatem
3231 3548 3468 3621 unius
3550 3541 4040 3626 relationis,
4043 3537 4096 3631 '3'

2463 3668 2673 3741 sicut
2797 3666 3180 3739 habentes
3310 3685 3554 3737 unam
3659 3663 3970 3737 formam

2464 3781 3090 3857 substantialem
3152 3781 3588 3854 secundum
3634 3778 3967 3872 speciem,

2464 3903 2806 3991 possunt
2907 3897 3062 3970 dici
3169 3896 3479 3969 similes
3569 3894 3966 3968 secundum

2466 4014 3042 4090 substantiam.

2556 4136 2655 4208 Et
2715 4131 2924 4224 quod
2992 4130 3416 4205 adducitur
3489 4129 3585 4202 de
3671 4126 3968 4202 secunda
4014 4131 4099 4258 ιζ’·

2470 4249 2894 4329 relatione,
2963 4267 3137 4340 quae
3215 4246 3605 4320 fundatur
3681 4247 3757 4318 in
3823 4243 3969 4316 cha·
3989 4209 4099 4326 md

2470 4370 2818 4445 ractere,
2874 4363 3184 4437 scilicet
3235 4361 3470 4453 signi,
3540 4361 3967 4454 respondeo.

2474 4482 2542 4555 si
2581 4482 2919 4573 signum
2951 4481 3075 4551 est
3140 4478 3576 4552 secundum
3645 4473 3973 4568 Augusti·

2471 4618 2665 4671 num
2697 4600 2779 4666 de
2810 4600 2984 4666 doct.
3027 4599 3445 4676 Christiana,
3526 4597 3704 4684 quod
3757 4605 3962 4684 prseter-

2473 4719 2806 4796 notitiam,
2834 4737 3031 4802 quam
3063 4717 3309 4803 inqerit
3337 4714 3664 4791 sensibus,
3697 4710 3872 4778 aliud
3895 4710 3974 4792 [α-

2474 4839 2562 4903 cil
2603 4838 2676 4902 in
2726 4837 3170 4924 coqnitioncm
3203 4834 3429 4899 ven-ire
3466 4829 3702 4921 (quod
3733 4841 3964 4898 verum

2474 4953 2599 5022 est
2646 4969 2807 5021 non
2861 4947 3124 5022 solum
3187 4947 3279 5020 de
3338 4947 3578 5038 signo
3632 4939 3968 5018 sensibili.

2479 5067 2944 5159 accipiendo
3059 5084 3386 5138 sensum
3488 5064 3768 5137 stricte
3859 5074 3968 5152 pro

2479 5205 2719 5257 sensu
2807 5181 3252 5275 corporali,
3336 5180 3474 5253 sed
3549 5199 3817 5252 verum
3876 5177 3966 5245 est

2477 5300 2731 5374 etiam
2780 5300 2870 5372 de
2915 5317 3241 5371 sensum
3294 5295 3809 5390 incorporali,
3874 5312 3965 5362 ae·

2482 5417 2847 5509 cipiendo
2919 5434 3243 5487 sensum
3320 5412 3802 5505 generaliter
3853 5425 3958 5500 pro

2489 5533 2850 5630 potentia
2962 5529 3428 5622 cognitiva),
3512 5535 3696 5603 tunc
3799 5523 3950 5596 dico,
