4255 6375
511 485 694 550 Opinio
723 485 768 536 1.

500 2683 684 2751 Opinio
711 2686 759 2736 2.

484 2749 762 2812 Responsio

509 2809 760 2872 Magistri.

576 2886 677 2921 non

515 2940 736 2985 tenetur.

576 4610 654 4659 De

458 4670 746 4726 Crentione.

825 329 943 389 500

838 485 989 556 sibi
1035 487 1374 561 retinuit
1441 495 1522 563 et
1610 490 1874 582 potuit
1937 490 2130 562 dare
2207 509 2375 560 ser-

833 602 1006 673 vis?
1055 605 1240 676 Haeo
1282 609 1432 685 est,
1496 611 1583 679 ut
1665 606 1996 699 plurimi
2057 605 2366 685 volunt,

831 725 1195 812 potestas
1261 722 1713 798 dimittendi
1750 728 2083 817 peecata
2121 723 2198 795 in
2232 725 2376 794 Ba·

831 838 1157 929 ptismo.
1232 841 1378 912 Sed
1482 846 1846 932 potestas
1914 840 2375 914 dimittendi

829 961 1186 1048 peecata,
1241 978 1415 1048 quae
1463 959 1587 1032 es't
1631 958 1710 1030 in
1742 962 1935 1041 Deo,
1968 962 2185 1031 Deus
2219 962 2368 1030 est.

835 1071 1016 1143 Ideo
1079 1072 1219 1143 alii
1295 1073 1568 1145 dieunt
1623 1074 1827 1146 hane
1880 1077 2374 1168 potestatem

827 1188 1334 1279 nonpotuise
1382 1190 1576 1262 dare
1627 1191 1875 1263 alicui
1911 1210 2367 1273 servorum,

825 1303 1012 1394 quia
1046 1305 1246 1377 nulli
1284 1306 1546 1397 potuit
1579 1307 1772 1379 dare
1808 1311 1893 1380 ut
1924 1311 2141 1381 esset
2168 1306 2375 1399 quod

827 1421 997 1513 ipse
1030 1426 1179 1503 est,
1215 1422 1339 1494 vel
1386 1426 1472 1496 ut
1515 1423 1847 1497 haberet
1902 1423 2368 1505 essentiam,

830 1539 1277 1630 quamipse
1320 1539 1585 1622 habet,
1650 1542 1783 1614 oui
1833 1541 1982 1614 hoe
2047 1545 2174 1615 est
2242 1565 2375 1610 esse

827 1655 1031 1747 quod
1081 1657 1625 1745 posse.Diount
1691 1658 1966 1737 etiam,
2027 1659 2093 1731 si
2168 1658 2370 1731 hane

825 1770 1276 1862 potentiam
1303 1772 1549 1845 alicui
1584 1774 1777 1846 dare
1812 1774 2102 1866 potuit,
2143 1779 2374 1866 potu·

821 1887 884 1959 it
931 1887 1048 1960 eis
1091 1888 1284 1960 dare
1342 1895 1773 1963 creaturas
1831 1911 2141 1972 creare,
2184 1891 2372 1982 quia

815 2023 976 2075 non
1008 2009 1132 2077 est
1157 2004 1304 2078 hoe
1334 2007 1674 2098 majoris
1711 2009 2093 2098 potentiae
2133 2026 2371 2098 quam

817 2118 1044 2190 illud.
1117 2121 1232 2193 Ad
1286 2122 1487 2213 quod
1563 2122 1716 2194 diei
1795 2128 2088 2215 potest,
2183 2122 2371 2214 quia

818 2237 1081 2327 potuit
1115 2239 1233 2310 eis
1328 2239 1521 2311 dare
1586 2239 2033 2332 potentiam
2093 2238 2370 2312 dimit-

819 2355 1029 2427 tendi
1093 2359 1447 2447 peecata,
1492 2376 1650 2428 non
1695 2356 1953 2449 ipsam
1980 2357 2365 2439 eamdem,

825 2492 982 2563 qua
1024 2472 1195 2564 ipse
1253 2477 1540 2565 potens
1599 2479 1756 2558 est,
1840 2474 1976 2545 sed
2033 2473 2372 2566 potenti·

817 2605 951 2658 am
984 2594 1374 2672 creatam,
1415 2611 1569 2682 qua
1621 2579 1907 2662 servus
1954 2594 2228 2684 posset
2265 2590 2368 2663 di-

820 2703 1147 2777 mittere
1192 2710 1545 2798 peooata,
1634 2728 1795 2779 non
1828 2710 2099 2779 tamen
2135 2711 2220 2780 ut
2260 2731 2373 2775 au-

818 2834 957 2888 ctor
990 2821 1527 2903 remissionis,
1567 2823 1700 2895 sed
1734 2828 1819 2896 ut
1851 2827 2176 2904 minister,
2225 2843 2367 2896 neo

819 2941 1093 3010 tamen
1134 2937 1307 3010 sine
1348 2941 1514 3012 Deo
1557 2944 1938 3019 auetore;
1991 2944 2104 3021 ut,
2156 2940 2367 3011 siout

819 3053 897 3124 in
959 3054 1416 3128 ministerio
1470 3056 1709 3130 habet
1757 3057 2121 3130 exterius
2183 3076 2366 3127 san-

814 3170 1197 3254 ctificare,
1248 3172 1360 3246 ita
1412 3173 1492 3243 in
1529 3171 1988 3245 ministerio
2030 3171 2366 3247 haberet

817 3283 1160 3358 interius
1229 3286 1658 3366 mundare;
1730 3291 1809 3358 et
1880 3285 2088 3358 siout
2170 3285 2364 3357 illud

814 3400 1036 3484 facit,
1083 3403 1249 3474 Deo
1292 3406 1653 3484 auctore,
1712 3406 1845 3494 qui
1889 3422 2075 3475 oum
2126 3421 2221 3473 eo
2284 3407 2364 3473 et

815 3517 896 3590 in
954 3539 1047 3590 eo
1105 3523 1498 3611 operatur
1547 3519 1739 3590 illud
1789 3518 2179 3599 exterius,
2249 3517 2364 3591 ita

817 3636 1242 3709 mundaret
1287 3636 1665 3717 interius,
1748 3638 1914 3708 Deo
1995 3639 2357 3716 auctore,

815 3752 952 3844 qui
991 3752 1166 3844 ejus
1200 3754 1447 3824 verbo
1480 3753 1699 3825 velut
1736 3752 2078 3845 quodam
2134 3749 2363 3822 mini-

814 3867 1070 3940 sterio
1116 3872 1515 3942 uteretur.
1585 3870 1707 3941 Ita
1766 3865 2014 3969 etiam
2087 3869 2362 3957 posset

808 3984 1021 4055 Deus
1105 4005 1248 4077 per
1307 3984 1658 4076 aliquem
1711 4003 1994 4057 creare
2056 3981 2354 4074 aliqua,

803 4119 972 4172 non.
1021 4121 1164 4194 per
1196 4123 1378 4174 eum
1413 4106 1802 4193 tanquam
1835 4113 2190 4181 auctorem,
2231 4099 2361 4170 sed

806 4223 1213 4301 ministrum,
1272 4240 1454 4291 eum
1510 4237 1664 4309 quo
1720 4222 1800 4290 et
1853 4216 1931 4288 in
1987 4237 2142 4309 quo
2185 4235 2360 4307 ope-

807 4322 1093 4417 ratum
1132 4337 1342 4410 sieut
1388 4336 1466 4407 in
1508 4334 1738 4406 bonis
1796 4333 2177 4425 operibus
2219 4353 2359 4405 no-

808 4451 1006 4526 stris
1046 4451 1214 4544 ipse
1251 4456 1667 4544 operatur,
1695 4454 1772 4522 et
1800 4470 1983 4543 nos;
2015 4469 2159 4522 neo
2186 4449 2357 4541 ipse

807 4574 1150 4652 tantum,
1197 4590 1339 4641 nee
1381 4590 1526 4640 nos
1572 4571 1915 4649 tantum,
1991 4566 2124 4638 sed
2183 4566 2355 4658 ipse

804 4686 1227 4759 nobiseum
1286 4690 1367 4759 et
1410 4686 1490 4757 in
1531 4684 1787 4766 nobis,
1824 4686 1902 4755 et
1947 4688 2221 4756 tamen
2275 4683 2355 4756 in

807 4803 971 4875 illis
1052 4800 1382 4892 agendis
1444 4804 1742 4870 min-istri
1792 4799 1969 4890 ejus
2042 4818 2349 4885 sumuS,

802 4939 964 4991 non
1021 4939 1298 4990 sumus
1347 4924 1675 4985 'auctor-es.
1772 4916 1899 4988 Ita
1953 4934 2152 5004 ergo
2217 4934 2356 5005 po-

802 5038 962 5111 tuit
1005 5036 1198 5108 dare
1241 5054 1477 5107 servo
1548 5033 2041 5124 potestatem
2083 5027 2353 5101 dimit-

801 5154 1014 5228 tendi
1050 5156 1382 5246 peecata
1441 5149 1521 5222 in
1562 5147 2016 5240 Baptismo‚
2067 5145 2143 5217 id
2196 5149 2343 5228 est,

799 5275 887 5344 ut
940 5268 1020 5341 in
1060 5264 1573 5342 mundatione
1615 5259 1996 5334 interiori
2060 5279 2346 5331 servus

795 5407 942 5451 cum
990 5383 1338 5458 Domino
1392 5382 1920 5474 operaretur3
1972 5396 2132 5448 non
2176 5397 2344 5448 ser-

795 5517 944 5573 vus
1015 5500 1186 5573 sine
1245 5497 1619 5580 Domino,
1704 5516 1848 5568 nee
1941 5494 2342 5568 Dominus

2004 331 2146 392 [AB.
2198 332 2301 392 lV.
2343 329 2936 393 SENTEN'HARUM

2499 489 2672 560 sine
2725 509 3007 567 servo;
3064 488 3194 559 sed
3228 485 3623 560 Dominus
3660 506 3785 549 cum
3834 503 3942 552 ser·

2493 628 2594 679 vo
2648 611 2727 680 et
2795 612 2863 676 in
2923 627 3188 686 servo,
3259 604 3473 677 sieut
3526 603 3605 673 in
3642 601 3944 674 exteriori

2496 723 2956 799 ministerio
3008 723 3406 797 Dominus
3460 725 3817 813 operatur
3853 742 3945 785 mm

2490 861 2728 912 servo
2802 844 2881 914 et
2926 846 3000 909 in
3053 860 3316 913 servO.
3362 837 3585 908 Unde
3624 840 3702 908 et
3752 834 3945 907 Domi·

2487 977 2635 1028 nus
2667 957 2968 1032 dieitur
3019 955 3539 1029 sanctificare
3579 957 3659 1026 et
3700 972 3940 1030 servum

2487 1075 2620 1146 sed
2666 1075 3061 1147 Dominus
3106 1072 3499 1146 invisibili
3531 1070 3805 1162 gratia,
3837 1088 3943 1139 ser-

2484 1212 2632 1264 vus
2673 1191 2977 1265 visibili
3010 1192 3573 1288 sacramento.
3620 1187 3808 1258 Unde
3850 1188 3945 1256 Au·
3983 1246 4039 1306 Εἷς.

2488 1310 2863 1401 gustinus
2948 1328 3192 1400 super
3252 1307 3795 1380 Levitieum:«
3847 1303 4049 1422 Dollfft

2490 1425 2754 1498 minus
2788 1424 2902 1497 ait
2930 1451 2944 1495 :
2987 1429 3123 1513 qu
3156 1426 3477 1492 Dominus
3508 1426 3625 1511 qui
3650 1421 3945 1501 sam-lilim,
3998 1437 4031 1484 a

2484 1542 2575 1613 de
2620 1543 2901 1632 Moyse
2931 1539 3183 1613 etiam
3222 1538 3533 1612 dietum
3565 1539 3686 1608 est
3712 1557 3726 1601 ε
3757 1537 3948 1601 Etm-

2485 1660 2804 1743 ctificabis
2825 1682 3001 1726 eum.
3049 1657 3195 1731 Sed
3222 1657 3551 1746 Moyses
3580 1649 3943 1725 sanctificat

2488 1773 2940 1847 visibilibus
3006 1772 3567 1848 sacramentis
3616 1789 3751 1863 per
3796 1764 3951 1837 mini·

2487 1893 2858 1972 sterium,
2895 1893 3289 1966 Dominus
3329 1894 3609 1962 autem
3654 1880 3951 1958 invisibili

2488 2011 2762 2099 gratia
2804 2033 2947 2106 per
2990 2011 3418 2103 Spiritum,
3456 2005 3590 2077 ubi
3640 2009 3757 2076 est
3799 2003 3952 2076 totus

2486 2128 2805 2201 fruetus
2913 2127 3362 2200 visibilium
3472 2122 3954 2198 sacramento-

2489 2265 2694 2316 rum.
2735 2245 2918 2318 Sine
2951 2244 3101 2316 hac
3150 2237 3785 2315 sanctificatione
3831 2231 3955 2302 visi-

2485 2363 2679 2436 bilia
2766 2366 3295 2438 Saeramenta
3388 2360 3504 2433 nil
3602 2359 3951 2451 prosunt*

2487 2480 2567 2554 Si
2602 2481 2781 2573 quis
2812 2480 2964 2553 hoe
3000 2479 3286 2552 melius
3338 2476 3669 2571 aperire
3702 2471 3951 2568 poterit.

2484 2617 2643 2668 non
2682 2596 3022 2669 invideo.

2752 2746 2971 2832 (Finis
3071 2757 3285 2813 textus
3342 2740 3717 2831 Maqistri.)

2574 2930 3012 3020 Postquam
3058 2927 3456 3019 Magister
3504 2925 3679 3017 egit
3726 2923 3805 2994 de
3854 2921 3955 2989 Ba-

2489 3043 2788 3136 ptismo
2841 3043 2921 3115 in
2972 3065 3056 3116 se
3106 3046 3183 3115 et
3215 3042 3306 3115 de
3342 3039 3842 3131 suscipiente,
3869 3033 3957 3105 hic

2479 3159 2648 3252 agit
2689 3160 2779 3233 de
2818 3159 3221 3232 ministro.
3267 3156 3543 3231 Primo
3596 3174 3793 3244 ergo
3828 3151 3946 3242 agit

2487 3279 2580 3349 de
2611 3278 3205 3351 conditionibus
3244 3275 3632 3348 ministri.
3668 3267 3952 3347 Secundo

2481 3394 2571 3466 de
2670 3394 2902 3466 modo
2994 3391 3536 3472 ministrandi,
3645 3390 3748 3463 ibi
3808 3414 3821 3457 :
3879 3388 3957 3453 [lie

2477 3512 2677 3577 eciam
2724 3512 3061 3579 sciendum
3121 3523 3235 3578 esc.
3284 3506 3563 3579 Prima
3619 3505 3699 3578 in
3752 3504 3950 3575 duas:

2482 3626 2745 3717 primo
2794 3626 2884 3698 de
2947 3623 3304 3698 ministri
3379 3626 3817 3716 potestate;
3874 3636 3950 3688 se·

2478 3744 2731 3817 cundo
2811 3743 2901 3814 de
2979 3744 3155 3835 ejus
3256 3745 3475 3814 statu
3564 3745 3646 3815 et
3736 3735 3947 3830 gradu.

2480 3860 2835 3934 Secunda
2885 3860 2964 3931 in
3017 3858 3418 3952 principio
3459 3857 3642 3930 dist.
3706 3858 3789 3928 6:
3824 3854 3955 3920 Nunc

2474 3980 2704 4067 quibus
2735 3980 2931 4046 liceat
2960 3980 3328 4066 baptizare.
3368 3975 3647 4046 Prima
3683 3973 3758 4045 in
3786 3970 3947 4041 duas,

2477 4093 2738 4186 primo
2795 4091 3169 4172 ostendit,
3218 4091 3423 4182 quod
3464 4091 3607 4163 illa
3651 4090 3944 4182 potestas

2470 4229 2631 4281 non
2692 4212 2813 4282 est
2882 4207 3367 4302 impedibilis
3434 4228 3577 4300 per
3624 4202 3947 4278 malitiam

2472 4324 2877 4408 ministri;
2934 4324 3276 4398 seeundo
3338 4323 3434 4395 ad
3504 4323 3685 4416 quid
3744 4341 3814 4393 se
3861 4333 3948 4387 ex·

2470 4442 2749 4529 tendit,
2797 4440 2901 4513 ibi
2947 4470 2961 4512 :
3023 4444 3144 4509 Hic
3174 4443 3521 4530 qucerilmu
3594 4439 3847 4511 Prima
3896 4432 3947 4502 in

2467 4559 2688 4640 duas,
2732 4558 2996 4651 primo
3034 4556 3406 4640 ostendit,
3455 4557 3662 4650 quod
3694 4557 3793 4629 ita
3828 4552 3944 4621 est:

2471 4675 2817 4748 seeundo
2935 4674 3281 4747 ostendit
3392 4678 3730 4767 propter
3816 4660 3945 4761 quid

2471 4792 2585 4864 ita
2618 4795 2765 4874 est,
2805 4789 2911 4863 ibi
2968 4815 2983 4859 ε
3051 4794 3226 4870 Quia
3274 4794 3741 4859 ministerium.

2557 4907 2797 4982 Circa
2866 4907 3072 4980 hanc
3132 4906 3736 4981 distinctionem
3779 4898 3939 4995 quin·

2467 5027 2664 5107 tam,
2773 5024 3289 5116 quaerendum
3415 5027 3542 5098 est
3665 5017 3939 5116 qualiter

2467 5139 2784 5216 malitia
2841 5139 3392 5214 ministrantis
3463 5160 3549 5211 se
3617 5137 3829 5211 habet
3876 5124 3938 5201 ad

2465 5255 3152 5347 impedimentum,
3244 5254 3368 5327 vel
3452 5274 3614 5327 non
3690 5242 3935 5342 impedi·

2462 5376 2824 5446 mentum
2893 5371 3337 5465 Baptis1ni;
3402 5376 3485 5446 et
3564 5372 3773 5444 eirca
3826 5364 3931 5435 hoc

2461 5506 2737 5580 quaero
2777 5488 2933 5560 duo
2978 5515 2993 5561 ε
3044 5488 3435 5569 Primum,
3505 5494 3767 5563 utrum
3815 5494 3927 5551 ma·
