4255 6375
775 301 892 364 652
1918 301 2064 363 ΗΒ.
2094 300 2195 364 tv,
2242 243 2838 362 SEN'OEN'MRUM

2441 463 2524 529 ab
2553 464 2691 528 alio
2720 463 2925 528 simul
2952 461 3284 542 abluente,
3332 472 3395 527 et
3439 459 3630 525 verba
3675 460 3786 522 ista
3813 479 3917 543 pro-

2440 583 2698 666 ferente
2754 591 2815 646 et
2883 580 3269 646 intendente
3306 582 3539 665 facere
3594 575 3752 662 qnod
3804 576 3920 658 satit

780 463 1232 554 congelata,
1273 464 1340 536 si
1377 468 1647 537 manet
1696 483 1930 555 aqua,
1982 463 2110 535 vel
2143 483 2327 554 qua-

779 578 1317 674 litercumque
1378 581 1633 654 mixta
1688 601 1830 673 per
1874 577 2330 671 juxtaposi-

777 695 1087 769 tionem
1159 717 1608 790 corporum
1676 715 2188 789 grossorum,
2247 696 2330 765 ut
2443 698 2740 764 Ecclesia
2784 699 3200 764 Christiana.

780 833 939 885 non
1012 814 1270 905 possit
1339 815 1690 887 abluere.
1754 816 1960 881 Facta
2016 815 2098 878 ab
2165 815 2328 890 alie,

780 932 1002 1022 patet
1032 934 1402 1001 distinctim
1446 934 1510 1005 6.
1552 934 1825 1020 quoestio
1864 932 1927 1002 4.
1970 932 2068 1002 Et
2104 927 2329 999 Simi-

777 1045 971 1119 liter
1062 1046 1205 1119 illa
1294 1067 1466 1140 quae
1565 1050 2041 1138 sequuntur,
2115 1048 2336 1113 Simul
2446 1048 2602 1123 fuit
2686 1053 2767 1123 et
2831 1047 3161 1141 prioris,
3222 1045 3381 1118 nisi
3437 1043 3642 1137 quod
3703 1042 3775 1113 in
3821 1042 3931 1114 ista

779 1165 1081 1231 abluente
1146 1178 1205 1230 et
1259 1168 1666 1253 proferente,
1732 1166 1883 1236 ete.
1959 1164 2174 1250 patet
2231 1164 2332 1229 di·

779 1282 1001 1347 stinct.
1047 1281 1113 1350 6.
1159 1293 1382 1367 quscst.
1429 1282 1499 1350 3.
1538 1278 1756 1361 Quod
1800 1278 2088 1352 ultimo
2123 1275 2337 1349 addi-

786 1399 981 1467 tur:
1048 1398 1329 1463 Habente
1388 1398 1847 1475 intentionem,
1893 1396 2044 1466 eto.
2112 1397 2334 1485 patet

788 1516 1153 1581 distinctio,
1198 1513 1265 1584 6.
1310 1526 1536 1601 qucest.
1570 1515 1636 1585 5.
1675 1526 1735 1580 et
1765 1512 1831 1583 6.

563 1632 611 1681 ⁰·
878 1631 977 1702 Et
1038 1629 1152 1701 sic
1210 1626 1596 1699 habemus
1654 1631 1825 1700 tam
1894 1626 2336 1719 suscipien-
2449 1636 2528 1705 et
2600 1635 2883 1724 postea
2953 1628 3119 1712 illa,
3202 1648 3377 1719 quae
3431 1624 3832 1719 pertinent
3880 1626 3948 1696 ad

786 1748 950 1817 tem
986 1764 1222 1836 quam
1274 1742 1774 1816 conditiones
1825 1741 2334 1815 necessarias
2450 1749 3084 1828 fundamentum,
3164 1763 3350 1817 cum
3425 1741 3727 1814 dicitur
3789 1746 3950 1807 consi·

790 1862 868 1934 in
920 1860 1438 1953 suscipiente,
1480 1860 1663 1952 quia
1711 1859 2120 1932 hominem
2176 1860 2336 1931 via·
2446 1881 2645 1941 stetis,
2688 1868 2840 1938 etc.
2897 1882 3042 1935 nec
3107 1864 3234 1934 est
3293 1859 3774 1939 differentia,
3836 1859 3952 1931 nisi

784 1983 1049 2051 torem
1119 1975 1589 2068 aliqualiter
1664 1976 2331 2049 consentientem.
2450 1982 2640 2075 quia
2680 2001 2839 2052 non
2883 1978 3220 2072 ponitur
3256 1978 3509 2051 totale
3553 1974 3954 2047 fundamen-

788 2093 1194 2165 IIa-bemus
1263 2093 1841 2172 conferentem,
1924 2096 2002 2165 et
2072 2093 2338 2164 condi·
2452 2105 2627 2174 tum
2671 2097 2908 2170 istius
2963 2096 3394 2171 relationis
3437 2100 3787 2187 utroque
3829 2115 3956 2166 mo·

785 2212 1048 2286 tiones
1112 2211 1624 2283 necessarias
1693 2231 1792 2282 ex
1855 2214 2089 2303 parte
2133 2209 2334 2301 ejus,
2449 2218 2545 2290 do
2589 2218 2819 2290 idem.

786 2329 1098 2403 scilicet
1151 2330 1353 2421 quod
1399 2327 1505 2402 sit
1552 2327 1906 2401 abluens,
1964 2331 2043 2399 et
2094 2326 2341 2398 verba
2541 2336 2906 2427 Utroque
2940 2339 3213 2407 tamen
3263 2332 3501 2404 modo
3552 2331 3758 2402 idem
3789 2328 3964 2420 prin-

786 2442 1238 2538 PPOfeP0ss8‚
1319 2451 1398 2517 θῑ
1466 2443 1616 2517 hOC
1680 2443 1920 2515 Simul
1999 2449 2079 2516 θί
2131 2443 2340 2515 debi-
2453 2452 2832 2546 cipaliter
2874 2452 3400 2544 importatur,
3440 2447 3633 2540 quia
3668 2446 3830 2518 sive
3859 2465 3968 2536 per

787 2567 866 2635 te
911 2562 1354 2637 intendens.
1404 2561 1808 2633 Habemus
1877 2560 2336 2640 materiam,
2455 2572 2716 2643 solam
2763 2567 3283 2647 ablutionem,
3340 2565 3512 2636 sive
3558 2584 3703 2655 per·
3746 2561 3966 2632 ambo.

789 2680 978 2771 qssia
1009 2683 1134 2753 38¹²
1176 2678 1482 2752 ablutio
1528 2677 1607 2749 in
1656 2698 1863 2769 aqua
1907 2677 2339 2748 elementa·
2455 2688 2768 2761 scilicet
2812 2686 3311 2759 ablutionem
3352 2687 3433 2755 et
3481 2680 3759 2759 verba,
3822 2683 3968 2748 sunt

790 2798 886 2870 ri.
937 2797 1346 2869 Habemus
1416 2794 1795 2875 formam,
1865 2793 2054 2886 quia
2094 2794 2344 2865 verba
2455 2810 2726 2880 tamen
2798 2803 3030 2874 ambo
3093 2821 3344 2872 unum
3422 2799 3752 2888 signum
3810 2796 3968 2867 inte-

790 2920 1022 2989 certa
1077 2912 1623 3006 exprimentia
1682 2915 1982 2993 actum,
2062 2915 2144 2984 et
2221 2932 2340 2982 su·
2459 2943 2695 3014 grum
2733 2920 3198 2994 institutum
3247 2918 3566 3010 quidem
3616 2914 3971 3008 principa-

789 3033 1270 3126 scipientem
1339 3051 1524 3104 cum
1594 3028 2110 3101 invocatione
2175 3027 2342 3098 Tri·
2460 3041 2650 3114 litep
2699 3040 2792 3111 ad
2838 3035 3316 3128 signandum
3391 3031 3839 3126 principale
3896 3029 3971 3100 51.

787 3150 1098 3224 nitatis·
1156 3149 1561 3222 HabemUS
1616 3147 1688 3219 id
1740 3144 1946 3238 QUOd
1992 3144 2345 3238 ΡΘΡῑῑΠΘῐ
2459 3162 2797 3250 gnatum
2878 3155 3116 3227 istius
3195 3150 3432 3245 signi,
3516 3148 3826 3222 scilicet
3905 3148 3970 3216 ut

789 3271 886 3341 ad
950 3268 1347 3341 rationem
1422 3263 1853 3337 formalem
1909 3261 2337 3355 Baptismi,
2460 3275 2841 3348 abluatur
2881 3271 3152 3343 anima
3205 3289 3252 3341 a
3295 3269 3660 3361 peccato,
3720 3269 3798 3336 et
3853 3261 3970 3332 hoc

788 3384 1124 3464 scilicet,
1165 3382 1351 3474 quia
1382 3403 1481 3453 ex
1516 3380 2031 3454 institutione
2077 3378 2346 3450 divina
2458 3413 2505 3465 a
2544 3395 2711 3466 Deo
2745 3390 3079 3463 trino-ef,
3113 3407 3296 3469 uno,
3352 3386 3432 3457 jn
3483 3382 3719 3475 cujus
3762 3376 3975 3452 nomi-

786 3502 1235 3575 efficaciter
1295 3500 1652 3590 signans.
1703 3497 2096 3568 Habemus
2170 3516 2344 3567 cor·
2459 3531 2555 3582 ne
2614 3507 3153 3601 baptizamur,
3218 3502 3346 3575 cui
3415 3502 3539 3573 est
3603 3498 3860 3590 glor-ia
3913 3494 3974 3565 in

793 3614 1254 3696 relativum,
1294 3612 1481 3704 quia
1522 3612 2018 3685 ablutionem
2053 3611 2344 3682 animae
2462 3625 2760 3699 Saecula
2802 3621 3318 3696 saeculorum,
3368 3621 3650 3690 Amen,

789 3753 836 3803 a
873 3735 1229 3824 peccato.
2989 3734 3002 3750 ·

884 3848 966 3922 Si
1047 3849 1322 3920 autem
1395 3848 1752 3937 ponatur
1831 3841 2340 3924 relationem,
3505 3922 3521 3937 ,

793 3985 1034 4060 quam
1125 3963 1522 4055 importat
1606 3959 2101 4054 Baptismus,
2185 3979 2346 4031 non
2907 3921 3550 3988 COMMENTARIUb.

792 4082 1110 4157 fundari
1154 4080 1235 4151 in
1295 4079 1734 4161 ablutione,
1779 4082 1867 4152 ut
1929 4077 2007 4148 in
2071 4076 2347 4148 funda-

799 4203 1067 4272 mento
1111 4196 1375 4278 totali,
1442 4197 1573 4268 sed
1630 4196 1710 4268 in
1767 4194 2182 4268 ablutione
2266 4196 2347 4266 et
2539 4185 2624 4267 (0)
2656 4186 2810 4247 Dico
2851 4197 3002 4258 6⁷·90
3055 4180 3143 4240 aa
3185 4176 3619 4253 quaestionem,
3669 4176 3791 4233 etc.
3834 4169 3977 4231 Con·
4009 4253 4033 4267 ,

794 4316 1062 4387 verbis
1098 4319 1484 4405 tanquam
1522 4313 1600 4384 in
1635 4331 1792 4383 uno
1827 4310 2347 4382 fundamento
2464 4305 2666 4368 clusio
2701 4310 2766 4364 et
2792 4299 3120 4362 sententia
3177 4294 3475 4359 Doctoris
3526 4296 3630 4353 est
3678 4291 3978 4351 enai-acte·
4007 4270 4040 4363 ἦ

496 4485 733 4539 Definitio
800 4433 1181 4506 instituto
1260 4432 1355 4503 ad
1435 4429 1913 4521 signandum
1974 4426 2348 4500 effectum
2461 4443 2600 4488 rem
2637 4439 2784 4485 esse
2829 4424 2897 4484 in
2939 4419 3299 4488 voluntate,
3355 4413 3420 4474 in
3465 4427 3598 4490 qua
3639 4418 3736 4473 OS!
3775 4407 3975 4487 grau&

432 4551 739 4678 4333&
802 4573 1073 4633 unum,
1123 4557 1313 4625 tnnc
1370 4552 1638 4641 potest
1696 4548 1880 4641 poni
1942 4548 2157 4620 ratio
2209 4548 2350 4617 Ba·
2464 4547 2537 4605 ut
2563 4542 2708 4618 ipse
2742 4538 2940 4600 docet
2969 4539 3036 4597 in
3075 4536 3137 4597 2.
3172 4533 3449 4596 aescae.
3487 4529 3975 4593 Fundamentum
4047 4566 4052 4577 ·

801 4670 1077 4764 ptismi
1144 4668 1334 4742 talis
1397 4666 1802 4758 completa
1883 4691 1897 4734 :
1974 4668 2353 4753 Baptismus

803 4804 896 4857 est
981 4793 1483 4856 Sacramentum
1568 4788 1930 4852 ablationis
2003 4788 2247 4851 animce
2312 4807 2354 4849 a

794 4920 1083 4995 peccato,
1131 4907 1490 4972 consistens
1549 4905 1622 4969 in
1664 4904 1999 4968 ablutione
2064 4903 2355 4968 nominis

802 5026 1085 5092 viatoris
1117 5023 1512 5109 aliqualiter
1541 5021 2029 5097 consentientia,
2068 5019 2172 5084 vel
2206 5018 2355 5083 Iibe-

797 5163 873 5207 νο
912 5140 1198 5205 arbitrio
1254 5158 1595 5222 nunquam
1641 5137 1762 5213 usi,
1823 5138 2008 5220 sacta
2059 5136 2130 5200 in
2185 5155 2356 5220 aqua

800 5257 1194 5323 elementari
1232 5253 1492 5337 fluida,·
1535 5274 1679 5317 cnm
1709 5253 2093 5339 prolatione
2141 5251 2361 5317 verbo·

801 5396 979 5453 rum,
1015 5385 1230 5439 actum
1267 5382 1326 5435 et
1354 5371 1848 5451 suscipientem,
1887 5380 1947 5433 et
1978 5369 2359 5432 ministrnm

808 5511 956 5558 cum
993 5487 1414 5555 invocatione
1471 5483 1825 5552 Trinitatis
1864 5484 2361 5569 desiqnantium

2537 817 2637 887 Et
2698 816 2889 886 tunc
2928 812 3206 884 eadem
3256 815 3384 883 est
3451 808 3554 881 ibi
3597 806 3925 899 expositio

2447 929 3048 1024 particularum
3106 929 3351 1002 istius
3405 924 3766 1004 rationis,
3806 946 3928 1016 quae

2449 1167 2784 1259 ponitur
2819 1166 3083 1258 primo
3128 1163 3351 1244 illud,
3406 1161 3615 1254 quod
3646 1158 3932 1252 pertinet

2449 1284 2539 1355 ad
2600 1280 3032 1356 formalem
3095 1279 3508 1352 rationem
3575 1275 3933 1367 Baptismi,

2449 1420 2629 1473 cum
2670 1396 2970 1471 dicitur
3028 1401 3559 1474 Sacramentum,
3613 1395 3689 1464 et
3729 1411 3938 1462 eorre-

2449 1514 2793 1589 lativum
2832 1512 3033 1605 ejuS,
3069 1532 3253 1585 cum
3283 1511 3591 1583 dicitur
3619 1512 3941 1586 ablutionis,

2464 4667 2586 4736 est,
2635 4659 2787 4738 quia
2845 4660 2945 4717 est
3001 4650 3338 4730 dispositio
3390 4647 3476 4712 ad
3518 4649 3811 4730 gratiam,
3859 4658 3976 4724 quae

2468 4784 2569 4843 est
2605 4780 2672 4840 in
2715 4775 3091 4846 voluntate3
3150 4787 3333 4849 ergo,
3369 4775 3494 4830 etc.
3527 4769 3780 4847 Negant
3804 4760 3977 4840 aliqui

2467 4888 3075 4971 antecedens,gsed
3123 4881 3973 4963 communiterjconceditur,

2470 5020 2537 5078 et
2563 5017 2764 5092 patet,
2801 5010 2952 5087 quia
3005 5006 3343 5067 character
3384 5001 3724 5064 ordinatur
3748 4998 3824 5061 ad
3851 5012 3978 5077 gra·

2473 5136 2650 5203 tiam,
2698 5132 2830 5189 tam
2891 5122 3137 5203 proprii
3193 5120 3605 5183 Sacramenti
3647 5133 3827 5197 quam
3879 5113 3973 5173 ali·

2472 5263 2684 5319 orum,
2746 5240 3079 5321 loquendo
3154 5238 3237 5299 de
3307 5237 3708 5315 Baptismali,
3771 5251 3884 5313 quo
3920 5228 3974 5289 fit

2473 5368 2619 5447 quis
2681 5377 2890 5438 capax
2950 5358 3222 5420 aliorum
3294 5356 3881 5415 sacramentorum:
3919 5350 3969 5404 et

2471 5497 2603 5545 non
2648 5484 2750 5541 est
2795 5475 2983 5550 rati0‚
3033 5490 3147 5537 cur
3195 5472 3539 5534 character
3568 5473 3739 5531 esset
3763 5462 3963 5528 indele-
4013 5496 4036 5527 ε
