4255 6375
722 358 857 422 184·
1871 358 2017 420 LlB.
2049 359 2151 420 lv,
2202 356 2795 422 SENTENTIARUM

686 519 929 610 ,cludit
958 519 1220 587 tandem
1262 523 1524 588 Scotum
1564 541 1691 586 non
1733 519 1907 606 loqui
1940 519 2005 584 in
2050 517 2268 605 rigore

727 635 1203 723 philosophioe,
1276 636 1390 703 sed
1453 636 1581 701 late
1649 635 1977 723 appellare
2051 618 2272 700 Sacra·

730 765 949 820 menta
998 753 1519 841 dispositionem,
1555 765 1619 821 et
1642 753 2102 831 instrumenta,
2149 752 2273 817 hoc

730 881 852 948 est,
891 870 1117 937 morali
1150 870 1364 936 modo.

615 1053 625 1063 ,
818 986 1292 1074 Respondetur,
1339 990 1676 1054 Doctorem
1709 985 1885 1074 loqui
1935 984 2016 1050 de
2055 983 2272 1071 dispo·

380 1057 681 1189 Resupffism.
732 1102 967 1170 sitione
1026 1103 1277 1182 morali,
1350 1124 1479 1168 non
1540 1103 1810 1190 physica
1853 1113 1920 1168 ut
1968 1112 2143 1188 patet
2195 1121 2276 1166 ex

402 1191 679 1306 ὗῖἑῗοῗίῗὶο
736 1218 950 1300 dictis,
994 1230 1060 1286 et
1098 1220 1193 1286 sic
1230 1218 1557 1306 appellare
1605 1221 2017 1284 Sacramenta
2058 1217 2277 1303 dispo-

400 1307 706 1415 ¹¹⁶⁰2⁸311⁸⁸⁰⁸
736 1336 1062 1416 sitionem,
1093 1349 1162 1402 ut
1190 1338 1430 1403 habent
1452 1356 1774 1402 annexam
1802 1335 2276 1401 institutionem

384 1438 705 1542 Βξζῃξξξθῇῑ
738 1453 873 1520 Dei.
921 1453 1017 1519 Ad
1068 1453 1353 1539 primum
1413 1452 1580 1540 quod
1632 1452 1960 1539 objicitur,
2011 1470 2277 1537 respon-

430 1552 674 1665 ‘'uffi‘t'w’
736 1570 927 1636 detur
993 1569 1203 1656 primo
1265 1569 1565 1656 negando
1616 1570 1927 1656 majorem
1989 1588 2271 1653 semper,

416 1677 675 1790 sussffiffm
737 1685 929 1751 etiam
965 1684 1175 1771 quoad
1208 1683 1700 1771 dispositionem
1738 1684 2101 1771 physicam,
2124 1682 2278 1768 quia

452 1803 634 1857 torma.
737 1797 801 1863 in
843 1797 1275 1865 communiori
1330 1797 1638 1883 opinione
1703 1798 2274 1884 Philosophorum,

736 1913 1095 1981 accidentia
1182 1914 1477 1979 absoluta
1565 1934 1692 1979 non
1785 1915 2007 1980 insunt
2081 1925 2280 1980 mate·

739 2031 878 2109 riae,
923 2030 1034 2096 sed
1100 2029 1203 2096 vel
1247 2030 1477 2096 formae
1516 2031 1620 2098 vel
1671 2031 1814 2111 toti,
1860 2052 1988 2118 quo
2045 2052 2282 2118 suppo-

739 2147 889 2227 sito,
943 2144 1286 2232 dispositio
1338 2145 1729 2213 antecedens
1788 2146 2061 2212 formam
2124 2146 2283 2212 sub·

739 2261 1134 2338 stantialem‚
1164 2282 1312 2348 quae
1348 2261 1586 2330 dicitur
1626 2262 1854 2329 ultima
1888 2263 2286 2328 necessitans

739 2380 821 2447 ad
862 2381 1095 2466 ipsam,
1151 2402 1361 2470 neque
1417 2392 1512 2447 est
1588 2381 1654 2447 in
1694 2380 1920 2447 eodem
1988 2381 2282 2468 subjecto

741 2508 854 2564 aut
902 2497 1243 2584 supposito
1291 2519 1437 2564 cum
1472 2498 1678 2564 forma
1727 2497 2141 2564 substantiali
2180 2518 2285 2563 se-

742 2625 1005 2700 quente,
1062 2613 1213 2700 quia
1284 2612 1480 2695 calor,
1536 2614 1718 2680 verbi
1796 2614 2029 2701 gratia,
2083 2624 2183 2679 est
2224 2615 2286 2678 in

743 2729 950 2816 lign0,
996 2730 1203 2796 forma
1245 2730 1417 2818 ignis
1448 2730 1806 2796 adveniens
1838 2741 1939 2796 est
1972 2731 2036 2798 in
2081 2742 2284 2796 mate-

746 2847 840 2912 ria
883 2845 1112 2932 prima,
1148 2867 1297 2933 quae
1345 2846 1653 2932 deinceps
1712 2857 1961 2931 spectat
2001 2845 2080 2912 ad
2136 2865 2290 2932 sup-

749 2961 1029 3050 positum
1067 2962 1262 3048 ignis,
1300 2983 1429 3030 non
1461 2975 1677 3031 autem
1720 2964 1909 3052 ligni.

517 3153 580 3205 78
834 3079 1284 3165 Respondetur
1354 3081 1664 3161 secunde,
1730 3093 2017 3147 transeat
2084 3079 2291 3170 major

445 3191 679 3287 socneaa
750 3198 957 3284 quoad
1019 3197 1514 3286 dispositionem
1587 3200 1959 3286 physicam,
2016 3219 2166 3286 quae
2223 3220 2293 3264 se

423 3290 702 3411 “Bssssigf'
751 3327 927 3384 tenet
972 3336 1054 3381 ex
1096 3326 1274 3402 parte
1322 3336 1537 3381 causae
1581 3316 1932 3381 materialis
1988 3335 2102 3401 per
2159 3336 2292 3381 mo·

428 3406 712 3471 disposmo.
751 3434 907 3500 dum
956 3431 1411 3499 necessitantis
1450 3432 1528 3496 ad
1619 3432 1891 3498 formam
1944 3454 1959 3511 ;
2017 3444 2296 3518 negatur

751 3550 830 3615 de
878 3547 1325 3634 dispositione,
1383 3568 1530 3633 quae
1575 3560 1673 3614 est
1718 3569 1797 3613 ex
1848 3559 2030 3634 parte
2080 3568 2297 3616 causae

752 3663 1100 3731 efficientis
1133 3663 1567 3730 necessitante
1608 3664 1683 3729 ad
1727 3664 2045 3731 actionem
2078 3677 2294 3732 trans-

404 3832 725 3887 Necessitate
756 3792 1046 3861 euntem,
1100 3779 1279 3845 verbi
1341 3780 1574 3866 gratia,
1628 3780 1799 3866 ignis
1851 3781 1918 3846 in
1971 3794 2185 3871 stupa,
2235 3794 2298 3849 et

494 3913 640 4025 ὦ
760 3918 1194 3986 quaecumque
1227 3898 1496 3965 materia
1527 3918 1696 3976 rara,
1734 3918 1862 3963 non
1887 3909 1987 3964 est
2017 3898 2296 3985 disposi-

403 4021 650 4134 mamaea,
677 4026 731 4071 0¹
757 4030 864 4085 tus
904 4017 983 4083 ab
1032 4014 1385 4081 intrinseco
1416 4014 1497 4080 ob
1543 4014 2016 4100 dispersionem
2086 4017 2299 4082 virtu-

523 4152 658 4220 εει-ιο,
754 4133 861 4215 tis,
911 4143 981 4200 ut
1047 4142 1199 4219 agat
1247 4131 1532 4217 perfecte
1602 4131 1665 4195 in
1705 4150 1937 4218 aquam
2032 4133 2137 4200 vel
2223 4132 2297 4197 li-

421 4230 451 4265 ‘
507 4215 709 4266 mentis,
748 4268 982 4335 gnum,
1056 4258 1167 4313 aut
1195 4244 1369 4311 aliud
1401 4245 1858 4333 quodcumque
1890 4247 2118 4313 fortius
2199 4271 2299 4315 re-

746 4367 1031 4445 sistens;
1070 4364 1135 4430 in
1169 4363 1436 4430 materia
1468 4374 1683 4430 tamen
1717 4364 1916 4431 densa
1949 4378 2046 4431 est
2078 4365 2296 4452 dispo-

746 4483 917 4550 situs
948 4501 1029 4547 ex
1060 4479 1442 4546 collectione
1489 4500 1627 4545 suaa.
1669 4479 1961 4560 virtutis,
2009 4492 2077 4546 ut
2116 4494 2290 4568 agat.

725 4605 1004 4688 'Loquor
1041 4598 1121 4664 de
1161 4597 1591 4684 dispositione
1631 4597 1697 4662 in
1748 4617 1943 4663 sensu
1966 4597 2273 4665 adversa-

748 4712 853 4793 rii,
900 4721 1220 4797 quatenus
1276 4722 1376 4777 est
1441 4709 1668 4777 ultima
1729 4710 2033 4777 limitatio
2077 4731 2296 4780 causae

750 4827 828 4894 ad
875 4826 1223 4906 actionem,
1267 4825 1373 4891 vel
1435 4825 1833 4911 passionem,
1907 4847 2119 4913 neque
2159 4829 2293 4895 sola

751 4963 945 5010 causa
1006 4941 1360 5008 materialis
1415 4941 1651 5008 dicitur
1739 4941 1995 5029 disponi
2073 4955 2143 5010 ut
2197 4966 2296 5011 re-

753 5051 972 5137 cipiat,
1080 5047 1192 5115 sed
1278 5048 1471 5115 etiam
1561 5069 1755 5115 causa
1840 5048 2154 5131 efficienS,
2227 5065 2298 5119 ut

407 5242 565 5307 D‘spo
605 5243 708 5291 tur
754 5177 926 5252 agat.
973 5164 1152 5240 Quod
1196 5164 1480 5231 maxime
1526 5185 1755 5231 verum
1808 5177 1907 5232 est
1960 5166 2027 5231 in
2078 5188 2295 5233 mora-

457 5259 473 5292 1
567 5258 617 5292 nl

489 5304 644 5354 etiam
755 5280 945 5360 libus,
1012 5293 1081 5346 ut
1136 5300 1365 5347 omnes
1416 5281 1699 5346 fatentur
1756 5282 1820 5347 in
1892 5284 2161 5350 materia
2219 5284 2299 5350 de

444 5384 688 5485 Θῑξζξῖῗζε
756 5397 1125 5485 ignorantia
1164 5410 1227 5464 et
1265 5397 1815 5483 concupiscentia,
1854 5410 1923 5463 ut
1963 5414 2117 5464 sunt
2149 5421 2297 5466 cau·

754 5534 847 5587 sae
900 5515 1336 5582 humanorum
1368 5526 1655 5593 actuum,
1701 5525 1765 5582 et
1796 5515 1862 5582 in
1906 5516 2177 5582 materia
2217 5518 2297 5584 de

2382 518 2595 604 gratia
2642 531 2706 585 et
2742 517 2949 586 libero
3010 518 3302 601 arbitrio,
3347 516 3519 606 quod
3559 515 3928 605 disponitur

2389 657 2504 724 per
2536 635 2840 723 gratiam.

2473 752 2925 840 Respondetur
2956 753 3174 835 tertio,
3217 751 3294 818 ad
3337 752 3650 839 majorem
3682 750 3932 816 discus·
3969 749 4125 835 Ηυξ-Ἠ

2385 868 2637 934 sionem
2699 868 2877 936 illius
2945 868 3437 956 propositionis,
3501 888 3696 955 quam
3800 867 3931 954 ipse
4049 837 4078 863 δ’

2384 995 2693 1072 tanquam
2758 996 2978 1051 notam
3043 984 3379 1071 supponit,
3452 983 3924 1070 distinguendo

2391 1104 2748 1189 majorem;
2796 1101 2860 1165 in
2895 1101 3215 1188 physicis,
3249 1112 3560 1178 transeat,
3608 1099 3675 1165 in
3731 1120 3934 1165 mora·

2389 1215 2559 1282 libus
2600 1229 2652 1282 et
2701 1216 3148 1283 artificialibus
3187 1228 3463 1304 negatur
3499 1240 3514 1294 3
3551 1216 3704 1303 quia
3738 1216 3805 1280 in
3832 1217 3935 1301 ju-

2388 1334 2733 1401 dicialibus
2767 1335 3261 1422 praemittuntur
3293 1335 3514 1422 plures
3554 1333 3926 1421 dispositio·

2390 1473 2506 1519 nes
2537 1465 2600 1519 et
2632 1451 3079 1518 solemnitates
3130 1453 3276 1539 lege
3327 1451 3742 1540 praescriptae
3796 1461 3936 1515 ante
4015 1519 4024 1528 ,
4099 1521 4116 1544 -.

2392 1568 2807 1647 sententiam,
2844 1568 2938 1633 sic
2967 1568 3161 1634 etiam
3197 1568 3262 1634 in
3319 1565 3797 1646 contractibuS,
3872 1565 3930 1631 in
3978 1522 4125 1652 Ἓξ

2392 1684 2842 1751 artificialibus
2884 1684 3189 1750 similiter
3220 1682 3440 1770 plures
3478 1681 3938 1768 dispositiones
3981 1663 4125 1759 Ἥ

2392 1802 2563 1868 circa
2593 1801 3089 1867 conversionem
3133 1799 3331 1865 unius
3399 1797 3692 1864 materiae
3760 1797 3825 1862 in
3878 1817 3935 1862 a·
3982 1775 4125 1884 'iffi

2393 1917 2547 1983 liam
2589 1915 2974 2003 applicando
3014 1914 3224 1982 activa
3257 1913 3566 2001 passivis.
3613 1916 3780 1979 Item
3815 1912 3938 1979 dis·

2392 2035 2628 2122 positio
2660 2033 3015 2121 requiritur
3057 2033 3120 2098 in
3165 2032 3374 2099 forma
3415 2044 3478 2098 et
3532 2030 3747 2118 figura
3801 2031 3928 2096 ins-

2395 2151 2732 2228 trumenti,
2790 2162 2858 2216 ut
2899 2159 3097 2236 patet,
3132 2151 3629 2215 Sacramentum
3671 2157 3773 2213 est
3811 2145 3928 2212 dis-

2398 2269 2635 2357 positio
2668 2267 2960 2334 moralis,

2490 2383 2943 2471 Respondetur
3010 2392 3265 2470 quart0,
3330 2380 3588 2467 quando
3656 2379 3939 2445 ultimate
3977 2432 4012 2480 1³.
4014 2425 4125 2492 ρῳ..

2401 2500 2758 2586 disponens
2788 2499 2983 2564 habet
3016 2497 3332 2563 rationem
3357 2496 3615 2573 formae,
3652 2506 3939 2562 transeat
3993 2493 4125 2542 *Μ

2400 2616 2640 2700 major;
2678 2614 2936 2701 quando
2968 2634 3123 2679 vero
3154 2623 3253 2679 est
3283 2611 3732 2678 extrinsecum
3781 2609 3940 2698 quod

2397 2731 2758 2818 applicatur
2826 2741 3101 2809 tantum,
3181 2740 3502 2816 negatum
3560 2726 3932 2815 hujusmodi

2399 2859 2499 2914 est
2529 2849 3044 2913 Sacramentum.
3083 2846 3322 2921 Quinto
3353 2844 3641 2933 denique
3676 2855 3943 2930 negatur

2404 2963 2617 3029 minor
2655 2963 2719 3028 in
2763 2963 2841 3028 iis
2881 2963 3341 3040 Sacramentis,
3394 2982 3545 3047 quae
3585 2960 3944 3028 consistunt

2405 3081 2469 3146 in
2538 3101 2687 3161 usu,
2759 3078 2909 3167 quia
2955 3098 3166 3165 neque
3207 3077 3479 3143 materia
3525 3078 3690 3157 sola,
3749 3098 3944 3165 neque

2406 3195 2546 3263 sola
2601 3196 2808 3261 forma
2870 3206 3139 3261 causant
3179 3192 3456 3279 gratiam
3518 3195 3580 3259 in
3635 3194 3944 3261 sententia

2406 3312 2790 3391 adversarii,
2822 3309 2935 3377 sed
2960 3310 3395 3395 compositum
3422 3330 3505 3375 ex
3538 3309 3666 3388 his,
3729 3332 3944 3397 nempe

2406 3432 2898 3497 Sacramentum
2963 3428 3320 3512 integrum,
3364 3425 3539 3513 quod
3590 3428 3810 3515 aliqua
3853 3427 3945 3493 sui

2406 3558 2586 3634 parte
2614 3545 2915 3612 consistit
2947 3545 3009 3610 in
3042 3544 3314 3621 actione,
3352 3564 3502 3631 quae
3540 3546 3855 3631 recipitur
3883 3544 3938 3609 in

2363 3663 2721 3750 subjecte,
2767 3662 2869 3728 cui
2913 3661 3294 3748 applicatur,
3335 3673 3402 3727 ut
3427 3661 3789 3740 ablutione,
3834 3679 3938 3726 un-

2407 3780 2643 3860 ctione,
2686 3789 2884 3856 tactu,
2940 3791 3063 3843 etc.
3109 3777 3364 3844 Sufficit
3403 3789 3621 3843 autem
3668 3776 3751 3842 ad
3792 3776 3939 3842 inte-

2408 3916 2593 3983 gram
2669 3893 3288 3972 denominationem,
3356 3907 3426 3960 ut
3499 3894 3938 3961 successivum

2410 4009 2769 4077 secundum
2801 4009 3083 4096 aliquam
3118 4009 3218 4075 sui
3242 4020 3489 4094 partem
3527 4009 3704 4088 insit,
3734 4027 3939 4096 quam-

2416 4124 2515 4192 vis
2567 4125 2928 4192 secundum
2974 4145 3206 4189 omnes
3248 4143 3375 4190 non
3445 4123 3628 4203 insit,
3691 4124 3854 4190 sicut
3884 4134 3938 4188 et

2413 4240 2772 4308 secundum
2825 4251 3042 4325 partes
3083 4239 3327 4315 existit,
3382 4248 3446 4305 et
3503 4259 3636 4304 non
3697 4258 3937 4324 perma-

2411 4369 2664 4437 nenter,
2716 4367 2780 4421 et
2836 4376 2990 4421 vera
3042 4367 3139 4421 est
3181 4357 3325 4421 haec
3365 4378 3379 4421 ε
3425 4357 3808 4442 Baptismus
3841 4356 3929 4437 fit,

2407 4474 2557 4541 licet
2600 4473 2735 4539 sola
2784 4471 3030 4539 ablutio
3069 4471 3430 4539 secundum
3468 4472 3756 4559 aliquam
3798 4491 3926 4558 par-

2407 4601 2536 4656 tem
2571 4601 2726 4655 tunc
2774 4588 3034 4654 existat.

2495 4705 2676 4782 Quod
2719 4726 2877 4793 ergo
2926 4717 3116 4791 urget
3193 4704 3502 4790 praefatus
3580 4716 3806 4771 auctor
3863 4702 3933 4768 de
4043 4742 4096 4791 7¹3.

2406 4824 2612 4889 forma
2645 4820 3066 4900 Sacramenti,
3100 4821 3154 4886 si
3186 4820 3506 4887 vellemus
3537 4819 3617 4886 ad
3650 4820 3774 4886 alia
3802 4820 3930 4906 ejus

2407 4938 2727 5026 principia
2757 4937 2926 5002 idem
2952 4948 3278 5025 torquere,
3318 4934 3588 5022 perinde
3605 4934 3936 5022 responde-

2409 5077 2476 5121 re
2517 5054 2799 5141 cogitur,
2848 5053 2999 5141 quia
3031 5073 3159 5118 non
3195 5051 3407 5138 magis
3438 5067 3540 5117 est
3589 5050 3670 5117 de
3710 5049 3937 5117 ratione

2408 5169 2857 5257 dispositionis
2882 5168 3100 5233 inesse
3130 5166 3339 5232 eidem
3373 5165 3694 5252 subjectO,
3732 5164 3796 5230 in
3826 5181 3938 5249 quo

2408 5295 2507 5349 est
2528 5283 2758 5364 forma,
2788 5302 2982 5368 quam
3016 5281 3096 5346 de
3139 5280 3390 5346 ratione
3421 5280 3653 5345 formae
3685 5298 3827 5344 esse
3875 5274 3932 5340 in

2408 5401 2678 5465 materia
2718 5418 2865 5463 cum
2898 5417 3024 5484 qua
3058 5395 3413 5482 componit.
3461 5398 3698 5461 Suarez
3737 5404 3927 5460 autem
4020 5440 4110 5489 Sica,

2405 5516 2738 5588 contendit
2778 5517 3050 5583 formam
3083 5527 3148 5584 et
3187 5515 3524 5583 materiam
3557 5517 3921 5583 Sacramen-
3967 5504 4124 5570 disrffiif*
