4255 6375
542 594 622 646 38.

760 431 879 494 646
1910 429 2053 491 ms.
2086 428 2187 490 1V.
2238 424 2836 491 SENTRN'rlARUM

2407 586 2742 662 inclinant,
2814 594 2886 650 ut
2912 588 3456 650 concurrentibus
3501 587 3643 648 aliis
3667 600 3919 648 necessa·

2415 702 2525 764 riis
2568 706 2754 764 actus
2801 704 3022 764 bonus
3081 703 3400 774 eliciatur,
3471 709 3609 764 etc.
3655 704 3786 762 Haec
3825 703 3912 765 do·

839 590 930 675 (c)
953 597 1027 654 Et
1067 595 1130 655 si
1165 593 1344 654 dicas
1395 595 1569 670 quod
1608 592 1866 653 habitus
1908 596 2292 667 supernatu-

760 707 927 770 ralis
966 725 1093 769 non
1134 715 1221 770 est
1263 708 1438 780 calis,
1475 712 1601 770 etc.
1636 711 1703 769 ln
1745 706 2301 786 praecedentibuS,

738 809 834 886 'ut
875 829 1061 904 patet
1129 841 1211 885 ex
1267 826 1501 897 littera,
1577 832 1875 887 removet
1946 821 2304 902 quamdam
2420 823 2624 883 ctrina
2670 822 2752 884 de
2813 821 2984 884 facili
3039 821 3353 901 explicari
3389 827 3617 900 potest
3652 827 3919 899 quantum

509 1411 669 1460 Varia

474 1475 701 1538 acceptio

450 1535 735 1607 dlspositio-

544 1614 642 1649 ms.

760 941 1346 1019 aequivocationem
1395 941 1562 1002 circa
1610 940 2067 1017 acceptionem
2109 937 2308 1016 hujus
2420 940 2505 1001 ad
2535 941 3041 1012 inclinationem,
3108 944 3175 1002 et
3202 945 3277 1000 ut
3305 939 3392 999 ita
3425 938 3662 1011 dicam,
3713 937 3925 1014 pondus

765 1054 943 1116 vocis
1000 1054 1359 1132 dispositiO,
1423 1071 1501 1116 ea
1551 1057 1900 1118 occasione
1966 1069 2096 1132 qua
2150 1051 2313 1113 dixit
2425 1057 2728 1135 potentiae
2793 1071 2914 1134 per
2966 1055 3263 1117 habitum
3311 1055 3506 1134 juxta
3553 1056 3929 1126 sententiam,

766 1185 921 1233 eum
991 1171 1319 1232 communi
1381 1172 1852 1245 characterem,
1910 1176 1983 1231 ut
2036 1168 2314 1231 formam
2427 1185 2626 1249 quam
2670 1175 2738 1231 ut
2797 1170 3209 1247 probabilem
3270 1166 3576 1230 defendit
3622 1171 3688 1228 in
3721 1171 3770 1229 1.
3813 1170 3928 1230 dz‘st.

770 1288 1079 1366 priorem,
1129 1304 1277 1348 esse
1328 1286 1827 1364 dispositionem
1875 1284 1961 1346 ad
2009 1286 2311 1364 gratiam.

774 1407 935 1467 Nam
989 1404 1325 1482 dispositio
1368 1405 1647 1464 sumitur
1691 1402 2061 1481 dupliciter,
2108 1406 2317 1480 primo

774 1528 848 1584 ut
878 1527 978 1584 est
1005 1522 1338 1585 inclinatio
1384 1522 1666 1602 subjecti
1710 1537 1825 1600 per
1865 1520 2141 1581 formam
2186 1519 2316 1596 pri·

775 1653 959 1702 orem
1019 1638 1102 1699 ad
1159 1634 1429 1700 formam
1478 1640 1933 1714 posteriorem,
2012 1639 2183 1697 sicut
2254 1638 2322 1696 in

774 1756 1057 1833 physicis
1092 1753 1269 1815 calor
1312 1752 1599 1830 disponit
1640 1753 2014 1831 subjectum
2063 1750 2148 1810 ad
2196 1748 2321 1810 for·

773 1887 948 1932 mam
979 1872 1172 1951 ignis.
1207 1871 1349 1930 Alio
1382 1870 1579 1931 modo
1625 1872 1906 1930 sumitur
1956 1867 2320 1946 dispositio,

775 1993 845 2048 ut
876 1993 975 2048 est
1019 1987 1329 2066 quaedam
1379 1984 1589 2048 forma
1636 1987 1958 2048 inhaerens
1995 1989 2060 2048 in
2104 1986 2324 2065 subje-

779 2111 907 2179 cto,
967 2101 1339 2164 secundum
1392 2102 1642 2181 gradus
1689 2102 2025 2174 remisSOS,
2058 2116 2135 2161 ac
2178 2118 2324 2178 pro-

775 2220 930 2284 inde
978 2219 1059 2280 de
1118 2216 1289 2280 facili
1346 2219 1601 2279 mobilis
1660 2234 1695 2277 a
1739 2217 2067 2296 subjectO,
2121 2222 2189 2278 et
2233 2217 2326 2278 sic

780 2338 1203 2417 distinguitur
1259 2339 1487 2397 contra
1529 2336 1849 2408 habitum,
1892 2336 2003 2414 qui
2049 2341 2149 2396 est
2191 2332 2317 2397 for·

780 2468 886 2512 ma
944 2450 1184 2511 eadem
1246 2447 1595 2512 difficulter
1651 2449 1929 2523 mobiliS,
1992 2454 2065 2510 ut
2107 2458 2208 2510 est
2263 2452 2328 2510 in

781 2567 992 2649 gradu
1035 2569 1295 2631 intenso
1330 2572 1393 2628 et
1424 2565 1743 2644 perfectO.

863 2687 1075 2764 Negat
1116 2692 1334 2746 autem
1390 2684 1842 2745 characterem
1904 2700 2053 2746 esse
2113 2684 2324 2762 dispo·

786 2801 1093 2862 sitionem
1122 2799 1246 2860 hoc
1288 2799 1583 2862 secundo
1633 2798 1854 2870 mod0‚
1909 2805 2022 2860 aut
2065 2803 2220 2877 poni
2266 2803 2330 2863 in

470 2942 764 2994 Summari-
785 2918 1009 2994 specie
1040 2918 1399 2994 QualitatiS,
1445 2923 1517 2979 ut
1564 2916 1899 2994 dispositio
1952 2924 2051 2979 est
2099 2916 2326 2977 distin-

442 3022 753 3134 reliqlililolrum

380 3147 383 3152 ·
511 3137 699 3183 textus.

575 4920 655 4970 39.

787 3043 889 3101 cta
922 3043 1141 3099 contra
1174 3036 1495 3109 habitum,
1541 3035 1662 3096 sed
1693 3033 1848 3111 poni
1873 3037 1937 3096 in
1968 3034 2193 3112 specie
2222 3033 2330 3093 ha·

783 3157 984 3228 bituS,
1045 3158 1112 3216 et
1142 3152 1430 3215 declarat
1459 3150 1775 3229 deinceps
1795 3150 2124 3229 quomodo
2146 3150 2332 3213 habi-

786 3279 887 3336 tus
917 3273 1125 3350 possit
1153 3287 1300 3332 esse
1334 3269 1665 3346 dispositio
1698 3266 1783 3330 ad
1816 3269 2008 3329 aliam
2059 3267 2333 3330 formam

783 3390 989 3468 primo
1021 3387 1219 3449 modo
1265 3395 1522 3465 sumpta
1556 3385 2009 3461 dispositione.
2043 3386 2334 3462 Respon-

784 3506 1003 3569 dendo
1051 3522 1210 3586 ergo
1242 3502 1330 3564 ad
1376 3510 1507 3565 tres
1549 3504 1960 3583 objectiones
2008 3500 2334 3564 adductas

786 3627 1013 3684 contra
1072 3621 1562 3682 conclusionem
1622 3635 1742 3679 suo
1799 3616 2054 3692 ordine,
2116 3616 2334 3678 adhuc

783 3739 1207 3817 prosequitur
1231 3735 1732 3814 responsionem
1764 3734 1848 3795 ad
1877 3734 2154 3806 tertiam,
2194 3750 2334 3811 quae

785 3862 886 3918 est
914 3856 1058 3917 talis
1092 3875 1106 3916 :
1157 3855 1384 3917 Omnis
1426 3852 1686 3916 habitus
1718 3851 2005 3928 disponit
2044 3850 2130 3911 ad
2159 3850 2332 3912 bene

785 3973 888 4035 vel
942 3972 1112 4033 male
1169 3969 1530 4050 agendum,
1580 3969 1693 4029 sed
1753 3969 2095 4029 character
2155 3983 2330 4037 non;

787 4107 945 4170 ergo
976 4107 1110 4152 non
1144 4095 1242 4150 est
1283 4087 1564 4149 babitus,
1618 4084 1717 4146 Ad
1775 4081 2184 4145 antecedens
2228 4097 2330 4142 re·

785 4206 1073 4285 spondet
1105 4205 1245 4268 dari
1288 4203 1582 4266 medium
1611 4202 1780 4264 inter
1825 4201 1999 4262 bene
2046 4203 2114 4260 et
2165 4197 2335 4259 male

784 4322 1068 4402 operari,
1119 4327 1249 4382 tam
1307 4320 1527 4398 quoad
1571 4325 1785 4381 actum
1848 4333 2047 4396 quam
2117 4313 2339 4394 quoad

784 4441 1103 4514 habitum,
1165 4439 1248 4500 de
1309 4454 1436 4517 quo
1509 4439 1828 4499 hactenus
1904 4433 2154 4495 dictum
2213 4437 2336 4494 est.

787 4556 917 4619 Sed
945 4557 1221 4619 ulterius
1252 4556 1450 4616 instat
1477 4553 1580 4613 hic
1612 4549 1793 4630 quod
1840 4550 2099 4612 habitus
2144 4558 2332 4610 natu·

786 4676 940 4736 ralis
1010 4689 1144 4734 non
1215 4672 1298 4732 sit
1368 4670 1534 4742 taliS,
1607 4667 1857 4728 scilicet
1926 4665 2338 4734 indifferenS,

794 4792 946 4871 quia
979 4791 1172 4852 datur
1201 4788 1286 4849 ad
1318 4784 1789 4865 perfectionem
1830 4782 2140 4861 subJecti.

871 4901 1252 4982 Respondet
1284 4917 1461 4980 ergo,
1497 4898 1673 4978 quod
1719 4898 1978 4958 habitus
2021 4909 2346 4973 superna-

797 5024 1020 5088 turalis
1042 5025 1268 5101 posset
1298 5034 1447 5081 esse
1480 5017 1833 5095 disponens
1864 5012 1948 5075 ad
1978 5018 2193 5075 actum
2223 5013 2340 5073 bo-

792 5159 971 5213 num,
1017 5141 1171 5200 licet
1245 5152 1379 5197 non
1422 5136 1503 5196 sit
1551 5134 1937 5211 principium
1992 5129 2343 5191 elicitivum

793 5258 1167 5338 proximum
1186 5253 1290 5315 vel
1320 5248 1676 5321 sufficienS,
1709 5253 1777 5310 et
1806 5249 1931 5309 hoc
1963 5246 2158 5307 modo
2182 5244 2346 5306 fides

787 5374 1026 5445 infusa,
1077 5371 1311 5448 inquit,
1361 5384 1492 5428 non
1540 5371 1641 5428 est
1712 5363 2047 5426 sufficiens
2094 5362 2334 5438 princi-

795 5493 971 5569 pium
1018 5484 1325 5547 eliciendi
1367 5491 1579 5545 actum
1628 5477 1970 5549 credendi,
2008 5490 2135 5537 nec
2187 5474 2344 5535 cha-

792 5610 948 5670 ritas
976 5603 1186 5666 infusa
1221 5599 1526 5664 eliciendi
1588 5603 1809 5660 actum
1844 5590 2192 5673 diligendi,
2221 5589 2342 5653 sed

2436 1289 2528 1348 17.
2577 1293 2796 1362 quaest.
2855 1289 2915 1347 2.
2988 1285 3437 1363 supponendo
3510 1285 3799 1347 habitum
3852 1302 3935 1344 ac—

2433 1399 2744 1478 quisitum
2799 1400 3006 1481 (quod
3078 1398 3161 1460 de
3232 1397 3450 1459 infuso
3522 1398 3753 1476 nequit
3814 1397 3933 1472 dici,

2431 1525 2505 1577 ut
2565 1519 2707 1594 ipse
2771 1516 3006 1578 asserit
3063 1516 3453 1594 quodlibeto
3521 1517 3620 1576 17.
3693 1521 3755 1576 et
3813 1515 3942 1576 alias

2433 1633 2699 1713 passim)
2758 1649 2890 1694 non
2948 1647 3095 1692 esse
3151 1633 3435 1692 activum
3491 1648 3619 1707 per
3673 1629 3940 1691 influxum

2434 1752 2499 1810 in
2558 1754 2803 1821 actum,
2857 1747 2942 1808 ad
2999 1762 3205 1825 quem
3268 1755 3489 1808 tamen
3556 1747 3840 1814 inclinat,
3890 1749 3946 1804 ut

2433 1862 2643 1927 forma
2705 1867 2880 1941 prior
2952 1862 3402 1926 determinans
3471 1861 3947 1924 indifferentiam

2436 1986 2742 2063 potentiae
2777 1981 2860 2043 ad
2909 1988 3151 2053 actum,
3215 1979 3337 2041 sed
3385 1980 3538 2058 quia
3593 1980 3698 2039 hic
3737 1994 3950 2054 suppo·

2437 2103 2532 2164 nit
2587 2101 2883 2163 habitum
2950 2113 3095 2160 esse
3159 2099 3468 2170 activum,
3533 2095 3720 2174 quod
3776 2101 3836 2155 et
3883 2094 3953 2155 ibi

2442 2213 2739 2278 defendit
2780 2219 2852 2275 ut
2894 2214 3104 2293 magis
3149 2212 3519 2292 probabile,
3556 2217 3627 2274 et
3675 2210 3952 2286 deinceps

2439 2334 2760 2412 sequitur,
2795 2348 2927 2393 non
2961 2338 3061 2392 est
3088 2329 3176 2392 ad
3217 2330 3343 2390 hoc
3393 2329 3890 2391 recurrendum.

2517 2448 2908 2511 Tenendum
2967 2453 3187 2508 tamen
3250 2450 3353 2508 est
3410 2445 3766 2524 dupliciter
3801 2443 3953 2506 habi·
4012 2441 4110 2499 [w-

2446 2571 2576 2627 tum
2611 2562 3033 2627 considerari.
3076 2563 3310 2636 Prim0,
3342 2565 3417 2624 ut
3444 2562 3649 2623 habet
3679 2560 3956 2622 rationem
3987 2499 4128 2610 aas?

2443 2686 2659 2749 formae
2689 2684 3096 2747 informantis
3126 2690 3193 2746 et
3224 2683 3730 2746 determinantis
3769 2687 3961 2759 poten·
4005 2629 4105 2674 m

2449 2805 2624 2878 tiam,
2675 2808 2994 2882 quantum
3041 2809 3143 2863 est
3185 2819 3268 2864 ex
3311 2775 3744 2864 inclinatione
3793 2801 3963 2879 ipsius

2446 2923 2530 2984 ad
2573 2922 2910 3001 objectum
2978 2935 3171 2981 suum
3238 2919 3779 2994 determinatum,
3833 2920 3965 2980 sicut

2449 3046 2514 3101 et
2546 3040 2629 3101 ad
2680 3045 2901 3101 actum
2942 3038 3066 3116 ipsi
3125 3039 3723 3113 proportionatum,
3767 3040 3830 3096 et
3865 3036 3963 3095 hoc.

2449 3159 2767 3238 competit
2795 3157 3068 3229 habitui,
3131 3157 3266 3218 sive
3301 3157 3600 3235 potentia
3636 3173 3720 3218 eo
3752 3159 3959 3225 utatur,

2447 3274 2792 3355 sequendo
2854 3275 3000 3354 ejus
3064 3274 3585 3343 inclinationem,
3647 3275 3787 3334 sive
3835 3285 3960 3339 non,

2449 3398 2515 3457 et
2582 3395 2719 3455 sive
2783 3390 3132 3469 suspensio
3204 3391 3428 3467 operis
3495 3393 3842 3467 proveniat
3899 3404 3960 3447 ex
4003 3396 4128 3479 tei-m

2446 3516 2770 3586 libertate,
2817 3512 2952 3573 sive
2985 3528 3068 3573 ex
3110 3511 3235 3571 alio
3275 3509 3760 3589 impedimento
3799 3524 3959 3588 agen·
3998 3466 4117 3570 {ff

2449 3629 2537 3701 di,
2596 3637 2667 3691 ut
2712 3630 2862 3707 quia
2911 3626 3287 3690 distrahitur
3335 3628 3634 3704 potentia
3696 3643 3817 3704 per
3862 3625 3960 3686 alia

2446 3749 2708 3816 motiva,
2780 3745 2884 3805 vel
2955 3743 3105 3822 quia
3180 3741 3494 3803 deficiunt
3584 3741 3810 3821 aliqua
3871 3753 3963 3819 per

2447 3875 2519 3920 se
2566 3858 2878 3936 requisita
2948 3855 3034 3917 ad
3087 3862 3330 3930 actum,
3397 3855 3775 3917 secuudum
3813 3854 3964 3916 incli-

2449 3979 2782 4039 nationem
2824 3974 3109 4036 habitus.

2528 4092 2667 4152 Alio
2709 4088 2907 4150 modo
2955 4087 3406 4150 consideratus
3455 4086 3748 4159 habituS,
3797 4082 4126 4192 utestfflffl'

2449 4207 2838 4286 principium
2892 4204 3160 4284 agendi,
3219 4209 3285 4265 et
3338 4207 3432 4266 sic
3485 4211 3703 4282 magis
3767 4203 3964 4265 dicitur
3998 4220 4109 4286 priv?-

2454 4324 2992 4402 comprincipium
3055 4324 3121 4382 in
3185 4319 3447 4399 agendo
3541 4336 3743 4398 quarn
3815 4320 3966 4381 incli-

2453 4444 2651 4511 nati0,
2706 4440 2856 4517 quia
2899 4438 3117 4516 potius
3162 4438 3637 4499 determinatur
3684 4455 3722 4499 a
3773 4443 3965 4518 poten-

2453 4558 2537 4621 tia
2584 4555 2667 4617 ad
2711 4555 3072 4635 agendum,
3122 4560 3437 4632 tanquam
3479 4573 3516 4614 a
3559 4572 3764 4616 causa
3809 4571 3967 4632 supe·

2454 4679 2648 4747 riore,
2711 4688 2908 4752 quam
2961 4688 2996 4733 e
3048 4677 3299 4743 contra,
3359 4674 3524 4747 quia
3563 4672 3831 4735 habitus
3870 4674 3967 4731 uti·

2458 4805 2625 4863 mur,
2684 4788 2911 4866 inquit,
2969 4786 3425 4862 PhilosophuS‚
3484 4803 3634 4848 cum
3689 4788 3966 4853 volumus.

2459 4913 2582 4968 etc.
2657 4904 3020 4984 Applicatio
3091 4904 3313 4983 itaque
3370 4905 3662 4980 habitus,
3733 4911 3806 4967 ut
3865 4903 3966 4983 agit

2461 5031 2562 5087 est
2613 5042 2731 5102 per
2778 5024 3161 5102 potentiam,
3218 5041 3352 5086 non
3431 5041 3467 5086 e
3516 5030 3771 5088 contra.
3816 5020 3965 5102 Quod

2461 5147 2657 5206 etiam
2698 5160 2929 5205 verum
2960 5147 3060 5205 est
3089 5145 3153 5203 in
3185 5146 3820 5220 supernaturalibus,
3850 5145 3960 5221 quia

2461 5262 2612 5322 licet
2642 5262 2958 5337 potentia,
3005 5267 3076 5320 ut
3108 5258 3407 5321 voluntas
3439 5276 3571 5321 non
3611 5263 3816 5338 possit
3849 5272 3963 5339 age·

2462 5396 2556 5450 re,
2629 5375 2754 5439 nisi
2814 5384 2887 5437 ut
2942 5376 3219 5450 elevata,
3267 5382 3492 5439 tamen
3563 5379 3711 5456 ipsa
3768 5383 3856 5439 est
3902 5390 3958 5435 ex

2464 5500 2591 5563 qua
2642 5484 2847 5561 primo
2912 5487 3015 5545 est
3071 5484 3536 5547 determinatio
3596 5488 3876 5558 actionis,
3912 5487 3960 5543 ut

2466 5596 2880 5668 comparatur
2950 5590 3033 5652 ad
3103 5592 3396 5655 habitum
3478 5599 3955 5657 concurrentem,
