4255 6375
634 777 842 889 Sxffiiam

601 900 833 975 efficacia·
898 884 1024 950 lam
1057 887 1510 953 remissionem
1563 886 1713 953 ficto
1757 884 2045 953 tenendo
2079 884 2258 951 hunc
2301 904 2436 950 mo-

589 968 838 1094 Βῗῖἷὲἷῗι
897 1001 1050 1067 dum
1082 1003 1473 1090 explicandi.
1538 1025 1748 1092 neque
1804 1002 1958 1070 dare
2013 1013 2250 1090 potest,
2313 998 2439 1065 nisi

614 1092 846 1205 aliti?

635 1217 800 1281 quoad

595 1295 818 1346 poenam.

879 373 999 435 450

897 535 1041 616 alis,
1081 557 1195 622 per
1225 557 1417 624 quam
1452 537 1895 622 remittuntur,
1934 556 2063 602 non
2095 534 2291 601 habet
2319 552 2436 599 an-

895 673 1129 719 nexam
1169 653 1360 721 talem
1404 654 1884 722 remissionem.

985 770 1304 851 Secundo,
1364 771 1515 859 quia
1592 770 1959 858 Baptismus
2007 788 2137 835 non
2183 766 2292 834 dat
2341 765 2441 831 ul-

899 1121 1220 1188 mediante
1297 1124 1505 1209 gratia
1581 1121 1976 1210 baptismali,
2054 1142 2170 1208 per
2244 1139 2440 1207 quam

899 1237 984 1303 ita
1035 1251 1458 1324 regeneratur
1499 1241 1718 1319 homo,
1767 1251 1838 1306 ut
1867 1238 2047 1306 tollat
2076 1237 2442 1325 culpam,et

894 1377 1154 1422 omnem
1188 1378 1446 1444 poenam
1477 1357 1885 1445 simpliciter,
1921 1367 1985 1422 et
2030 1354 2133 1422 cui
2185 1373 2439 1420 annexa

890 1487 991 1540 est
1039 1474 1185 1540 talis
1243 1475 1569 1555 remissie,
1631 1473 1782 1562 quia
1849 1486 1946 1541 est
2012 1472 2222 1558 prima
2274 1470 2436 1539 stola

889 1605 1266 1677 recuperata
1305 1612 1422 1677 per
1451 1581 1680 1658 merita
1713 1569 2059 1676 passionis,
2101 1587 2435 1676 perfectis-

885 1709 1052 1776 simo
1101 1720 1164 1775 et
1202 1707 1526 1796 singulari
1562 1707 1752 1774 modo
1796 1708 2116 1795 applicata
2177 1728 2293 1794 per
2325 1708 2433 1773 ba-

885 1826 1244 1912 ptismum3
1293 1846 1452 1912 ergo
1505 1824 1759 1892 sublata
1799 1822 2088 1890 efficacia
2120 1822 2436 1911 Baptismi

884 1943 1056 2008 circa
1097 1941 1552 2008 remissionem
1610 1953 1740 2007 tam
1799 1940 2010 2027 culpae
2050 1961 2248 2027 quam
2298 1961 2439 2028 poe·

889 2077 1015 2138 nae,
1059 2057 1306 2124 tollitur
1357 2055 1643 2124 efficacia
1708 2057 1852 2144 ejus
1907 2055 2120 2144 quoad
2177 2077 2436 2144 poenam

888 2178 1334 2262 temporalem.

979 2295 1219 2375 Terti0,
1265 2292 1417 2380 quia
1457 2292 1581 2380 ipsi
1634 2292 1984 2380 Baptismo‚
2031 2304 2103 2360 ut
2141 2292 2331 2360 datur
2370 2293 2435 2359 in

891 2410 1342 2476 remissionem
1387 2418 1823 2497 peccatorum,
1869 2409 2167 2476 tribuunt
2215 2411 2436 2477 Patres

889 2537 952 2592 et
1009 2529 1302 2591 Canones
1365 2524 1531 2590 hanc
1587 2523 1969 2605 efficaciam,
2007 2536 2073 2591 ut
2130 2535 2305 2611 patet
2355 2545 2435 2590 ex

885 2642 1193 2708 omnibus
1241 2639 1427 2722 lociS‚
1475 2662 1556 2706 ex
1614 2639 1853 2727 quibus
1897 2661 2096 2728 supra
2133 2641 2434 2729 probavi-

885 2781 1031 2824 mus
1071 2756 1430 2826 efficaciam
1465 2756 1799 2843 Baptismi‚
1847 2769 1917 2824 ut
1965 2756 2248 2824 declarat
2293 2757 2434 2824 Tri-

881 2876 1221 2942 dentinum
1252 2895 1405 2941 sess.
1443 2876 1508 2939 6.
1554 2895 1699 2961 cap.
1747 2878 1810 2940 7.
1846 2894 2001 2941 sess.
2055 2877 2120 2939 5.
2175 2895 2325 2940 can.
2362 2879 2426 2940 ὅ.

878 3017 1031 3061 ses-3.
1081 2999 1186 3062 14.
1232 3016 1379 3080 cap.
1417 2993 1537 3059 illo
1579 2992 1909 3072 secundm
1948 3003 2013 3058 et
2043 2991 2273 3080 probat
2324 2991 2432 3058 ille

877 3111 1059 3178 locus
1117 3111 1296 3178 Pauli
1364 3110 1445 3177 ad
1503 3113 1832 3176 Romanos
1881 3114 1948 3175 8.
2020 3109 2214 3175 Nihil
2274 3130 2432 3196 erqo

876 3252 1056 3297 wenc
1111 3230 1569 3296 damnationis
1633 3240 1730 3295 est
1803 3231 1912 3308 iis,
1969 3229 2085 3316 qui
2136 3239 2291 3294 sant
2357 3230 2451 3303 in,

885 3347 1173 3425 Christo,
1211 3346 1326 3432 qui
1355 3367 1488 3411 non
1517 3344 1876 3411 secundum
1904 3364 2176 3410 carnem
2205 3343 2430 3409 ambu-

885 3464 1048 3542 lant,
1121 3474 1245 3528 etc.
1317 3473 1387 3529 ut
1436 3472 1609 3527 recte
1675 3458 2129 3526 Tridentinum
2168 3480 2322 3525 sess.
2358 3464 2425 3525 5.

882 3602 1028 3646 can.
1067 3585 1128 3646 5.
1182 3578 1516 3646 declarans
1557 3598 1671 3666 per
1716 3577 1840 3644 hoc
1892 3576 2245 3644 efficaciam
2314 3579 2428 3644 Ba-

880 3697 1145 3786 ptismi3
1182 3696 1293 3763 sed
1333 3696 1699 3783 Baptismus
1731 3693 1887 3779 ficti,
1925 3695 2041 3781 qui
2067 3694 2429 3761 secundum

877 3837 1146 3881 carnem
1197 3815 1511 3893 ambulat,
1569 3833 1697 3880 non
1749 3811 1872 3878 suit
1919 3810 2046 3897 ipsi
2096 3811 2163 3878 in
2196 3814 2424 3879 remis-

875 3933 1151 4012 sionem,
1191 3930 1302 3999 sed
1347 3930 1413 3995 in
1445 3928 1930 3995 damnationem
1963 3939 2028 3994 et
2058 3941 2419 4015 peccatum,

875 4071 990 4136 per
1055 4048 1226 4138 quod
1285 4047 1554 4133 indigne
1600 4044 1813 4133 [illum
1873 4046 2203 4132 suscepit;
2267 4066 2425 4133 ergo

875 4167 1118 4232 nullam
1149 4164 1344 4232 habet
1374 4162 1730 4231 efficaciam
1761 4162 2135 4231 remittendi
2160 4184 2423 4250 poenam

874 4283 1324 4370 temporalem.

969 4405 1056 4465 De
1102 4400 1247 4485 lege
1277 4408 1494 4465 autem
1539 4406 1756 4462 manet
1795 4415 1987 4481 poena
2042 4396 2420 4481 temporalis

877 4529 1139 4605 peccato
1169 4514 1450 4594 mortali,
1497 4535 1625 4579 non
1664 4512 1966 4579 obstante
2005 4512 2413 4599 poenitentia,

873 4636 1000 4702 nisi
1041 4635 1128 4701 sit
1173 4632 1558 4711 abundans3
1614 4651 1826 4717 neque
1866 4629 2000 4712 illa,
2044 4650 2195 4717 quae
2232 4632 2416 4698 suffi-

865 4753 951 4819 cit
1009 4751 1085 4817 ad
1146 4747 1601 4815 remissionem
1651 4746 1920 4832 peccati,
1974 4745 2169 4812 etiam
2231 4758 2414 4814 extra

863 4873 1381 4946 Sacramentum,
1439 4876 1538 4931 est
1593 4860 1955 4943 sufficiens,
2014 4874 2083 4929 ut
2149 4863 2415 4932 tollatur

861 5006 1054 5074 poena
1113 4979 1512 5068 temporalis,
1559 4999 1772 5066 neque
1810 4977 1965 5044 olim
2015 4978 2209 5046 etiam
2262 4992 2413 5048 ante

859 5101 1336 5170 institutionem
1381 5096 1691 5183 Baptismi
1725 5093 1956 5161 habuit
1985 5094 2163 5162 illam
2194 5095 2409 5164 effica-

856 5223 1048 5301 ciam,
1131 5220 1293 5289 alias
1360 5239 1535 5285 nunc
1620 5215 1913 5298 haberet,
2012 5215 2164 5303 quia
2244 5214 2409 5282 nihil

857 5341 1065 5428 ipsius
1095 5337 1324 5406 virtuti
1365 5337 1637 5422 derogat
1667 5331 1995 5400 institutio
2026 5335 2408 5401 Sacramen-

857 5467 1098 5537 torum,
1135 5453 1248 5521 sed
1292 5451 1503 5532 solum
1535 5448 2140 5516 subordinationem
2181 5449 2401 5530 addit;

856 5596 1016 5662 ergo
1065 5573 1133 5640 in
1190 5567 1528 5660 proposito
1566 5586 1720 5635 casu
1782 5586 1913 5633 non
1958 5565 2156 5635 habet
2208 5565 2405 5637 talem

2051 371 2195 433 ΜΒ.
2230 370 2333 432 IV.
2378 366 2971 434 SENTENTtARuu

2551 530 2853 599 effectum
2895 535 3143 616 tollere,
3181 538 3304 603 nisi
3348 540 3612 627 quando
3655 557 3737 610 est
3773 547 3836 612 ita
3874 571 3959 634 per·

2547 647 2738 730 fecta,
2776 661 2846 716 ut
2890 649 3048 730 dixi,
3087 664 3159 720 ut
3195 656 3592 742 aequivaleat
3636 661 3959 744 satisfactioni,

2552 777 2867 850 quantum
2902 767 2982 833 ad
3022 767 3408 855 dignitatem
3442 786 3649 841 actus.

2641 880 2923 948 Dicendo
2961 904 3121 972 ergo
3186 887 3357 974 quod
3420 891 3769 975 Baptismus
3799 899 3960 962 nonsit

2553 989 2785 1059 efficax
2816 994 2894 1061 ad
2940 997 3394 1067 remissionem
3434 1002 3645 1090 culpae
3674 1006 3730 1070 in
3765 1006 3891 1086 ficto,
3908 1008 3962 1072 di·

2550 1107 2830 1176 cendum
2884 1121 2984 1177 est
3030 1113 3225 1180 etiam
3284 1136 3415 1183 non
3454 1118 3768 1186 remittere
3790 1121 3961 1207 {poenam

2551 1224 3005 1312 temporalem,
3040 1249 3189 1296 nam
3229 1230 3285 1297 si
3328 1232 3457 1300 ulla
3494 1233 3968 1322 effioeciapermo-

2550 1336 2707 1404 dum
2746 1342 3151 1410 Sacramenti
3190 1345 3316 1434 ipsi
3349 1350 3694 1417 tribuenda
3725 1363 3827 1432 est,
3859 1353 3971 1418 debet

2551 1455 2792 1523 salvari
2852 1459 3161 1545 primaria
3213 1464 3404 1550 juxta
3458 1466 3733 1552 primum
3781 1469 3969 1548 modum,

2551 1574 2661 1659 qui
2695 1577 3066 1644 communis
3094 1588 3217 1660 est,
3246 1591 3310 1648 et
3339 1603 3558 1669 quem,
3596 1597 3668 1650 ut
3697 1587 3865 1672 magis
3891 1608 3974 1674 pro-

2552 1688 2857 1772 babilem,
2912 1692 3201 1760 defendit
3241 1698 3495 1777 Doctor,
3549 1699 3834 1788 quidquid
3876 1703 3975 1769 dieat

2548 1805 2864 1893 Vasquez,
2912 1808 3064 1894 quia
3107 1821 3172 1876 et
3209 1831 3356 1878 eum
3393 1813 3602 1899 primo
3640 1814 3769 1883 loco
3814 1820 3973 1896 statuit,

2548 1932 2612 1991 et
2642 1925 2718 1990 in
2747 1925 3124 2011 lte-portatis
3161 1947 3309 1994 eum
3374 1929 3585 1997 solum
3627 1933 3869 2012 adducit,
3892 1935 3973 2000 aliis

2549 2040 3061 2128 supersedenda

2634 2158 2869 2244 Opinio
2900 2170 3117 2226 autem
3150 2161 3488 2246 Gabrielis,
3524 2185 3649 2252 qua
3674 2165 3814 2232 dicit
3838 2186 3971 2253 pm

2548 2284 2687 2340 tum
2728 2275 3049 2362 originale
3086 2278 3328 2345 remitti
3385 2280 3629 2348 virtute
3668 2284 3970 2369 Baptismiin

2548 2389 2722 2472 fict0,
2795 2404 2858 2457 et
2908 2412 3036 2459 non
3075 2394 3372 2474 actualia,
3432 2417 3583 2483 quae
3636 2399 3973 2466 fueruntante

2548 2506 2977 2592 Baptismum,
3015 2509 3249 2577 merito
3286 2511 3366 2579 ab
3396 2514 3697 2582 omnibus
3729 2517 3974 2602 repreherr

2546 2620 2746 2704 ditur,
2781 2623 2934 2709 quia
2964 2625 3268 2694 remissio
3307 2630 3551 2713 peccati
3580 2630 3880 2718 originalis
3905 2651 3973 2697 om

2548 2735 2620 2803 fit
2667 2738 2812 2806 sine
2854 2741 3088 2827 gratia,
3124 2763 3275 2829 quae
3306 2743 3361 2810 si
3390 2756 3549 2812 tunc
3583 2746 3824 2814 daretur
3851 2745 3973 2812 virtu-

2544 2863 2607 2919 te
2644 2855 3070 2940 Sacramenti,
3106 2858 3361 2927 tolleret
3391 2874 3457 2927 et
3495 2860 3821 2940 fictionem,
3853 2875 3975 2929 etre-

2543 2964 2720 3054 liqua
2783 2981 3083 3055 peccata;
3162 2970 3574 3060 impugnatio
3620 2976 3751 3063 ejus
3793 2974 3977 3042 habetur

2543 3104 2626 3151 ex
2671 3084 2889 3166 dictis,
2936 3106 3148 3174 neque
3185 3100 3285 3155 est
3324 3099 3488 3157 tuta.

2633 3200 2731 3289 (h)
2770 3202 2876 3268 Ad
2899 3204 3218 3289 primum,
3265 3216 3389 3273 etc.
3426 3208 3542 3274 Hic
3569 3206 3874 3294 respondet
3900 3208 3979 3271 Do·

2541 3330 2683 3386 ctor
2746 3320 2824 3387 ad
2892 3334 3303 3410 argumenta,
3370 3345 3521 3410 quae
3591 3325 3880 3413 responsio
3918 3336 3977 3389 est

2540 3435 2736 3502 clara.
2772 3435 3041 3512 Quando
3078 3436 3235 3505 dicit
3272 3440 3713 3526 respondendo
3749 3440 3973 3513 secundo,

2541 3552 2712 3638 quod
2765 3550 2954 3620 fictus
2995 3574 3123 3619 non
3164 3555 3250 3621 sit
3298 3555 3656 3642 baptizatus
3692 3558 3746 3624 in
3770 3556 3975 3627 christo.

2538 3670 2650 3738 sed
2683 3669 2748 3736 in
2782 3670 3045 3737 nomine
3091 3670 3355 3751 Christi,
3404 3674 3674 3759 quadrat
3706 3673 3836 3741 locis
3859 3679 3975 3758 Apo

2540 3786 2715 3867 stoli,
2752 3788 2903 3876 quia
2952 3787 3031 3855 de
3078 3809 3153 3854 eo
3202 3788 3430 3876 nequit
3472 3791 3623 3872 dici,
3656 3792 3799 3879 quod
3824 3791 3972 3857 sitte-

2536 3907 2762 3993 puteus
2807 3927 2954 3972 cnm
3018 3906 3287 3973 Christo
3343 3908 3419 3974 in
3475 3919 3735 3976 mortem
3764 3918 3970 3996 peccato

2536 4042 2727 4101 rum‚·
2777 4020 2856 4087 ad
2913 4020 3232 4107 Ephesios
3277 4026 3343 4088 4.
3410 4044 3621 4111 neque
3661 4024 3804 4113 quod
3845 4025 3909 4090 sit
3932 4021 3969 4085 ia

2536 4137 2816 4217 Christ0,
2871 4136 3023 4224 quia
3068 4137 3568 4208 damnationem
3616 4141 3798 4222 habet,
3838 4151 3969 4206 etst-

2533 4254 2823 4320 cundum
2852 4273 3121 4320 carnem
3149 4253 3484 4335 ambulat;
3522 4277 3717 4345 neque
3755 4254 3968 4343 spiritum

2533 4371 2773 4438 Christi
2842 4372 3074 4438 habet:
3130 4373 3211 4437 Si
3282 4374 3432 4460 quis
3487 4386 3697 4443 autem
3742 4374 3967 4461 spiritua

2535 4490 2792 4555 Christi
2827 4511 2961 4556 non
3001 4488 3213 4569 habet,
3269 4491 3382 4556 hic
3436 4512 3571 4560 non
3629 4504 3715 4561 ese
3745 4495 3871 4579 ejtm
3915 4484 3964 4551 ad

2533 4608 2857 4673 Romanos
2892 4610 2956 4675 8.
2993 4605 3361 4693 Baptizatus
3390 4618 3605 4676 tamen
3634 4622 3722 4677 est
3747 4609 3797 4674 in
3821 4604 3963 4672 uomi-

2530 4742 2611 4789 ne
2650 4722 2913 4804 Christi,
2975 4721 3039 4789 id
3098 4733 3221 4804 est,
3275 4721 3344 4789 in
3392 4725 3753 4793 auctoritate
3793 4715 3959 4789 Christi

2527 4859 2643 4927 per
2673 4839 3104 4927 Baptismum,
3139 4840 3206 4906 in
3256 4860 3389 4927 quo
3419 4854 3520 4910 est
3554 4842 3827 4930 signatus,
