4255 6375
739 376 860 439 286
1919 380 2064 442 LIB.
2093 380 2196 443 lv.
2242 379 2837 445 SENTENTIARUM

721 538 1036 604 Ordinem
1068 542 1154 605 ad
1183 544 1549 617 materiam,
1599 561 1734 607 non
1779 541 1864 605 ita
1915 543 1983 605 in
2015 543 2276 616 ordine,

726 656 809 720 de
867 660 1108 737 quibus
1177 664 1242 723 in
1299 666 1526 740 specie
1572 660 1906 741 agendum
1967 661 2110 722 erit.
2172 660 2275 722 Sic

726 783 920 845 etiam
961 784 1028 846 in
1057 787 1363 848 Extrema
1394 789 1715 851 Unctione
1751 807 1765 849 ε
1814 792 1942 849 Per
1966 789 2134 849 hanc
2158 804 2266 849 sa·

2387 548 2718 608 cer-dotum
2743 545 3118 608 ministeriis
3146 546 3482 620 attributa,
3512 547 3756 608 visibile
3779 546 3892 624 esti-
3924 571 4077 638 Q

2388 665 2563 724 ciunt
2591 667 3118 737 Sacramentum,
3151 669 3275 725 etc.
3310 661 3468 724 Vide
3498 664 3896 742 Augustinum

2392 783 2666 858 epistola
2716 782 2847 843 118.
2910 788 2965 842 et
3020 781 3132 841 tib.
3186 782 3281 846 19.
3340 789 3569 843 contra
3609 784 3897 849 Faustum,

723 914 907 960 cram
974 903 1359 977 Unctionem,
1419 910 1545 966 etc.
1609 906 1822 984 magis
1894 904 2279 982 exprimitur
2386 916 2530 973 cap.
2569 897 2662 960 16.
2717 903 2775 959 et
2818 898 2930 959 lib.
2993 899 3054 963 3.
3115 900 3193 959 de
3248 900 3579 976 Baptismo
3625 915 3759 974 cap.
3817 896 3896 957 10.

731 1013 1020 1076 efficacia
1079 1020 1364 1080 materiae
1421 1036 1619 1097 quam
1674 1017 1917 1093 formae,
1972 1037 2113 1098 quae
2175 1023 2275 1080 est

728 1130 1189 1213 deprecativa3
1279 1138 1341 1196 in
1415 1137 1826 1200 matrimonio
1907 1152 2272 1199 consensus

723 1253 1014 1323 mutuuS,
1062 1251 1165 1313 vel
1217 1251 1543 1331 quidquid
1586 1260 1890 1329 ponatur,
1941 1256 2110 1317 sicut
2154 1271 2274 1332 per

722 1381 795 1427 se
843 1366 1127 1445 exigitur
1155 1367 1240 1429 ad
1287 1374 1693 1433 contractum
1737 1371 2130 1451 legitimum,
2183 1373 2271 1434 ita

724 1480 1349 1562 quomodocumque
1383 1486 1768 1565 explicatur,
1826 1489 1962 1550 sive
2016 1489 2082 1549 in
2123 1490 2267 1549 rati·

721 1612 850 1658 one
906 1596 1130 1661 formae
1171 1603 1308 1663 sive
1365 1603 1675 1675 materiae,
1722 1601 2000 1681 perinde
2043 1601 2272 1665 fundat

725 1714 1112 1777 relationem
1144 1718 1717 1780 sacramentalem.

507 1848 561 1902 8.
650 1912 662 1925 ⁶
803 1831 1096 1894 Occurrit
1126 1834 1568 1896 controversia
1601 1851 1751 1896 cum
1779 1836 2097 1899 haereticis
2153 1839 2267 1900 cir·

380 1915 466 1966 ‘⁴⁶¹²
484 1920 696 2027 materna
725 1960 798 2006 ca
825 1943 1104 2006 formam
1150 1953 1218 2009 et
1261 1949 1601 2011 materiam
1633 1951 1828 2030 hujus
1875 1953 2263 2019 Sacramen-

372 2041 538 2091 forma
593 2040 696 2090 sint

423 2099 632 2151 definita
722 2064 765 2124 ti
840 2068 906 2124 et
950 2065 1376 2143 reliquorum,
1422 2074 1643 2129 utrum
1693 2071 1824 2131 sint
1871 2067 2135 2133 definita
2201 2073 2268 2131 et

423 2164 634 2278 {feffi‘g}
721 2176 1208 2243 determinata?
1236 2183 1589 2246 Veritatem
1620 2183 2070 2248 affirmativam
2113 2204 2265 2265 sup.

373 2287 693 2401 fld‘gssaffizssm
720 2295 906 2371 ponit
935 2298 1184 2360 Doctor
1212 2300 1333 2372 hic,
1368 2308 1434 2364 et
1460 2301 1524 2361 in
1572 2306 1926 2381 quaestione
1977 2321 2267 2382 sequen-

423 2413 630 2464 Doctor·
724 2412 791 2485 ti,
828 2420 893 2474 et
919 2413 983 2473 in
1018 2414 1224 2492 prima
1262 2417 1628 2494 quaestione
1671 2418 1891 2499 hujuS,
1926 2436 2044 2498 per
2087 2422 2266 2483 illam

715 2530 1107 2607 particulam
1152 2548 1237 2592 ex
1289 2534 1509 2595 divina
1562 2536 1952 2597 institutione
2013 2537 2262 2614 siqnisl-

716 2659 892 2716 canS,
927 2649 995 2706 et
1034 2646 1100 2707 in
1132 2647 1567 2726 explicatione
1613 2647 2008 2713 definitionis
2062 2651 2259 2713 tradi-

715 2764 799 2823 tae
845 2778 881 2821 a
951 2762 1281 2842 Magistro,
1345 2770 1410 2826 et
1464 2767 1608 2828 dist.
1661 2768 1714 2827 1.
1775 2773 1989 2843 quaest.
2041 2770 2101 2830 2.
2142 2785 2269 2846 per

713 2880 961 2947 totum;
1038 2881 1275 2957 estque
1346 2879 1585 2941 veritas
1653 2878 1807 2942 fidei
1866 2878 2134 2942 definita
2196 2881 2263 2942 in

401 3003 635 3057 Trident.
710 2995 1118 3070 Tridentino,
1161 3000 1567 3080 ubicumque
1599 3003 1735 3082 agit
1768 3000 1850 3063 de
1881 3004 2264 3064 Sacramen-

451 3100 456 3104 ’
718 3112 795 3173 tis
831 3112 898 3172 in
926 3115 1176 3192 specie,
1211 3119 1279 3176 et
1305 3132 1452 3177 sess.
1486 3119 1548 3177 7.
1584 3098 1724 3177 can.
1778 3119 1873 3180 13.
1908 3120 1986 3181 de
2012 3121 2262 3180 Sacra-

408 3237 643 3291 Floreat.
712 3230 944 3291 mentis
970 3232 1036 3291 in
1062 3248 1318 3308 genere,
1383 3237 1448 3295 et
1497 3235 1563 3296 in
1609 3234 1983 3296 Florentino
2032 3251 2258 3312 supra,

714 3350 782 3406 et
811 3362 954 3423 cap.
990 3349 1084 3409 Ad
1123 3348 1542 3424 abolendam,
1589 3353 1666 3413 de
1706 3351 2038 3414 haereticis.

788 3460 971 3524 Patet
1000 3463 1220 3539 quoad
1253 3481 1561 3542 praesem,
1593 3469 1862 3528 loannis
1889 3468 1948 3528 3.
1981 3468 2093 3529 ubi
2138 3465 2254 3528 de-

710 3580 1013 3657 signatur
1041 3582 1308 3641 materia
1351 3582 1687 3659 Baptismi,
1731 3598 1943 3661 aqua;
1977 3584 2266 3646 Matthaei

709 3694 942 3757 ultimo
983 3696 1129 3777 ejus
1178 3694 1414 3774 forma,
1475 3700 1646 3759 sicut
1708 3704 1776 3761 et
1831 3701 2120 3761 Matthaei
2153 3700 2255 3762 26.

408 3844 623 3912 Dionys.
709 3805 916 3872 forma
960 3816 1027 3873 et
1069 3816 1340 3877 materia
1396 3813 1856 3887 Eucharistiae;
1910 3813 2259 3893 Dionysius

713 3924 797 3987 de
844 3927 1300 3991 Ecclesiastica
1350 3930 1717 3993 hierarchia
1765 3946 1909 4008 cap.
1947 3931 2001 3991 l.
2048 3931 2263 3991 Primi

706 4046 1131 4125 sacerdotatis
1174 4048 1461 4108 muneris
1529 4050 1722 4109 duces
1762 4046 2126 4108 visibilibus
2174 4047 2256 4108 si-

702 4166 846 4243 quis
910 4161 1192 4225 coelestia
1259 4165 1691 4225 Sacramenta
1747 4166 2113 4234 texuerunt,
2199 4166 2258 4222 et

695 4283 947 4361 partim
983 4281 1262 4356 scriptis,
1304 4280 1550 4356 partim
1591 4294 1718 4339 non
1771 4278 2026 4352 scriptis
2068 4276 2254 4339 insti-

700 4397 1057 4460 tutionibus
1084 4396 1264 4457 nobis
1301 4396 1734 4467 tradiderunt,
1768 4397 1893 4455 etc.
1942 4393 2251 4472 Augusti-

371 4531 649 4598 Augmtin.
701 4531 827 4577 nus
862 4511 946 4575 de
990 4514 1184 4575 unico
1217 4509 1575 4589 Baptism0,
1623 4527 1681 4570 c.
1713 4510 1771 4572 8.
1826 4507 1982 4570 dicit
2027 4509 2253 4571 Sacra-

695 4633 923 4691 menta
952 4625 1181 4690 Christi
1227 4599 1479 4687 debere
1521 4626 1658 4685 ritu
1705 4622 2092 4701 Evangelico
2151 4638 2254 4684 ce-

693 4745 960 4818 lebrari,
994 4748 1062 4806 et
1119 4743 1233 4805 lib.
1291 4743 1350 4804 3.
1402 4740 1484 4803 de
1544 4741 1878 4818 Baptismo
1943 4754 2093 4816 cap.
2155 4740 2250 4801 15.

693 4862 919 4925 debere
1007 4859 1332 4922 celebrari
1392 4859 1602 4921 verbis
1681 4858 2106 4934 EvanqeliciS,
2190 4861 2258 4919 et

700 4980 858 5042 alias
891 4993 1064 5056 saepe
1106 4978 1278 5039 hanc
1321 4976 1671 5039 veritatem
1720 4975 1940 5038 docet.
2006 4976 2253 5041 Tertul-

369 5130 673 5185 'rei-tullian.
696 5095 912 5157 llanus
943 5094 1027 5158 de
1059 5094 1388 5172 Baptismo
1446 5109 1589 5170 cap.
1648 5094 1739 5156 13.
1789 5095 1923 5155 Lex
1963 5095 2255 5171 tinqendi

699 5212 1004 5289 imposita
1035 5216 1149 5285 est,
1193 5215 1252 5273 ct
1300 5212 1529 5287 forma
1574 5213 1980 5287 praescripta.
2029 5210 2254 5291 Cypri·

396 5358 642 5427 cyprian.
698 5341 864 5390 anus
913 5342 1112 5389 serm.
1167 5326 1252 5389 de
1297 5326 1627 5404 Baptismo
1678 5325 1909 5388 Christi
1953 5345 1969 5387 ε
2023 5326 2250 5388 Verbo-

696 5458 852 5504 rum
881 5443 1275 5515 solemnitati,
1307 5448 1364 5504 et
1394 5444 1576 5504 sacri
1602 5443 1920 5505 invocatio
1947 5443 2247 5516 nominis,

693 5566 753 5626 et
794 5561 985 5638 siqua
1023 5559 1396 5637 apostolicis
1430 5559 1952 5635 institutionibus,
2005 5563 2062 5620 et
2107 5563 2235 5622 Sa·

2386 1016 2563 1091 epist.
2609 1016 2710 1077 23.
2759 1016 2868 1078 lib.
2916 1017 2976 1077 7.
3025 1015 3109 1076 de
3155 1017 3483 1092 Baptismo
3529 1032 3673 1091 cap.
3723 1014 3814 1075 47.
3855 1018 3901 1073 et

2379 1131 2477 1190 53.
2516 1130 2629 1191 tib.
2658 1134 2734 1192 de
2764 1133 3011 1191 unitate
3054 1131 3347 1194 Ecclesiae
3376 1148 3517 1208 cap.
3561 1131 3658 1191 19.

2464 1244 2862 1308 Contrariam
2926 1245 3235 1308 haeresim
3294 1245 3671 1311 docuerunt
3718 1244 3901 1307 Pauli·
4010 1262 4039 1309 9.

2386 1368 2564 1442 tiani,
2626 1375 2699 1431 ut
2756 1367 2957 1431 refert
3028 1369 3418 1449 Euthymius
3477 1371 3547 1433 in
3615 1371 3678 1430 2.
3742 1321 4078 1444 partem

2381 1487 2716 1561 Panoptioe
2742 1492 2866 1546 art.
2901 1488 3002 1547 21.
3036 1487 3147 1564 qui
3175 1502 3309 1547 non
3352 1484 3783 1564 requirebant
3807 1483 3900 1543 ali-
3926 1447 4078 1558 ἐξὲξ

2382 1615 2582 1676 quam
2610 1602 2979 1671 materiam,
3008 1599 3129 1661 sed
3158 1600 3383 1662 verba.
3426 1600 3586 1660 Item
3637 1596 3908 1660 haeretici
3931 1569 4077 1695 π”ξζ

2380 1714 2579 1793 hujus
2636 1716 2967 1793 temporis,
3024 1718 3135 1795 qui
3177 1723 3429 1795 negant
3470 1716 3725 1794 requiri
3753 1712 3909 1776 aliud
3956 1694 4077 1806 {JV}

2378 1833 2679 1908 verbum,
2729 1832 2852 1895 nisi
2896 1833 3452 1896 concionatorium
3496 1837 3563 1893 et
3595 1831 3909 1901 doctrinae,

2381 1949 2534 2026 quia
2565 1948 2691 2009 hoc
2736 1947 2951 2011 solum
2992 1950 3442 2010 necessarium
3471 1951 3574 2009 est
3624 1946 3711 2008 ad
3761 1949 3911 2007 exci-

2380 2063 2650 2126 tandam
2705 2062 2930 2126 fidem.
2995 2063 3233 2143 Objicit
3297 2068 3516 2126 autem
3594 2062 3909 2135 Calvinus,

2381 2181 2560 2244 nulla
2628 2181 2974 2244 conventio
3040 2180 3276 2243 Christi
3349 2178 3437 2241 ad
3507 2180 3754 2254 Belial;
3809 2178 3911 2241 sed

2377 2299 2553 2378 magi
2581 2302 2858 2360 utuntur
2908 2298 3104 2360 certis
3156 2296 3552 2360 carminibus
3623 2303 3692 2359 et
3732 2296 3914 2358 rebus

2378 2413 2465 2477 ad
2517 2413 2860 2489 maleficia,
2930 2430 3090 2494 ergo
3146 2415 3281 2476 haec
3346 2428 3478 2475 non
3548 2412 3914 2475 debuerunt

2378 2529 2630 2592 admitti
2659 2531 2728 2592 in
2759 2531 3218 2593 SacramentiS.

2457 2646 2941 2724 Respondetur,
2972 2646 3026 2707 si
3078 2650 3543 2726 argumentum
3591 2643 3910 2723 quidpiam
3934 2639 4078 2707 ama

2374 2763 2648 2837 valeret,
2708 2761 2984 2827 inferret
3057 2778 3280 2843 neque
3350 2763 3417 2825 in
3487 2763 3643 2842 lege
3726 2763 3910 2824 veteri

2373 2880 2587 2941 Deum
2632 2879 2993 2942 instituisse
3029 2881 3450 2942 caeremonias
3495 2883 3742 2950 certas,
3789 2878 3910 2956 qui·

2371 2995 2497 3058 bus
2543 2997 2891 3070 coleretur,
2923 3011 3140 3074 neque
3171 3011 3365 3058 usum
3418 2994 3623 3059 fuisse
3678 2992 3908 3057 sacrifi·

2375 3112 2617 3174 ciorum
2646 3112 2713 3173 in
2759 3112 2910 3193 lege
2941 3116 3192 3175 naturae
3234 3113 3703 3193 approbatum.

2451 3229 2756 3292 Secundo
2812 3229 3036 3308 objicit
3091 3228 3255 3292 illud
3309 3231 3660 3310 Augustini
3731 3232 3902 3291 tract.
3952 3297 3974 3330 0

2371 3347 2472 3411 80.
2525 3347 2591 3407 in
2636 3347 3005 3408 loannem:
3065 3350 3235 3410 Unde
3279 3349 3405 3410 ista
3455 3348 3664 3409 virtus
3712 3363 3904 3424 aquae,

2370 3468 2439 3524 ut
2469 3479 2703 3540 corpus
2741 3467 2990 3540 tanyat,
3037 3468 3092 3524 et
3125 3480 3238 3527 cor
3288 3464 3528 3537 abluat,
3572 3465 3708 3525 nisi
3748 3461 3903 3540 faci·

2370 3585 2508 3640 ente
2533 3579 2749 3656 verbo,
2783 3597 2908 3642 non
2938 3586 3095 3658 quia
3124 3582 3389 3653 dicitur,
3421 3583 3533 3643 sed
3580 3582 3748 3658 quia
3788 3596 3908 3641 cre-

2369 3696 2600 3756 ditur?
2641 3709 2797 3757 nam
2825 3699 2979 3758 etin
3026 3698 3168 3773 ipso
3215 3696 3408 3758 verbo
3454 3696 3644 3760 aliud
3684 3701 3776 3758 cst
3822 3712 3908 3757 so·

2366 3827 2488 3873 nus
2560 3813 2900 3885 transiens,
2960 3811 3149 3876 aliud
3188 3814 3389 3874 virtus
3448 3829 3740 3884 manens,
3801 3812 3907 3872 hoc

2368 3931 2456 3987 est
2483 3927 2752 3989 verbum
2778 3928 2936 4004 fidei
2961 3929 3135 4005 quod
3151 3931 3607 4005 praedicamus.

2446 4045 2906 4122 Respondetur
2980 4047 3418 4124 Augustinum
3492 4044 3897 4124 interpretari
4003 4063 4045 4112 it

2365 4159 2526 4224 illud
2568 4161 2756 4222 Joan.
2793 4161 2887 4223 10.
2931 4162 3082 4222 Jam
3127 4178 3239 4223 vos
3286 4164 3518 4225 mundi
3565 4164 3711 4224 estis
3748 4175 3897 4237 pro-
3937 4131 3969 4179 Β

2357 4280 2507 4351 pter
2554 4291 2914 4336 sermonem
2970 4291 3163 4352 quem
3214 4276 3469 4338 locutus
3520 4292 3663 4338 sum
3690 4275 3894 4345 mobis,
3944 4253 3991 4364 {a

2369 4396 2493 4451 etc.
2536 4388 2718 4450 unde
2762 4390 3055 4468 loquitur
3086 4397 3217 4452 tam
3250 4389 3335 4453 de
3381 4390 3600 4452 rituali
3643 4406 3767 4452 seu
3804 4380 4078 4490 sa-nfltgffl

2368 4504 2769 4580 cramentali,
2819 4521 3017 4584 quam
3072 4503 3154 4567 de
3206 4505 3593 4577 doctrinali:
3641 4507 3729 4568 ita
3771 4505 3896 4584 qui-

2368 4619 2521 4682 dam
2605 4637 2756 4682 cum
2835 4620 3251 4695 Bellarmin0‚
3344 4638 3547 4702 quem
3614 4625 3898 4701 sequitur

2364 4740 2688 4818 Vasquez.
2749 4737 2884 4800 Sed
2937 4738 3175 4801 melius
3217 4737 3505 4802 refertur
3563 4740 3895 4801 auctoritas

2367 4855 2451 4919 ad
2493 4857 2710 4921 solum
2757 4857 2989 4919 rituale
3052 4873 3134 4918 ex
3173 4861 3486 4920 contextu
3539 4852 3888 4937 Augustini,

2368 4979 2437 5035 et
2466 4973 2703 5036 dicitur
2731 4975 3008 5035 verbum
3036 4970 3214 5046 fidei,
3248 4979 3575 5051 quatenus
3621 4967 3893 5032 creditur

2366 5090 2447 5151 ab
2505 5089 2795 5152 Ecclesia
2847 5088 2987 5166 ejus
3028 5090 3230 5152 virtus
3278 5087 3362 5150 ad
3430 5086 3883 5156 mundandum,

2370 5210 2435 5267 et
2468 5204 2618 5283 quia
2666 5209 2767 5267 est
2822 5205 3146 5268 invocatio
3196 5203 3615 5268 sanctissimae
3637 5202 3885 5265 Trinita-

2362 5321 2465 5395 tis,
2533 5320 2597 5383 id
2657 5325 2782 5395 est,
2840 5320 3144 5395 verbum,
3192 5322 3372 5401 quod
3426 5328 3525 5384 est
3575 5319 3879 5399 objectum

2364 5440 2714 5513 creditum,
2747 5454 2883 5501 non
2918 5455 2955 5500 a
3003 5440 3431 5518 suscipiente,
3492 5437 3742 5521 quando
3795 5435 3876 5496 est

2359 5552 2571 5618 infans
2608 5556 2717 5617 vel
2760 5553 3069 5631 infidelia,
3118 5557 3420 5635 quamvis
3462 5555 3696 5619 haheat
3734 5564 3870 5614 con-
