4255 6375
826 359 947 421 626
2012 363 2159 425 ΜΒ.
2184 362 2291 421 IV.
2323 361 2915 424 SENTENTIARUM

820 521 1070 596 etiam
1148 521 1282 594 ille
1380 528 1717 598 ornatus
1814 545 1970 596 non
2063 521 2369 616 poterit

821 637 1117 711 habere
1185 638 1559 713 effectum
1650 659 1909 721 suum,
1998 644 2370 713 cessante

754 829 758 834 ,
822 755 1145 829 fictione
1184 755 1261 827 in
1304 756 1487 828 aliis
1532 755 2111 836 Sacramentis‚
2160 757 2367 829 sicut

819 871 1153 961 ponitur
1212 871 1644 945 character
1679 871 1757 943 in
1811 871 2368 944 sacramentis

822 986 1477 1080 imprimentibus
1546 986 2137 1060 characterem.

906 1104 1382 1195 Respondeo
1435 1123 1660 1195 ergO,
1706 1103 1914 1196 quod
1967 1104 2185 1175 ratio
2257 1099 2366 1172 ni-

812 1220 925 1292 hil
996 1222 1314 1314 probat‚
1387 1222 1546 1294 nisi
1644 1222 1853 1314 quod
1932 1221 2367 1295 character

814 1359 975 1409 non
1059 1345 1183 1411 est
1278 1358 1802 1432 quaecumque
1900 1337 2194 1410 relatio
2272 1337 2367 1407 ad

815 1455 1221 1526 actionem
1302 1455 1427 1527 vel
1525 1454 1987 1546 passionem
2083 1455 2366 1526 Sacra-

818 1569 1102 1652 menti;
1175 1570 1382 1643 sicut
1435 1571 1503 1642 si
1543 1575 1758 1642 osset
1817 1567 2085 1641 forma
2147 1569 2366 1640 abso-

817 1686 1016 1768 luta,
1063 1707 1222 1758 non
1282 1691 1494 1758 esset
1557 1707 2077 1778 quaecumque
2139 1685 2364 1757 abso-

821 1801 1018 1885 luta,
1100 1799 1289 1893 quia
1358 1799 1437 1871 in
1515 1799 1699 1871 aliis
1779 1798 2359 1880 SacramentiS,

819 1919 1254 1991 secundum
1335 1916 1562 1997 istos,
1650 1914 2158 2009 imprimitur
2224 1914 2365 1986 ali·

819 2055 971 2127 qua
1015 2035 1283 2107 forma
1331 2033 1733 2114 absoluta,
1794 2033 1927 2104 sed
1969 2052 2130 2104 non
2187 2031 2363 2107 cha·

824 2157 1120 2226 racter.
1158 2154 1259 2226 Et
1306 2155 1640 2245 propter
1684 2149 1830 2222 hoc
1869 2154 2137 2242 potest
2177 2150 2357 2232 dici,

820 2269 1023 2360 quod
1087 2289 1244 2340 non
1323 2268 1399 2340 in
1445 2267 1802 2359 quolibet
1862 2265 2025 2338 alio
2078 2269 2361 2340 Sacra-

817 2392 1088 2460 mento
1155 2384 1662 2477 imprimitur
1729 2383 2003 2474 aliqua
2066 2381 2358 2455 relatio

815 2524 1146 2576 manens
1236 2507 1419 2594 post
1515 2504 1826 2579 actum;
1927 2500 2360 2572 character

811 2625 1085 2694 autem
1137 2621 1204 2691 si
1275 2621 1398 2690 est
1468 2616 1786 2697 relati0‚
1863 2619 2134 2689 manet
2181 2618 2357 2706 post

814 2742 1087 2811 actum
1204 2735 1557 2828 suscepti
1654 2732 2081 2826 Baptismi,
2194 2731 2355 2803 imo

485 2873 755 2950 muneq-
816 2875 1161 2948 semper.
1260 2856 1438 2926 Non
1546 2850 2053 2925 obstantibus
2156 2867 2353 2939 ergo

459 2952 781 3073 ⁸322?th
812 2973 996 3047 istis
1042 2971 1521 3051 rationibus,
1568 2991 1742 3062 quae
1803 2989 1965 3041 non
2032 2966 2354 3039 conclu-

456 3064 771 3176 θῗὲῖξξὲζ,
809 3089 1030 3171 dunt,
1112 3094 1200 3162 ut
1268 3089 1533 3160 visum
1619 3090 1769 3170 est,
1852 3088 2119 3178 potest
2198 3082 2352 3156 dici

471 3187 768 3241 ⁸⁶¹V⁶¹²³⁰¹²⁸·
808 3205 1369 3279 characterem
1484 3226 1661 3276 esse
1784 3201 2350 3275 tantummodo

808 3324 1226 3415 quemdam
1316 3327 1770 3414 respectum
1839 3320 2350 3393 extrinsecus

809 3440 1368 3512 advenientem
1446 3439 1599 3531 ipsi
1665 3438 1982 3520 animfe,
2066 3455 2349 3508 causa-

804 3560 977 3628 tum
1021 3577 1068 3627 a
1118 3558 1281 3628 Deo
1337 3552 1795 3626 immediate
1838 3551 1918 3623 in
1962 3548 2347 3642 suscepti-

805 3692 952 3743 one
1013 3669 1519 3744 Sacramenti
1579 3666 2093 3748 initerabilis,
2158 3666 2346 3758 quia

801 3788 915 3861 sic
984 3788 1343 3880 ponendo
1397 3787 1689 3859 saltem
1751 3805 2028 3856 omnes
2082 3780 2344 3854 condi-

797 3904 1062 3977 tiones
1136 3905 1586 3985 salvantur,
1659 3923 1831 3993 quae
1889 3898 2342 3973 communi-

798 4025 924 4094 ter
971 4021 1538 4095 attribuuntur
1578 4015 2068 4091 characteri.

1245 4294 1878 4358 COMMENTARIUS.

568 4500 644 4551 11.
868 4498 951 4581 (c)
998 4503 1247 4572 Quarta
1312 4515 1459 4559 vero
1515 4498 1782 4559 destruit
1840 4496 2151 4571 primam,
2208 4499 2335 4555 etc.

785 4622 972 4682 Patet
996 4618 1378 4699 redargutio
1413 4635 1496 4680 ex
1525 4618 1760 4689 littera,
1797 4621 2032 4694 estque
2061 4632 2337 4695 urgenS,

784 4755 860 4799 ac
903 4738 1174 4801 tandem
1218 4736 1581 4816 respondet
1624 4735 1777 4796 nihil
1832 4733 2006 4795 aliud
2068 4734 2335 4794 conclu·

785 4855 970 4930 dere,
1035 4858 1155 4918 nisi
1215 4855 1661 4915 characterem
1720 4869 1854 4913 non
1898 4866 2046 4911 esse
2105 4866 2333 4927 quam-

784 4988 1068 5049 cumque
1141 4970 1531 5033 relationem
1602 4974 1937 5030 causatam
2000 4984 2038 5028 a
2104 4967 2332 5028 Sacra-

779 5100 1052 5162 mento;
1103 5105 1178 5150 ac
1250 5087 1519 5149 tandem
1572 5088 1793 5148 statuit
1848 5087 2335 5147 conclusionem

454 5209 710 5323 cofigiffio
779 5208 1057 5286 primam
1107 5221 1239 5266 non
1293 5205 1618 5277 absolute,
1670 5202 1790 5264 sed
1848 5203 2216 5279 respective
2251 5200 2336 5261 ad

719 5311 733 5324 ’
780 5325 1067 5384 rationes
1096 5322 1263 5391 illas,
1299 5337 1660 5398 earumque
1691 5320 2075 5392 solutiones,
2137 5334 2334 5395 posse

779 5444 988 5503 teneri
1020 5439 1466 5502 characterem
1498 5453 1647 5498 esse
1678 5436 2064 5497 relationem
2094 5435 2334 5496 extrin-

776 5572 973 5619 secus
1001 5555 1470 5619 advenientem
1513 5554 1638 5633 ipsi
1695 5554 1951 5627 animae,
1997 5558 2334 5615 causatum

2411 5308 2638 5401 =quia
2736 5312 3147 5403 susceptio
3253 5315 3662 5408 Baptismi
3759 5315 3953 5390 infuit

2482 540 2515 582 a
2561 525 2696 587 Deo
2749 522 3127 585 immediate
3171 522 3258 585 ad
3288 522 3767 600 susceptionem
3793 523 3963 582 Sacra-

2479 640 2683 701 menti
2736 654 2869 699 non
2937 638 3278 709 iterabilis,
3355 641 3512 718 quia
3582 638 3676 698 sic
3741 635 3966 697 tenendo

2479 754 2707 815 saltem
2755 771 2985 817 omnes
3016 755 3436 819 conditiones
3487 755 3820 826 salvantur,
3870 771 3972 831 quae

2482 872 2917 933 communiter
2946 873 3327 936 tribuuntur
3368 867 3749 934 characteri.
3787 870 3973 931 Proba·

2481 982 2566 1043 tio
2624 985 2822 1065 hujus
2875 987 3119 1063 petitur
3177 1003 3259 1048 ex
3309 986 3676 1065 praemissis
3753 984 3828 1045 de
3870 999 3972 1043 sen-

2475 1101 2678 1162 tentia
2731 1100 3003 1178 Alberti,
3061 1104 3186 1166 nisi
3246 1103 3435 1183 quod
3504 1104 3697 1164 aliter
3760 1103 3975 1162 senserit

2476 1213 2562 1276 de
2631 1217 2979 1290 relatione,
3050 1236 3289 1298 nempe
3342 1236 3496 1282 esse
3550 1217 3976 1297 praedicamenti

2475 1334 2570 1393 Ad
2617 1333 2872 1410 aliquid
2888 1358 2907 1404 ‚·
2948 1335 3073 1395 hoc
3116 1340 3346 1398 autem
3398 1337 3564 1396 satis
3613 1336 3978 1413 impugnatur

2476 1461 2559 1505 ex
2600 1449 2854 1511 ratione
2893 1451 2968 1511 D.
3020 1451 3315 1512 Thomae.
3378 1450 3595 1512 Prima
3650 1449 3779 1513 duo
3831 1448 3978 1511 dubia

2476 1577 2620 1639 quae
2687 1569 3047 1641 supersunt
3091 1565 3176 1626 ad
3215 1583 3443 1627 veram
3517 1567 3983 1628 declarationem

2475 1676 2670 1758 hujus
2703 1681 3164 1753 conclusioniS,
3197 1682 3479 1762 explicat
3509 1684 3758 1743 Doctor
3779 1679 3984 1742 duobus

2475 1797 2903 1875 paragraphis
2931 1800 3394 1875 sequentibus.

3058 2047 3370 2104 SCHOLIU
3379 2048 3457 2102 M.

2544 2268 2831 2324 Tenendo
2875 2269 3300 2327 characterem
3350 2285 3488 2327 esse
3544 2277 3907 2343 respectum,
3941 2276 3985 2324 ut

2472 2369 2644 2422 tenet
2673 2365 2909 2423 Albert.
2942 2381 3155 2439 supra,
3189 2369 3422 2425 refutat
3455 2372 3854 2435 sententiam,
3887 2383 3985 2439 qua

2471 2462 2727 2518 videtur
2759 2466 2823 2519 D.
2856 2464 3068 2521 Thom.
3095 2465 3406 2523 dicentem
3480 2468 3742 2525 fundari
3783 2471 3844 2524 in
3883 2470 3984 2523 acin

2471 2560 2811 2629 praeterito.
2844 2560 3072 2628 Prim0‚
3106 2565 3254 2632 quia
3296 2562 3790 2619 fundamentum
3836 2568 3889 2618 et
3915 2575 3988 2617 re·

2471 2661 2719 2726 spectus
2776 2663 2920 2714 sunt
2977 2661 3044 2714 in
3105 2659 3324 2717 eodem
3382 2661 3684 2732 subjecto.
3735 2659 3986 2722 Secundo.

2470 2770 2591 2811 non
2649 2771 2759 2813 ens
2816 2760 3034 2830 nequit
3082 2760 3351 2818 fundare
3397 2776 3511 2816 ens
3559 2762 3760 2818 reale.
3807 2762 3984 2824 Tertio,

2468 2861 2836 2925 sequeretur
2874 2857 3304 2915 characterem
3356 2875 3478 2915 non
3527 2875 3661 2916 esse
3716 2860 3987 2917 annihih·

2466 2956 2676 3014 bilem.
2749 2960 3027 3016 Resolvit
3086 2960 3334 3018 fundari
3395 2962 3464 3017 in
3521 2964 3741 3019 anima
3815 2966 3986 3033 ejusve

2465 3084 2766 3152 potentia.

2555 3327 2700 3400 Sed
2735 3334 3052 3404 restant
3082 3333 3237 3406 duo
3277 3333 3548 3406 dubia.
3617 3337 3972 3415 Primum,
4069 3388 4096 3431 ἐξ,

2461 3442 2552 3514 de
2577 3441 3096 3520 fundamento
3137 3453 3513 3541 proximo
3552 3454 3775 3526 illius
3811 3450 4108 3557 ‘3¹3’ss

2464 3557 2738 3632 tionis
2810 3562 3071 3645 Aliud,
3146 3586 3300 3655 quo
3373 3569 3611 3639 modo
3677 3572 4035 3683 possuntn'

2459 3675 2981 3752 characteres
3095 3681 3614 3757 diversorum
3729 3672 4034 3760 Sacra-s?

2462 3798 2925 3867 mentorum
2990 3796 3382 3889 distingui
3458 3800 3558 3871 ab
3636 3776 4069 3874 invicem.i÷:⁶'

2454 3907 2569 3980 De
2626 3910 2914 4000 primo,
2978 3913 3395 3988 videretur
3461 3916 3734 4001 alicui,
3805 3898 4064 4010 quod?

2455 4030 2688 4098 actus
2821 4030 3362 4122 susceptionis
3494 4035 3968 4107 sacramenti
4019 4012 4118 4120 ,ἐς

2457 4145 2868 4218 transiens
2971 4147 3050 4218 in
3146 4152 3691 4241 praeteritum‚
3790 4158 3967 4227 esset
4035 4122 4106 4179 ’ί

2454 4261 2922 4350 proximum
2961 4264 3596 4351 fundamentum,
3650 4270 3778 4342 vel
3823 4289 4032 4368 pro-³„

2452 4377 2674 4449 xima
2757 4380 2969 4451 ratio
3039 4378 3417 4455 fundandi
3489 4385 3735 4459 istam
3796 4385 3965 4458 rela-
4021 4388 4099 4488 {g

2453 4492 2792 4566 tionem.
2860 4496 3006 4569 Sed
3042 4496 3250 4569 istud
3301 4505 3427 4574 est
3477 4500 3779 4574 falsum
3830 4522 3964 4594 spe·
4011 4543 4028 4550 -

2453 4608 2779 4684 cialiter
2859 4611 2940 4684 in
3018 4615 3473 4707 proposito,
3547 4618 3738 4711 quia
3793 4617 3963 4690 ratio

2453 4725 2828 4800 fundandi
2910 4734 2990 4803 et
3044 4731 3334 4805 relatio
3373 4738 3558 4805 sunt
3602 4736 3682 4807 in
3732 4734 3962 4808 eodem

2452 4843 2815 4932 subJecto
2891 4847 3318 4938 proxim03
3405 4854 3812 4945 susceptio
3855 4871 3960 4922 au-

2450 4964 2612 5034 tem
2659 4964 3166 5037 sacramenti
3200 4970 3280 5039 et
3311 4966 3770 5051 character,
3813 4969 3961 5039 licet

2450 5077 2610 5149 sint
2674 5077 2756 5148 in
2815 5080 3091 5152 eodem
3135 5083 3595 5174 supposito,
3663 5106 3815 5157 non
3872 5089 3958 5155 ta-

2451 5193 2752 5265 meniu
2822 5195 3103 5268 eodem
3175 5198 3546 5291 subjecto
3605 5202 3952 5295 proximo.

2448 5426 2882 5498 secundum
2951 5450 3276 5521 corpus,
3352 5431 3780 5508 character
3865 5450 3952 5500 se·

2445 5543 2790 5615 cundum
2825 5544 3209 5617 animam.
