4255 6375
1383 407 1582 473 ms‘r.
1631 409 1676 471 ῐ.
1727 400 2087 485 QUAES'rlo
2134 407 2240 477 11¹.
3381 422 3495 487 127

285 574 467 650 ista
502 577 876 649 oratione
923 600 937 644 ε
978 578 1147 642 Deus
1184 587 1414 643 οαιιεαι
1442 578 1735 664 qratiam
1777 579 1850 642 in

276 694 553 773 anima,
589 690 703 762 ita
739 693 1013 781 posset
1047 688 1463 781 imponere
1497 688 1844 780 signum,

282 806 504 898 quod
548 805 909 898 practice
951 805 1320 897 signaret
1350 807 1604 878 Deum
1651 804 1851 877 invi·

280 921 648 997 sibiliter
679 941 947 1015 agere,
985 923 1119 994 sed
1151 942 1312 995 non
1343 924 1618 1015 posset
1659 922 1851 995 dare

281 1040 412 1113 illi
477 1041 736 1133 signo,
797 1041 1005 1132 quod
1063 1044 1279 1113 esset
1351 1038 1853 1131 regulariter

273 1160 653 1237 certum;
688 1176 852 1228 non
882 1155 1099 1228 enim
1139 1160 1407 1247 potest
1449 1155 1641 1228 dare
1686 1175 1855 1228 cer·

274 1273 722 1347 titudinem
815 1272 1060 1347 alicui
1141 1273 1378 1364 signo
1451 1272 1846 1366 practico,

277 1389 451 1463 nisi
513 1390 589 1461 in
658 1389 889 1481 cujus
950 1392 1361 1483 potestate
1421 1394 1542 1462 est
1617 1408 1853 1481 posse

281 1526 644 1580 causare
686 1506 1100 1599 signatum
1152 1506 1370 1580 illius
1413 1506 1672 1598 signi;
1732 1526 1853 1577 so-

284 1623 422 1694 lus
456 1626 733 1696 autem
779 1624 994 1694 Deus
1036 1625 1306 1714 potest
1351 1643 1435 1694 se
1474 1618 1856 1694 determi-

285 1760 503 1812 nare
550 1741 644 1813 ad
704 1740 1199 1812 causandum
1259 1739 1643 1814 effectum
1703 1736 1858 1811 sibi

293 1854 771 1948 proprium:
807 1875 1008 1947 ergo
1041 1856 1264 1928 solus
1313 1857 1527 1929 Deus
1588 1856 1858 1947 potest

52 1971 499 2075 monac>dare
557 1972 1129 2045 certitudinem
1193 1973 1427 2060 signo
1489 1971 1856 2065 practico

52 2092 202 2204 ²³th
298 2087 431 2160 sui
492 2087 860 2161 effectus.
927 2089 1055 2162 Sic
1097 2108 1296 2179 ergo
1348 2092 1597 2181 patet,
1653 2087 1860 2180 quod

52 2170 252 2265 ffimen·
302 2224 352 2275 a
399 2206 575 2278 Deo
645 2203 819 2277 solo
888 2209 1154 2296 potest
1203 2204 1525 2279 institui
1579 2208 1861 2279 Sacra-

63 2287 176 2337 tum,

52 2343 280 2410 nacer-
308 2324 705 2404 mentum,
764 2325 1153 2413 quantum
1197 2322 1291 2394 ad
1325 2322 1649 2414 signum
1689 2342 1863 2393 cer-

52 2406 260 2517 }‘ssssffissfn
303 2438 532 2518 tum;
606 2438 1084 2530 inquantum
1153 2439 1426 2511 autem
1495 2438 1864 2510 absolute

299 2558 433 2627 est
486 2553 804 2646 signum
859 2554 1344 2647 practicum,
1417 2558 1692 2647 posset
1755 2555 1863 2627 in-

300 2669 542 2744 stitui
596 2670 693 2742 ab
734 2670 1008 2764 aliquo
1059 2670 1248 2751 alio,
1305 2671 1438 2744 sed
1483 2691 1643 2743 non
1676 2690 1863 2742 con-

294 2786 552 2877 gruit,
635 2787 824 2880 quia
903 2787 1313 2860 institutio
1385 2786 1577 2859 talis
1649 2786 1862 2877 signi

295 2910 520 2980 esset
567 2905 893 2978 omnino
938 2905 1282 2989 frustra,
1327 2926 1511 2979 cum
1562 2927 1661 2978 ex
1723 2906 1865 2977 im-

303 3019 718 3112 positione
760 3040 1174 3113 nunquam
1214 3020 1387 3092 sine
1439 3019 1709 3112 aliquo
1754 3021 1864 3093 in-

292 3137 693 3233 trinseco,
738 3142 1015 3232 posset
1055 3136 1353 3212 habere
1395 3138 1859 3221 veritatem,

297 3275 488 3326 cum
540 3276 700 3328 non
752 3255 972 3329 sitin
1010 3258 1417 3352 potestate
1452 3255 1866 3348 imponen-

294 3372 433 3455 tis,
470 3391 618 3447 nec
654 3373 985 3455 utentis,
1024 3394 1166 3447 nec
1202 3372 1616 3465 congruit,
1655 3371 1861 3465 quod

293 3490 514 3562 Deus
556 3490 1022 3565 committat
1075 3489 1450 3563 inferiori
1507 3511 1591 3563 se
1634 3488 1715 3561 in
1747 3487 1862 3561 si·

289 3609 531 3679 tuere
633 3610 1279 3687 Sacramentum,
1374 3606 1854 3697 inquantum

294 3727 618 3796 certum
722 3722 1070 3815 signum,
1153 3743 1250 3794 ne
1341 3725 1559 3795 Deus
1639 3725 1860 3794 esset

294 3841 805 3933 approbator
883 3842 1094 3934 signi
1172 3840 1359 3914 salsi
1426 3841 1552 3913 vel
1624 3839 1865 3931 aequi-

293 3955 504 4030 voci.
579 3958 860 4030 Potest
903 3962 1176 4030 tamen
1238 3960 1860 4031 Sacramentum

99 4168 106 4176 .
303 4073 788 4164 inquantum
852 4071 1194 4162 signum,
1245 4075 1324 4144 et
1376 4072 1860 4163 inquantum

55 4169 259 4294 ffssffgsse,
298 4192 644 4269 certum,
691 4188 788 4260 ab
827 4186 990 4260 alio
1025 4207 1072 4259 a
1111 4189 1280 4260 Deo
1315 4184 1855 4280 promulgari,

108 4299 157 4345 ³¹¹
298 4311 385 4378 ut
419 4325 467 4377 a
504 4324 910 4397 praecone;
947 4303 1081 4376 sed
1112 4302 1272 4375 ista
1305 4301 1859 4395 promulgatio

52 4372 88 4403 lu

55 4362 454 4494 igffissffnon
516 4425 640 4494 est
698 4419 1135 4502 institutiO,
1204 4418 1338 4491 sed
1396 4438 1859 4510 praesuppo-

52 4495 269 4601 αὲιῖῑῖῗξω
299 4538 427 4611 nit
464 4535 1098 4610 institutionem.

52 4624 264 4734 ›neffossssen
387 4657 510 4727 Ex
551 4654 711 4727 isto
754 4657 1001 4747 patet,
1065 4672 1167 4725 an
1230 4655 1852 4727 Sacramentum

297 4790 394 4843 ex
453 4769 970 4844 institutione
1033 4789 1179 4840 sua
1239 4767 1531 4842 habeat
1581 4769 1854 4842 effica-

297 4886 531 4959 ciam.
590 4884 671 4959 Si
721 4885 936 4957 enim
970 4882 1483 4975 intelligatur
1527 4883 1855 4980 instit-u-

296 4999 409 5073 tio
488 5000 831 5092 praecise
885 4999 1308 5092 impositio
1370 4998 1464 5070 ad
1535 4997 1855 5090 signan-

293 5123 478 5187 dum
550 5118 937 5208 practice,
1017 5114 1193 5188 dico
1266 5116 1471 5207 quod
1530 5135 1716 5196 non,
1772 5121 1855 5191 et

293 5236 516 5324 patet
554 5252 652 5304 ex
692 5231 954 5304 dictis.
994 5232 1076 5305 Si
1125 5237 1401 5305 autem
1445 5231 1851 5324 intelliga-

290 5350 426 5420 tur
496 5347 912 5421 institutio
973 5347 1546 5421 determinatio
1639 5370 1851 5441 quae-

288 5466 470 5538 dam
508 5465 961 5539 voluntatis
1019 5464 1275 5558 ipsius
1342 5466 1847 5540 instituentis

292 5584 384 5656 ad
452 5583 1054 5674 cooperandum
1133 5582 1252 5654 illi
1326 5583 1584 5683 signo,
1669 5603 1844 5676 quae

1963 571 2377 647 institutio
2425 594 2587 648 non
2634 580 2758 652 est
2801 579 3148 673 praecisa
3189 582 3519 675 imposi-

1964 686 2080 761 tio
2159 691 2252 764 ad
2345 693 2824 783 signandum
2908 697 3298 788 practice,
3384 701 3517 773 sed

1964 826 2146 878 cum
2226 804 2377 880 hoe
2460 809 3035 887 determinatio
3116 815 3330 908 signi
3420 819 3516 890 ad

1962 923 2401 998 veritatem
2466 930 2545 999 et
2580 928 2674 1000 ad
2708 930 3326 1013 certitudinem:
3365 932 3515 1006 hoc

1971 1040 2203 1112 modo
2259 1062 2358 1113 ex
2410 1041 2928 1121 institutione
2974 1047 3212 1123 habet
3254 1049 3517 1124 effica-

1965 1153 2201 1238 ciam,
2239 1155 2391 1231 hoc
2431 1163 2579 1239 est,
2628 1164 2828 1255 quod
2873 1165 3285 1257 signatum
3340 1188 3524 1240 con-

1967 1272 2409 1347 comitetur
2451 1275 2660 1349 istud
2705 1279 3052 1372 signum.

2057 1392 2157 1464 Et
2208 1390 2417 1465 sicut
2492 1392 2572 1464 in
2642 1394 2966 1471 homine
3032 1404 3247 1474 esset
3310 1402 3520 1477 alius

1968 1509 2199 1578 actus
2307 1508 2672 1591 realiter,
2782 1534 2939 1605 quo
3047 1516 3521 1593 institueret

3678 1448 3710 1496 6

3672 1486 3754 1561 Ah

3607 1573 3810 1639 signum

1973 1622 2362 1701 osculum.
2414 1630 2500 1698 ut
2559 1627 2667 1700 sit
2729 1628 3048 1720 signum
3108 1636 3523 1710 reconcili-
3577 1636 3856 1703 practicum

3667 1700 3769 1749 duo

1970 1738 2296 1819 ationis;
2359 1744 2438 1813 et
2480 1741 2689 1815 alius
2750 1751 3004 1830 actus,
3071 1769 3227 1841 quo
3267 1752 3568 1834 deter·‚
3640 1766 3783 1813 actus

3553 1823 3861 1890 xmpositorit

1973 1854 2328 1930 minaret
2400 1857 2910 1934 voluntatem
2976 1866 3069 1937 ad
3147 1865 3355 1941 istud
3427 1869 3522 1941 si·
3585 1886 3849 1952 requirun-

1974 1977 2310 2062 gnatum
2362 1979 2880 2062 causandum,
2936 1981 3169 2074 signo
3220 1986 3527 2060 exhibi-

1973 2090 2101 2169 to;
2138 2087 2254 2160 ita
2301 2094 2427 2164 est
2468 2090 2549 2163 in
2591 2096 2757 2167 Deo
2800 2097 3012 2170 alius
3066 2104 3298 2174 actus
3337 2104 3528 2179 rati-

1978 2203 2154 2275 onis
2201 2207 2294 2277 ad
2340 2207 2921 2286 instituendum
2966 2215 3288 2307 signum
3351 2239 3531 2292 sen-

1964 2320 2233 2405 sibile,
2277 2324 2369 2395 ad
2418 2328 2775 2417 practice
2819 2330 3300 2423 signandum
3341 2335 3530 2409 effe·

1976 2439 2199 2509 ctum
2240 2438 2413 2519 Dei,
2468 2445 2548 2514 et
2587 2442 2825 2529 aliuS,
2865 2466 3018 2537 quo
3050 2447 3533 2524 determinat

1981 2574 2065 2625 se
2143 2553 2483 2629 realiter
2541 2560 2632 2631 ad
2712 2567 3313 2655 cooperandum
3384 2570 3531 2643 tali

1978 2672 2212 2763 signo
2276 2677 2799 2767 regulariter,
2863 2681 2937 2753 id
2986 2688 3135 2765 est,
3174 2707 3525 2779 semper,

1980 2792 2294 2882 quando
2383 2792 2896 2888 indispositio
3004 2802 3532 2895 suscipientis

1977 2925 2139 2977 non
2171 2907 2527 3000 impedit.
2582 2911 2728 2985 Isti
2772 2917 3044 2987 tamen
3084 2918 3238 2991 duo
3300 2924 3532 2994 actus

1980 3021 2224 3094 simul
2291 3035 2874 3103 concurrentes
2944 3039 3287 3125 possunt
3374 3037 3587 3111 dici·

1981 3157 2140 3210 una
2181 3142 2692 3219 Sacramenti
2729 3145 3142 3225 institutio
3185 3154 3533 3247 comple·

1983 3257 2089 3335 ta,
2140 3253 2616 3347 inquantum
2676 3266 2802 3337 est
2851 3263 3172 3355 signum
3215 3273 3532 3342 certum

1978 3372 2056 3442 et
2095 3370 2571 3448 distinctum
2622 3397 2668 3449 a
2716 3379 2948 3471 signo
2992 3384 3438 3475 aequivoce.

3664 1957 3765 2003 tur.

2069 3489 2287 3569 Quod
2322 3492 2389 3564 si
2426 3491 2574 3565 hoc
2605 3499 2730 3569 est
2760 3497 2853 3570 de
2887 3501 3206 3575 ratione
3242 3506 3531 3577 Sacra-
3576 3518 3858 3570 Sacramen

3675 3588 3785 3632 tum

1982 3606 2257 3690 menti,
2297 3608 2414 3680 uti
2453 3609 2774 3685 videtur
2804 3636 2903 3688 ex
2946 3616 3087 3689 illa
3123 3621 3530 3712 particula
3559 3660 3589 3694 a
3624 3645 3729 3694 0010
3771 3646 3881 3695 neo

1976 3725 2251 3851 efficax,
2325 3727 2696 3818 sequitur
2755 3733 2961 3823 quod
3038 3735 3129 3808 de
3210 3738 3529 3812 ratione
3561 3786 3591 3834 p

1976 3856 2153 3928 ejus
2200 3842 2530 3934 proprie
2577 3845 2790 3920 dicta
2830 3853 2978 3932 est,
3028 3854 3235 3943 quod
3271 3875 3317 3926 a
3352 3856 3527 3929 solo
3559 3909 3618 3944 ρο

1977 3954 2144 4027 Deo
2188 3960 2447 4048 possit
2499 3958 2845 4037 institui.
2904 3966 2984 4039 Si
3038 3974 3310 4043 autem
3368 3993 3527 4044 non

1976 4076 2101 4146 est
2168 4075 2260 4148 de
2318 4076 2640 4153 ratione
2698 4081 2902 4173 ejuS,
2979 4084 3164 4177 quia
3235 4089 3528 4165 accidit

3622 3707 3819 3758 institui

3593 3775 3725 3820 otest
3748 3808 3760 3827 .
3796 3771 3879 3821 vel

3663 3834 3773 3896 ejus

3619 3894 3879 3945 mmissio-

3686 3973 3748 4008 ne

3560 4033 3673 4068 cum
3726 4025 3877 4085 pacto

3693 4083 3756 4132 (le

3596 4145 3850 4195 causanda

1975 4191 2232 4282 sign0,
2299 4198 2575 4269 utrum
2645 4200 3059 4291 signatum
3126 4212 3531 4282 concomi-
3624 4207 3810 4271 grafia·

1975 4308 2198 4379 tetur
2242 4309 2531 4402 ipsum,
2588 4314 2713 4387 vel
2773 4338 2962 4402 non,
3010 4321 3301 4396 saltem
3353 4324 3531 4418 ipsa

1974 4422 2368 4513 perfectio
2427 4432 2946 4521 superaddita
3019 4439 3323 4512 rationi
3395 4444 3530 4514 Sa-

1972 4542 2400 4625 cramenti,
2439 4564 2613 4636 quae
2656 4553 2779 4622 est
2829 4553 3139 4627 veritas
3170 4555 3297 4628 vel
3339 4579 3527 4631 con·

1971 4650 2351 4729 formitas
2395 4659 2475 4730 in
2508 4662 2898 4753 signando
2926 4670 3020 4741 ad
3057 4690 3230 4744 rem
3263 4673 3526 4766 signa-

1968 4774 2163 4852 tam,
2204 4775 2556 4866 requirit
2590 4783 2673 4852 ut
2710 4781 3197 4862 instituatur
3241 4811 3287 4863 a
3326 4793 3525 4876 Deo,

1968 4887 2139 4961 sive
2182 4892 2384 4983 quod
2442 4895 2655 4968 Deus
2717 4900 3202 4980 determinet
3263 4929 3346 4980 se
3405 4930 3525 4982 re·

1969 5005 2379 5098 gulariter
2419 5017 2855 5107 cooperari
2899 5019 3020 5093 illi
3064 5022 3323 5114 signo.

2426 5228 3067 5300 COMMENTARIUS.

2044 5365 2137 5449 (b)
2181 5372 2272 5432 De
2306 5375 2582 5434 secundo
2624 5375 2789 5447 dioc,
2838 5380 2967 5439 etc.
3011 5379 3364 5459 supposita
3429 5385 3532 5448 di-

1959 5487 2308 5549 stinctione
2337 5488 2508 5550 inter
2537 5492 2799 5570 signum
2829 5502 3100 5572 certum,
3146 5503 3221 5562 ut
3263 5505 3330 5564 in
3369 5504 3525 5581 plu-

1959 5598 2166 5678 ribus,
2194 5619 2319 5665 seu
2347 5611 2673 5682 quantum
2716 5612 2819 5670 est
2859 5608 2946 5672 de
2998 5627 3096 5690 se,
3151 5619 3221 5678 et
3260 5620 3528 5697 signum

3701 5413 3751 5465 4.
