4255 6375
555 4647 636 4700 61.

463 4711 578 4762 Alia
606 4724 724 4760 con·

464 4774 695 4838 gruemia
707 4810 720 4824 .

473 5475 692 5528 Trident
702 5515 715 5530 .

795 389 911 460 312

781 558 987 643 jussit
1015 578 1128 625 eos
1177 556 1483 644 baptizari
1517 561 1749 625 Petrus
1780 556 1846 622 in
1889 555 2154 622 nomine
2182 560 2333 621 Jesu

791 672 1058 752 Christi,
1102 683 1224 739 etc,
1272 677 1366 739 Ex
1395 672 1689 759 epistolis
1729 672 1925 738 etiam
1973 670 2153 736 Pauli
2197 670 2336 755 plu-

789 809 861 854 ra
891 785 1239 875 designant
1264 788 1661 874 Baptismum
1702 787 1922 853 datum
1965 789 2038 852 in
2069 786 2338 851 nominc

784 904 959 983 Iesu,
999 914 1062 969 et
1091 902 1366 969 salutem
1401 925 1516 990 per
1547 904 1764 990 ipsum
1805 901 2143 990 consequi,
2189 920 2337 987 quae

786 1018 1128 1085 brevitatis
1199 1020 1411 1106 gratia
1464 1020 1717 1086 omitt0.
1791 1018 1975 1086 Unde
2038 1020 2337 1106 sequitur

789 1133 1052 1199 modum
1095 1134 1276 1200 illum
1319 1134 1708 1221 baptizandi,
1772 1146 1835 1200 et
1867 1134 2143 1199 formam
2184 1155 2337 1201 con-

784 1270 1036 1335 gruere·
1069 1249 1384 1315 doctrinae
1423 1263 1487 1315 et
1519 1248 1961 1335 praedicationi
1997 1249 2337 1334 Apostolo-

788 1386 958 1444 rum,
989 1386 1137 1451 quae
1172 1367 1691 1451 praemittebatur
1721 1378 1868 1431 ante
1907 1365 2330 1450 Baptismum,

788 1483 957 1548 sicut
996 1493 1060 1549 et
1099 1482 1227 1548 illis
1258 1483 1478 1549 verbis
1510 1483 1690 1550 Pauli
1728 1490 1787 1551 1.
1826 1483 1904 1548 ad
1934 1482 2224 1549 Corinth.
2270 1488 2331 1548 1.

790 1598 1136 1685 Numquid
1167 1600 1241 1664 in
1263 1601 1533 1666 nomine
1563 1601 1766 1665 Pauli
1786 1600 2109 1685 baptizati
2139 1597 2339 1664 estis?

790 1716 1050 1798 qratias
1089 1736 1212 1802 ayo
1255 1717 1410 1794 Deo,
1459 1716 1632 1802 quod
1670 1718 2000 1782 neminem
2050 1727 2337 1781 vestrum

788 1832 1151 1916 baptizavi,
1198 1844 1321 1898 etc.
1357 1854 1440 1899 ne
1478 1834 1625 1919 quis
1654 1833 1855 1913 dicat,
1911 1832 2085 1920 quod
2114 1834 2188 1898 in
2226 1853 2339 1897 no-

787 1950 964 2013 mine
1006 1970 1144 2013 meo
1182 1949 1509 2035 baptizati
1581 1953 1758 2029 estis,
1821 1962 1945 2015 etc.
2017 1961 2081 2015 et
2141 1950 2332 2028 infra,

787 2076 1104 2151 quantum
1149 2065 1228 2131 ad
1278 2064 1638 2132 doctrinam
1672 2079 1735 2131 et
1767 2065 2331 2151 praedicationem:

786 2181 918 2244 Nos
955 2193 1174 2248 autem
1199 2183 1650 2268 praedicamus
1695 2184 2033 2248 Christum
2063 2183 2337 2264 crucili-

786 2318 968 2378 (ωιτη,
1006 2300 1259 2366 Judaeis
1299 2300 1567 2386 quidem
1613 2301 2028 2379 scandalum,
2107 2300 2337 2365 Genti-

787 2413 902 2479 bus
929 2416 1308 2496 stultitiam,
1364 2430 1488 2484 etc.

879 2532 975 2595 Ex
1016 2531 1478 2616 praedicatione
1516 2544 1732 2599 autem
1771 2533 2057 2601 nominis
2097 2535 2337 2601 Christi

789 2643 974 2711 facile
1004 2648 1521 2732 cognoscebatur
1559 2660 1622 2714 et
1663 2649 2173 2734 persuadebatur
2202 2651 2337 2717 Tri-

791 2762 961 2828 nitas
1023 2783 1475 2849 personarum,
1549 2764 1850 2852 quamvis
1927 2752 2338 2852 assumptum

784 2878 979 2945 fuerit
1011 2877 1364 2964 praedicare
1396 2880 1724 2947 Christum
1757 2902 1901 2948 esse
1933 2882 2167 2949 Filium
2200 2884 2336 2964 Dei,

783 3005 847 3057 et
909 2992 972 3058 in
1030 2993 1294 3060 nomine
1334 2995 1477 3082 ejus
1536 2993 1673 3059 dari
1723 2995 2235 3081 redemptionem
2278 3010 2343 3065 et

785 3108 1242 3175 remissionem
1286 3123 1721 3196 peccatorum,
1759 3132 1832 3177 ac
1862 3112 2148 3199 Spiritus
2190 3135 2341 3181 san-

782 3225 867 3291 cu
916 3225 1107 3294 dona.

871 3343 1311 3428 Congruentia
1349 3345 1650 3430 specialis
1697 3346 1818 3412 fnit
1862 3347 2031 3432 apud
2079 3349 2339 3417 ludaeos

782 3459 923 3526 dari
973 3458 1376 3546 Baptismum
1428 3461 1494 3526 in
1545 3462 1999 3530 remissionem
2049 3479 2339 3551 peccato-

785 3597 930 3643 rum
975 3575 1096 3641 sub
1131 3576 1393 3642 nomine
1433 3576 1694 3655 Christi,
1734 3578 1842 3666 qni
1877 3582 2200 3668 negabant
2233 3605 2340 3650 ne-

782 3693 1154 3760 cessitatem
1205 3693 1673 3780 redemptionis
1738 3708 1802 3762 et
1854 3698 2335 3786 Redemptoris,

787 3820 1102 3893 ponentes
1177 3807 1454 3874 salutem
1533 3830 1614 3876 ex
1706 3811 1866 3898 lege·
1911 3813 2070 3882 sola.
2153 3816 2341 3901 Apud

785 3922 1074 3989 Gentiles
1140 3943 1269 3988 non
1331 3923 1536 3991 defuit
1598 3925 1834 3992 similis
1883 3930 2336 4014 congruentia,

788 4038 900 4124 qui
940 4060 1023 4105 ex
1057 4037 1489 4120 mirabilibuS,
1534 4061 1682 4127 qua:
1723 4041 1964 4109 fiebant
2010 4043 2075 4108 in
2130 4047 2337 4112 nomi-

790 4176 871 4220 ne
912 4154 1175 4236 Christi,
1229 4154 1329 4241 (ut
1361 4155 1583 4220 Simon
1625 4159 1853 4243 Magus
1894 4161 2207 4226 Actorum
2249 4163 2344 4249 8.)

788 4270 1163 4352 credebant,
1227 4290 1301 4337 ac
1371 4271 1641 4356 proinde
1707 4273 1904 4339 etiam
1976 4296 2343 4362 congruum

791 4386 934 4464 fuit,
983 4398 1051 4452 ut
1095 4386 1575 4472 baptizarentur
1624 4387 1691 4454 in
1742 4389 2005 4455 nomine
2061 4392 2231 4477 ejuS,
2278 4393 2344 4458 in

791 4523 985 4590 quem
1024 4502 1397 4570 credebant.

874 4618 1036 4685 Addi
1067 4629 1280 4705 potest
1319 4631 1383 4686 et
1411 4619 1535 4686 alia
1587 4621 2015 4707 congruentia
2054 4644 2136 4689 ex
2168 4637 2347 4691 natu-

785 4758 854 4805 ra
901 4738 1199 4818 actioniS,
1247 4738 1398 4825 quia
1447 4738 1596 4805 licet
1629 4740 1930 4806 Christus
1975 4761 2102 4806 non
2152 4743 2348 4810 fuerit

782 4874 978 4921 causa
1023 4852 1400 4940 principalis
1439 4855 1711 4940 physica
1755 4857 2011 4943 gratiae.
2077 4858 2200 4925 fuit
2248 4872 2344 4926 ta-

785 4991 937 5036 men
973 4969 1353 5057 principalis
1391 4982 1452 5036 et
1516 4971 1705 5039 unica
1744 4993 1936 5040 causa
1980 4975 2338 5057 meritoria,

784 5098 848 5151 et
879 5085 1267 5173 justificatio
1305 5086 1520 5152 habita
1563 5108 1678 5172 per
1727 5089 2157 5172 Baptismum,
2214 5112 2342 5158 non

783 5203 997 5269 solum
1032 5203 1316 5269 refertur
1354 5201 1432 5268 ad
1467 5203 1706 5290 ipsum,
1746 5218 1816 5271 ut
1847 5226 2111 5272 causam
2149 5209 2341 5274 meri-

786 5319 1042 5399 toriam,
1086 5319 1197 5385 sed
1239 5318 1435 5385 etiam
1485 5332 1555 5386 ut
1603 5340 1864 5387 causam
1920 5321 2202 5402 finalem,
2259 5345 2339 5390 ex

787 5434 1164 5500 Tridentino
1215 5456 1380 5502 sess
1426 5440 1489 5502 6.
1537 5458 1679 5524 cap.
1729 5443 1790 5506 7.
1850 5441 2067 5504 Causa
2106 5441 2340 5523 sinatis

784 5553 1004 5639 yloria
1038 5552 1163 5618 Dei
1210 5563 1272 5618 et
1341 5553 1616 5620 Christi.
1656 5555 1721 5621 Si
1761 5576 1919 5642 ergo
1959 5555 2068 5622 illa
2097 5556 2329 5638 forma,

1970 393 2112 457 Lm.
2149 393 2254 454 lv.
2287 391 2883 455 summulam!

2454 575 2581 640 qua
2615 555 2882 622 daretur
2923 555 3292 641 Baptismus
3331 554 3398 621 in
3434 552 3703 619 nomine
3740 549 3960 627 christi.

2452 691 2580 735 non
2648 682 2822 737 esset
2880 671 3065 751 falsa,
3141 671 3292 758 quia
3343 670 3679 736 denotaret
3742 688 3963 734 causam

2453 786 2883 869 meritoriam,
2917 808 3000 854 ex
3029 808 3156 876 qua
3206 787 3402 853 habet
3432 785 3785 853 efficaciam
3828 797 3885 850 et
3913 784 3965 849 fi-

2452 904 2687 981 nalem,
2725 905 2804 970 ad
2837 926 3031 991 quam
3074 904 3352 971 refertur
3383 906 3892 979 Sacramentum
3918 917 3967 967 et

2447 1034 2826 1088 connotaret
2864 1042 3129 1089 causam
3185 1020 3608 1108 principalem
3664 1019 3965 1104 physicam

2449 1132 2761 1220 implicite
2824 1155 2938 1219 per
3002 1153 3241 1201 nomen
3289 1131 3557 1210 Christi,
3634 1142 3707 1196 ut
3772 1144 3968 1218 praeter

2453 1246 2875 1316 Ambrosium
2917 1248 3202 1315 admittit
3242 1247 3519 1313 Basilius
3558 1246 3673 1311 lib.
3736 1244 3813 1311 de
3852 1244 3962 1331 Spi-
4003 1298 4075 1346 aa*

2450 1364 2577 1429 ritu
2619 1378 2844 1431 sancto
2884 1386 3025 1451 cap.
3068 1368 3170 1432 12.
3208 1366 3284 1430 In
3323 1365 3462 1430 solo
3496 1363 3759 1428 Christi
3795 1362 3969 1426 nonti-

2448 1503 2532 1547 ne
2584 1486 3067 1567 professionem
3116 1485 3315 1550 totius
3382 1481 3740 1548 Trinitatis
3792 1479 3968 1544 conti-
4004 1439 4076 1487 Μ

2451 1605 2626 1670 neri.
2676 1605 2964 1668 lrenaeus
3013 1600 3126 1665 lib.
3171 1602 3236 1665 3.
3273 1597 3355 1664 de
3391 1597 3528 1681 side
3573 1617 3728 1681 cap.
3762 1596 3862 1659 20.

2543 1720 2654 1785 His
2719 1715 3170 1805 congruentiis
3237 1714 3445 1802 potuit
3503 1713 3868 1800 Baptismus
3920 1711 3969 1775 in

2452 1838 2560 1904 illa
2615 1837 2821 1904 forma
2872 1831 3316 1919 dispensative
3353 1830 3640 1896 conferri
3690 1828 3827 1896 sine
3869 1826 3969 1892 ullo

2453 1974 2675 2020 errore
2720 1952 2784 2018 in
2827 1952 3037 2018 forma
3087 1946 3369 2036 practice
3407 1961 3519 2012 aut
3557 1942 3966 2033 speculative;

2453 2069 2541 2135 ita
2576 2079 2793 2135 autem
2825 2066 3066 2132 factum
3124 2084 3272 2130 esse
3328 2083 3409 2128 ex
3453 2061 3647 2128 modo
3704 2058 3969 2147 loquendi

2454 2184 2833 2270 Scripturae,
2869 2194 2932 2249 et
2968 2179 3351 2248 auctoritate
3380 2191 3474 2245 tot
3502 2182 3847 2244 Doctorum
3875 2174 3969 2242 ful-

2452 2301 2645 2381 citur,
2694 2321 2822 2366 non
2863 2299 3138 2365 ratione.

2541 2418 2836 2484 Adversa
2884 2413 3209 2483 sententia
3249 2413 3454 2478 nostri
3501 2409 3884 2477 Armachani
3922 2418 3969 2474 et

2452 2536 2755 2614 aliorum,
2804 2554 2932 2599 non
3002 2530 3260 2598 videtur
3318 2549 3462 2596 meo
3495 2528 3750 2617 judicio
3789 2527 3970 2592 miuus

2455 2653 2745 2729 fundata,
2781 2649 2884 2717 cui
2924 2661 3174 2715 tantum
3205 2647 3502 2714 tribuunt
3539 2646 3789 2723 caeteri,
3840 2668 3970 2734 prae·

2454 2779 2554 2834 ter
2626 2767 3033 2852 Magistrum,
3080 2764 3190 2851 qui
3250 2764 3315 2828 in
3374 2775 3508 2829 toto
3577 2778 3840 2830 secutus
3897 2776 3970 2827 est

2456 2884 2874 2961 senteutiam,
2940 2903 3088 2968 quae
3139 2880 3480 2946 Ambrosio
3542 2880 3892 2966 imponitur
3923 2890 3970 2943 et

2458 2998 2806 3078 BernardO,
2878 3009 2948 3063 ut
3012 2996 3204 3063 talem
3275 2995 3707 3083 Baptismum.
3785 3009 3969 3062 contra

2459 3119 2735 3185 formam
2812 3114 3258 3203 evangelicam
3330 3113 3808 3202 praescriptam,
3871 3133 3971 3177 non

2458 3234 2802 3302 admittant
2850 3235 3112 3312 factum,
3149 3231 3291 3298 sine
3320 3231 3585 3317 speciali
3619 3230 3970 3317 dispensati·

2453 3372 2578 3417 one
2644 3359 2707 3414 et
2764 3347 3192 3434 congruentia
3241 3347 3416 3413 illius
3475 3347 3813 3433 temporis,
3871 3365 3970 3410 non

2460 3486 2612 3532 vero
2646 3475 3099 3551 permanenter
3135 3486 3149 3541 ;
3195 3462 3281 3528 ita
3328 3482 3580 3542 omneS,
3629 3473 3859 3546 praeter
3884 3461 3973 3523 Ca·

2448 3584 2770 3670 jetanum,
2809 3579 3164 3646 Adrianum
3204 3589 3267 3643 et
3300 3576 3711 3643 Ledesmam.

2543 3701 2866 3763 Praeterea
2899 3696 3179 3762 fatentur
3209 3694 3692 3760 invocationem
3724 3691 3967 3759 Trinita-

2453 3815 2539 3881 tis
2569 3834 2714 3880 esse
2743 3813 2824 3879 de
2852 3810 3134 3878 essentia
3167 3812 3393 3880 formae
3423 3810 3544 3875 sub
3581 3808 3855 3896 propriis
3882 3828 3966 3871 no-

2459 3930 2770 3997 minibus.
2826 3927 3159 3994 Accedunt
3196 3929 3441 4004 PatreS,
3496 3938 3560 3991 et
3590 3924 3963 4011 potissimum

2457 4046 2864 4132 Augustinus
2888 4045 3025 4110 loco
3046 4043 3264 4123 citato,
3301 4054 3364 4109 et
3395 4043 3460 4107 in
3490 4042 3796 4107 omnibus
3815 4038 3967 4105 libris
3996 4006 4075 4066 ΑΨ

2406 4187 2412 4192 ·
2456 4174 2680 4231 contra
2725 4160 3114 4237 Donatistas,
3179 4158 3287 4244 qui
3322 4179 3449 4223 non
3481 4169 3838 4243 agnoscunt
3869 4154 3964 4220 ali-

2459 4299 2569 4345 um
2621 4277 3022 4362 Baptismum
3073 4273 3385 4354 validum,
3441 4273 3568 4340 nisi
3631 4274 3695 4338 in
3747 4269 3966 4337 nomine

2460 4393 2827 4462 Trinitatis.
2890 4395 3180 4458 Canones
3225 4391 3429 4456 etiam.
3476 4389 3782 4456 Ecclesiae
3834 4388 3965 4451 hauc

2460 4512 2764 4590 formam,
2822 4522 2890 4575 ut
2921 4507 3354 4574 necessariam
3394 4506 3704 4585 retinent,
3748 4508 3963 4570 Latera·
4005 4495 4076 4605 ξιξ

2464 4647 2652 4695 nens.
2695 4626 2818 4694 sub
2874 4622 3250 4692 Innocentio
3299 4625 3407 4690 111.
3461 4644 3605 4710 cap.
3652 4621 3961 4694 Firmiter,-

2462 4756 2528 4810 et
2586 4743 3059 4819 Florentinum,
3104 4760 3245 4826 cap.
3293 4739 3617 4824 Primum,
3667 4732 3956 4821 deBapti-

2462 4881 2625 4940 smo,
2699 4878 2842 4946 cap.
2923 4857 3119 4922 Multi
3171 4867 3345 4934 sunt,
3426 4854 3721 4940 cap..de
3782 4851 3949 4924 trina,

2462 4996 2605 5061 cap.
2670 4973 2753 5041 Si
2790 4973 2938 5060 quis
2986 4971 3364 5056 Presbyter,
3408 4968 3487 5033 de
3518 4964 3952 5034 consecratione

2458 5091 2613 5157 dist.
2650 5094 2716 5156 4.
2752 5102 2816 5155 et
2846 5088 2953 5154 alii
2986 5087 3228 5175 plures,
3264 5089 3587 5152 Caeterum
3629 5083 3775 5172 quia
3815 5076 3950 5166 prior

2458 5206 2652 5272 etiam
2693 5204 3014 5270 sententia
3053 5214 3150 5269 est
3189 5200 3597 5268 communior
3628 5200 3787 5265 inter
3818 5189 3945 5260 auti·

2461 5342 2652 5409 quos,
2710 5317 3241 5406 respondendum
3296 5316 3419 5384 erit
3475 5315 3640 5403 parti
3677 5314 3940 5381 adversae.

2548 5436 2830 5524 Objicies
2864 5434 3074 5521 primo
3106 5434 3269 5501 duos
3316 5437 3608 5500 Canones
3664 5423 3941 5516 Apostolo-
4022 5460 4066 5507 ἃς,

2450 5585 2599 5631 rum
2648 5582 2847 5649 supra
2884 5561 3139 5642 citatOS,
3177 5559 3288 5648 qui
3320 5579 3435 5646 pro
3465 5552 3836 5643 incorruptis
3860 5567 3932 5615 re·
