4255 6375
1512 398 1707 460 DlST.
1756 399 1830 460 V.
1877 396 2242 474 QtJAESTm
2292 398 2395 461 111.

325 564 482 621 tunc
550 554 712 622 forte
797 558 1049 624 ratione
1109 558 1385 644 periculi
1439 558 1707 624 infantis
1759 579 1867 643 po-

323 682 449 735 test
479 673 775 739 executio
808 672 948 740 lieri
989 695 1104 760 per
1127 675 1462 742 ministros
1487 675 1766 762 justitiae
1806 684 1869 739 et

343 786 696 872 aperienda
736 789 961 868 erit,ut
984 790 1277 858 salvetur
1308 791 1549 869 infans,
1588 802 1651 856 et
1694 810 1868 856 mors

317 900 513 967 detur
554 901 619 967 in
665 924 953 989 poenam,
990 904 1103 971 sed
1149 905 1535 972 auctoritate
1581 904 1867 992 privata,

320 1015 387 1082 id
444 1020 668 1108 nequit
705 1018 871 1086 fieri.
936 1022 1147 1101 Dices,
1197 1023 1336 1108 ipsa
1378 1042 1730 1109 praegnans
1804 1021 1868 1086 in

320 1139 612 1227 periculo
649 1138 876 1205 mortis
906 1160 1167 1206 sumere
1199 1151 1410 1226 potest
1454 1138 1867 1217 medicinam,

323 1277 410 1322 ex
442 1276 568 1344 qua
627 1267 831 1338 certo,
887 1256 989 1322 vel
1050 1257 1476 1343 probabiliter
1562 1266 1873 1341 sequetur

321 1391 506 1437 mors
545 1370 843 1450 infantis;
906 1392 1065 1457 ergo
1095 1371 1266 1438 sicut
1309 1370 1510 1436 vitam
1571 1390 1872 1457 corpora-

321 1488 454 1554 lem
533 1488 800 1555 infantis
860 1489 942 1553 ob
991 1488 1266 1555 salutem
1345 1487 1671 1574 propriam
1723 1508 1874 1552 con-

318 1614 619 1669 temnere
679 1614 913 1690 potest,
964 1603 1047 1668 ita
1098 1604 1291 1670 etiam
1360 1616 1424 1669 et
1482 1602 1682 1670 vitam
1732 1623 1874 1667 cor-

318 1719 612 1807 poralem
656 1719 924 1786 infantis
963 1732 1175 1807 potest
1224 1721 1372 1808 quis
1456 1732 1877 1788 contemnere

318 1837 407 1903 ad
467 1835 840 1902 salvandam
907 1837 1108 1905 vitam
1221 1838 1361 1925 ejus
1438 1838 1870 1924 spiritualem.

319 1954 513 2018 Patet
578 1956 1071 2040 consequentia,
1135 1956 1286 2044 quia
1367 1955 1522 2021 vitae
1593 1956 1876 2042 proprioe

318 2079 395 2135 et
441 2069 755 2154 corporali
826 2082 1039 2155 potest
1082 2072 1389 2157 praeferre
1431 2072 1634 2138 vitam
1681 2073 1874 2159 spiri-

316 2182 568 2250 tualem
617 2183 924 2264 infantis;
981 2207 1138 2272 ergo
1225 2209 1260 2253 a
1329 2188 1575 2254 fortiori
1677 2190 1874 2256 vitam

320 2301 477 2388 ejus
517 2299 920 2386 spiritualem
985 2303 1296 2389 praeferre
1329 2304 1483 2370 vitae
1526 2306 1872 2393 corporali.

321 2415 789 2495 Confirmatur,
826 2417 964 2502 ipse
997 2418 1209 2486 infans
1243 2420 1297 2486 si
1349 2432 1522 2486 esset
1553 2419 1654 2486 sui
1697 2442 1875 2488 com-

323 2555 451 2621 pos
500 2532 761 2600 deberet
797 2534 997 2600 vitam
1020 2536 1422 2623 corporalem
1457 2551 1881 2604 contemnere

319 2650 410 2716 ob
479 2649 928 2717 necessitatem
1014 2650 1170 2718 vitoe
1237 2651 1636 2739 spiritualis;
1720 2675 1879 2742 ergo

319 2783 387 2838 et
460 2781 759 2857 parentes
829 2771 1081 2851 saltem,
1147 2773 1209 2839 in
1271 2795 1549 2861 quorum
1611 2787 1714 2842 est
1748 2775 1878 2842 dis·

322 2886 678 2976 positione,
759 2887 1061 2954 similiter
1125 2889 1362 2957 debent
1445 2903 1881 2959 contemnere

320 3004 533 3070 vitam
585 3005 728 3091 ejus
798 3004 1226 3091 corporalem,
1278 3006 1342 3072 in
1378 3007 1665 3094 periculo
1727 3008 1881 3075 vitae

328 3120 719 3207 spiritualis

422 3238 875 3325 Respondetur
929 3238 1102 3306 aliud
1162 3261 1308 3306 esse
1371 3240 1627 3307 auferre
1675 3241 1875 3308 vitam

323 3352 544 3435 alteri,
616 3367 727 3421 aut
788 3355 936 3434 sibi,
982 3355 1158 3422 aliud
1198 3378 1355 3422 vero
1418 3377 1545 3422 non
1618 3378 1883 3425 conser-

321 3492 530 3551 vare;
610 3471 891 3557 primum
970 3483 1070 3538 est
1163 3485 1386 3540 contra
1475 3487 1878 3562 praeceptum

322 3576 742 3666 negativum,
778 3577 950 3665 quod
1017 3578 1266 3665 obligat
1324 3599 1585 3665 semper
1652 3593 1716 3646 et
1766 3601 1881 3665 pro

319 3694 1014 3781 semper38ccundum
1076 3715 1230 3761 vero
1343 3707 1570 3762 contra
1638 3718 1881 3782 praece-

316 3824 512 3900 ptum
557 3808 1026 3876 affirmativum
1067 3810 1148 3876 de
1205 3812 1652 3877 conservanda
1719 3813 1878 3891 vita,

317 3925 502 4016 quod
536 3926 782 4012 obligat
805 3926 869 3990 in
889 3925 1340 3993 determinatis
1361 3926 1883 3995 circumstantiis

317 4043 502 4111 sicut
539 4053 603 4107 et
670 4040 918 4128 reliqua
987 4041 1406 4123 affirmativa,
1476 4063 1603 4109 non
1660 4054 1883 4112 tamen

319 4179 590 4245 semper
655 4170 716 4223 et
793 4178 909 4244 pro
969 4157 1282 4224 omnibus
1341 4158 1880 4243 circumstantiiS,

323 4290 406 4346 ut
469 4275 729 4364 quando
783 4287 1081 4341 occurrat
1147 4276 1454 4342 damnum
1516 4276 1881 4365 proprium,

323 4406 446 4463 aut
504 4394 771 4460 alterius
840 4413 1063 4480 grave.
1127 4395 1208 4460 Et
1249 4394 1370 4460 hac
1402 4396 1612 4481 posita
1657 4397 1885 4463 distin-

325 4512 576 4591 ctione,
606 4510 1041 4597 respondetur
1070 4511 1149 4576 ad
1184 4511 1502 4577 rationem
1537 4513 1884 4581 adductam

327 4626 415 4693 de
448 4636 835 4714 praegnante
865 4638 1168 4693 sumente
1222 4628 1610 4694 medicinam
1636 4629 1889 4716 judicio

335 4742 746 4811 medicorum
809 4743 1246 4810 necessariam
1297 4743 1375 4809 ad
1428 4742 1581 4812 vitae
1633 4766 1893 4812 conser-

325 4859 682 4938 vationem,
740 4859 927 4945 juxta
956 4857 1209 4945 aliquos
1266 4879 1528 4925 sumere
1580 4881 1770 4947 posse
1809 4882 1890 4926 ex

324 4977 697 5047 intentione
718 4975 953 5043 salutis
988 4977 1294 5062 propriae,
1333 4977 1633 5065 quamvis
1669 4979 1891 5045 videa-

320 5108 438 5163 tur
471 5093 654 5180 sequi
717 5114 893 5159 mors
936 5092 1207 5159 infantis
1270 5105 1446 5159 certo
1497 5105 1609 5160 aut
1661 5096 1890 5182 proba-

326 5210 558 5278 biliter
577 5220 817 5296 praeter
836 5209 1451 5297 intentionem,quia
1482 5232 1607 5276 non
1634 5223 1893 5278 tenetur

325 5327 542 5395 vitam
569 5325 896 5412 propriam
929 5346 1255 5412 exponere
1287 5348 1405 5413 pro
1439 5327 1572 5394 vita
1625 5328 1892 5394 infantis

328 5448 491 5515 licet
547 5447 754 5532 possit
783 5466 924 5513 eam
986 5460 1438 5529 contemnere;
1488 5449 1598 5516 sed
1661 5449 1894 5517 melius

333 5555 723 5627 limitandus
762 5569 863 5626 est
910 5575 1122 5639 casim,
1169 5556 1224 5625 si
1280 5577 1360 5625 ex
1412 5571 1620 5627 morte
1670 5560 1894 5629 matris

3449 402 3561 463 521

1981 570 2161 623 certo
2256 569 2368 623 aut
2455 559 2882 645 probabiliter
2973 558 3263 626 creditur
3354 580 3531 628 mors

3654 585 3784 646 Quid

3592 645 3865 697 dicendum

1983 673 2274 753 infantis,
2313 688 2468 741 tunc
2520 696 2750 742 verum
2798 688 2899 742 est
2939 697 3133 763 posse
3182 697 3324 743 eam
3396 698 3533 744 me·
3563 710 3627 758 de
3670 711 3882 770 gravida

1983 790 2262 856 dicinam
2309 811 2597 871 sumere,
2633 802 2697 858 et
2748 813 2926 858 mors
2977 792 3247 858 infantis
3300 806 3537 878 praeter
3581 772 3875 838 periclitan-

1986 905 2416 972 intentionem
2484 907 2627 993 ejus
2687 919 2843 974 tunc
2901 907 3230 988 succedit;
3305 908 3360 974 si
3438 921 3535 977 ta-

1987 1044 2136 1088 men
2234 1037 2539 1108 speratur
2643 1024 2931 1110 paritura
3027 1023 3340 1091 infantem
3440 1026 3538 1091 vi-

1986 1159 2169 1218 vum,
2241 1150 2397 1204 tunc
2467 1139 2695 1226 nequit
2783 1160 3044 1205 sumere
3116 1139 3533 1220 medicinam,

1987 1252 2139 1338 quia
2196 1271 2343 1316 cum
2384 1250 2622 1316 damno
2682 1252 2839 1317 vitae
2879 1252 3241 1338 spiritualis
3283 1265 3346 1319 et
3392 1275 3538 1321 cor-

1987 1365 2228 1452 poralis
2270 1366 2536 1433 infantis
2588 1388 2718 1433 non
2779 1381 2991 1455 potest
3030 1369 3288 1436 salvare
3341 1370 3538 1435 vitam

1988 1484 2343 1572 propriam,
2435 1497 2498 1552 et
2582 1485 2662 1551 ad
2760 1485 2885 1552 hoc
2991 1486 3243 1552 nullum
3337 1489 3541 1554 babet

1980 1601 2115 1687 juS,
2158 1601 2286 1666 imo
2359 1622 2439 1667 ex
2527 1602 2772 1688 pietate
2847 1614 3107 1668 tenetur
3180 1602 3440 1683 infanti,
3479 1616 3543 1670 et

1989 1740 2067 1785 ex
2098 1719 2378 1806 justitia.
2454 1720 2629 1787 Idem
2696 1720 3007 1796 dicerem,
3072 1721 3126 1788 si
3203 1741 3283 1786 ex
3351 1733 3541 1808 partu

1990 1835 2311 1901 redundat
2361 1836 2720 1923 periculum
2759 1858 2886 1903 non
2929 1859 3125 1924 posse
3166 1838 3359 1904 etiam
3393 1858 3538 1924 pro-

1989 1972 2221 2018 curare
2286 1953 2581 2019 abortum
2643 1975 2789 2020 cum
2855 1953 3143 2041 periculo
3204 1955 3361 2020 vitae
3438 1954 3541 2020 in-

1991 2067 2213 2147 fantis,
2322 2069 2473 2156 quia
2551 2069 2646 2135 sic
2732 2091 2811 2135 ex
2898 2070 3257 2137 intentione
3368 2092 3545 2138 mors

1993 2183 2222 2250 infanti
2260 2201 2742 2272 procuraretur.
2796 2171 3273 2274 Consequentia
3323 2199 3541 2253 autem

1993 2311 2294 2385 negatur,
2376 2299 2429 2366 si
2509 2299 2919 2388 intelligatur
3002 2300 3082 2367 de
3167 2314 3544 2388 contemptu

1995 2433 2108 2498 per
2167 2412 2521 2479 illationem
2566 2414 2818 2494 mortis,
2876 2435 3003 2479 non
3045 2414 3123 2480 de
3162 2426 3543 2501 contemptu

3692 842 3765 887 lo.

1993 2548 2108 2614 per
2172 2529 2377 2594 solam
2457 2528 3002 2615 permissionem;
3076 2530 3249 2596 unde
3328 2541 3534 2597 mater
3622 2517 3627 2522 ⁶

1993 2644 2059 2709 in
2100 2664 2280 2723 casu,
2327 2665 2456 2732 quo
2489 2644 2861 2731 provideret
2900 2645 3068 2713 alius
3122 2646 3351 2711 infanti
3396 2667 3538 2712 mo-

1994 2760 2272 2826 ribundo
2348 2782 2465 2847 per
2532 2760 2920 2839 remedium,
3013 2761 3184 2848 quod
3276 2761 3545 2828 inferret

1996 2889 2268 2942 mortem
2346 2875 2775 2963 corporalem,
2850 2891 2915 2943 et
2993 2877 3277 2944 salvaret
3344 2877 3539 2943 vitam

1993 2991 2424 3077 spiritualem,
2473 3013 2601 3058 non
2660 3004 2917 3060 tenetur
2977 2993 3311 3074 resistere,
3358 3015 3542 3061 acce-

1996 3109 2223 3176 leratio
2317 3108 2490 3174 enim
2596 3107 2827 3175 mortis
2906 3109 3165 3176 tolerari
3245 3111 3325 3176 ab
3404 3110 3547 3199 ipsa

1997 3238 2210 3315 potest
2271 3246 2420 3292 cum
2487 3225 2668 3292 lucro
2743 3227 2974 3293 salutis
3031 3227 3218 3314 ejus;
3273 3248 3353 3293 ex
3414 3248 3544 3314 quo

1998 3355 2171 3431 patet
2223 3342 2301 3409 ad
2351 3342 2702 3410 secundam
2741 3343 3302 3430 consequentiam,
3347 3355 3411 3409 et
3463 3344 3541 3410 ad

1996 3459 2555 3527 confirmationem
2631 3457 3099 3545 distinguendo
3168 3459 3336 3525 inter
3395 3480 3545 3546 per-

1999 3576 2380 3641 missionem
2423 3586 2487 3641 et
2527 3573 2878 3639 illationem
2924 3573 3182 3655 mortis,
3231 3585 3298 3640 ut
3359 3573 3543 3660 prius

1994 3692 2241 3759 dictum
2283 3702 2405 3759 est.

2084 3811 2296 3889 PeteS,
2359 3807 2514 3896 quid
2585 3806 2931 3874 dicendum
3020 3806 3085 3871 in
3162 3826 3340 3885 casu,
3422 3827 3550 3893 quo

1997 3946 2175 3992 mors
2207 3924 2478 3991 inl'antis
2529 3946 2642 4011 per
2682 3922 2985 3990 accidens
3027 3932 3414 4009 sequeretur
3470 3923 3550 3988 ab

1997 4052 2389 4131 extrinsecO,
2457 4061 2568 4117 aut
2627 4050 2835 4137 ipsius
2904 4046 3319 4134 baptizantis,
3364 4048 3552 4114 verbi

1998 4175 2232 4263 gratia,
2288 4176 2342 4241 si
2394 4179 2742 4261 Tyrannus
2802 4174 2866 4239 in
2924 4173 3145 4238 odium
3204 4170 3547 4257 religionis

1999 4313 2061 4369 et
2097 4301 2498 4368 Sacramenti
2535 4300 2813 4387 utrique,
2845 4312 2908 4366 et
2938 4301 3236 4368 alterutri
3269 4312 3545 4368 mortem

2001 4437 2174 4493 esset
2216 4425 2537 4491 illaturuS.
2576 4422 3053 4510 Respondetur,
3090 4425 3144 4491 si
3183 4425 3399 4492 infans
3453 4437 3552 4491 est

2004 4551 2068 4618 in
2130 4551 2416 4639 periculo
2476 4551 2706 4617 mortis
2768 4571 2913 4617 esse
2961 4550 3443 4636 baptizandum,
3495 4563 3558 4617 et

2004 4677 2379 4745 ministrum
2439 4678 2632 4744 etiam
2692 4675 2932 4743 debere
2991 4698 3139 4743 eum
3202 4676 3549 4762 baptizare,

2004 4806 2158 4891 quia
2225 4801 2586 4891 periculum
2674 4803 3115 4870 extrinsecum
3190 4802 3254 4868 in
3334 4801 3556 4869 odium

2004 4929 2368 5017 religionis,
2420 4940 2516 4994 est
2567 4948 2680 5013 per
2720 4926 3023 4994 accidens
3087 4947 3167 4991 ex
3228 4926 3557 5012 perversi-

2006 5065 2135 5119 tate
2176 5051 2541 5132 inserentiS,
2619 5070 2745 5115 non
2807 5071 2887 5115 ex
2957 5060 3185 5116 natura
3253 5049 3552 5117 actionis,

2006 5183 2136 5247 Nec
2173 5177 2368 5244 debet
2425 5175 2591 5242 actio
2648 5174 2756 5240 illa
2814 5173 3155 5261 religionis
3195 5174 3561 5241 necessaria

2005 5303 2244 5383 omitti,
2289 5323 2370 5368 ne
2434 5322 2583 5368 cum
2653 5299 2956 5366 scandalo
3013 5311 3077 5366 et
3142 5299 3376 5366 timore
3438 5299 3557 5366 hu-

2010 5449 2201 5495 mano
2261 5427 2470 5514 magis
2528 5424 2868 5491 obediatur
2924 5423 3306 5491 hominibus
3360 5444 3557 5512 quam

2011 5557 2174 5634 De03
2220 5551 2310 5621 ita
2366 5552 2605 5618 Suarez
2642 5548 2816 5635 disp.
2871 5550 2981 5616 31.
3026 5558 3253 5615 contra
3303 5548 3554 5617 Sotum.
