4255 6375
399 4586 723 4638 Benejictio-

400 4665 725 4765 emugsssseoe
755 4678 1078 4766 scopalem
1127 4680 1311 4747 docet
1350 4683 1652 4768 Synodus
1690 4688 1975 4751 Romana
2011 4689 2133 4753 sub
2158 4688 2300 4774 Syl-

426 4774 696 4888 Epiffn‘ipa‘

779 324 900 386 672

776 484 946 570 apud
989 487 1335 556 haereticos
1391 513 1537 559 esse
1571 515 1795 559 verum
1831 497 2178 581 Baptisma,
2216 508 2326 561 aut

776 601 1177 670 unctionem.
1222 608 1547 674 Caetcrum
1636 609 2055 677 traditionem
2154 612 2323 677 circa

776 716 903 782 olei
939 717 1455 788 benedictionem
1496 726 1926 793 necessariam
1958 729 2268 815 supponit
2306 752 2318 794 :

781 831 953 919 Unyi
994 855 1245 921 quoque
1284 858 1536 905 necesse
1575 851 1689 918 cst,
1747 843 1980 931 inquit,
2024 865 2170 910 eum
2210 847 2326 931 qui
2395 871 2398 876 >

774 947 1150 1035 baptisatus
1212 954 1322 1032 sit,
1388 966 1458 1018 ut
1514 969 1782 1044 accepto
1814 961 2194 1038 chrismate,
2251 961 2323 1025 id

774 1076 889 1144 est,
955 1069 1269 1134 unctione
1343 1093 1477 1136 esse
1542 1086 1767 1139 unctos
1800 1077 1945 1153 Dei,
1983 1087 2042 1140 et
2082 1076 2322 1141 habere

774 1180 848 1244 in
895 1201 964 1246 se
1008 1185 1303 1268 qratiam
1375 1187 1633 1253 Cleristi
1670 1192 1899 1276 possit.
1949 1193 2160 1258 Porro
2203 1215 2319 1257 ccu-

772 1306 898 1361 tem
950 1300 1402 1382 Eucltaristia,
1476 1315 1535 1369 et
1598 1307 1777 1372 unde
1841 1309 2165 1396 baptizati
2197 1333 2314 1377 un-

768 1428 1040 1501 quntur,
1099 1420 1350 1486 ·oleum
1408 1424 1477 1488 in
1543 1424 1755 1489 altari
1811 1429 2318 1511 sanctificatum·

764 1535 1189 1615 sanctificare
1260 1549 1478 1603 autem
1544 1561 1676 1605 non
1719 1544 1938 1626 potuit
1994 1544 2127 1610 olei
2181 1567 2317 1610 cre·

765 1658 1053 1729 aturarn,
1127 1656 1243 1738 qui
1306 1675 1424 1718 nee
1479 1657 1696 1722 altare
1744 1660 1995 1736 habuit,
2051 1682 2168 1726 nec
2201 1662 2318 1726 Ec·

765 1764 1055 1832 alesiam.
1113 1768 1298 1834 Unde
1328 1793 1446 1836 nec
1469 1776 1693 1838 unctio
1730 1776 2108 1860 spiritualis
2138 1777 2319 1864 apud

769 1880 1109 1949 licereticos
1182 1898 1392 1971 potest
1482 1909 1637 1968 esse,
1722 1892 1990 1976 quando
2073 1905 2317 1959 constet

769 1997 982 2063 oleum
1014 2003 1450 2083 sanctificari,
1488 2015 1548 2068 ct
1600 2005 2097 2073 Eucltaristiam
2163 2011 2320 2092 ficri

770 2115 953 2199 apud
985 2118 1139 2182 illos
1168 2121 1439 2184 onmino
1473 2143 1603 2186 non
1634 2128 1843 2208 p‘osse,
1891 2137 2012 2191 etc.

860 2232 980 2308 Qui
1023 2233 1201 2301 locus
1232 2249 1330 2302 cst
1371 2237 1800 2320 clarissimuS,
1835 2242 2085 2330 colligit
2137 2246 2311 2312 enim

770 2350 1161 2435 Cyprianus,
1196 2373 1275 2417 ex
1318 2374 1393 2418 eo
1434 2354 1603 2441 quod
1657 2378 1995 2425 necessum
2037 2360 2120 2426 sit
2176 2362 2314 2427 ole-

768 2485 875 2530 um
911 2467 1287 2536 chrismatis
1340 2471 1402 2535 in
1470 2472 1655 2537 altari
1690 2475 2105 2557 sanctificari,
2143 2478 2313 2544 sicut

762 2592 825 2647 et
866 2583 1365 2663 Eucharistiam,
1404 2587 1573 2672 apud
1629 2589 1968 2657 haereticos
2000 2612 2127 2656 non
2163 2615 2306 2660 esse

760 2718 983 2764 veram
1019 2700 1417 2783 unctionem,
1457 2703 1609 2790 quia
1664 2725 1789 2771 non
1832 2721 2108 2793 possunt
2163 2729 2309 2776 san-

756 2814 1043 2881 ctificare
1081 2816 1401 2884 chrisma.
1480 2822 1655 2887 Hanc
1695 2823 1987 2889 eamdem
2049 2846 2309 2912 compa-

754 2932 1071 2999 rationem
1115 2936 1652 3005 sanctificationis
1685 2940 1807 3006 olei
1844 2941 1918 3006 ad
1971 2963 2304 3010 consecra·

754 3047 992 3114 tionem
1036 3052 1464 3119 Eucharistiae
1499 3054 1562 3119 in
1596 3055 1781 3122 altari
1832 3057 1981 3124 facit
2020 3058 2305 3145 Cyrillus

751 3165 1338 3252 lerosolymitanus
1382 3170 1445 3236 in
1490 3171 1817 3239 Catechesi
1865 3177 1928 3240 3.
1972 3189 2301 3263 mystago-

753 3279 922 3364 gica,
960 3279 1199 3347 ibidem
1240 3285 1432 3350 etiam
1476 3285 1756 3373 appellat
1794 3290 2009 3354 oleum
2050 3293 2305 3356 exorci-

754 3409 996 3477 zatum,
1033 3421 1149 3466 seu
1191 3403 1576 3470 exorcismis
1618 3406 2119 3475 sanctificatum.

843 3516 972 3579 Hoc
1037 3514 1248 3601 ipsum
1302 3531 1548 3603 spectat
1605 3520 1683 3586 ad
1715 3522 2186 3590 confectionem
2242 3534 2302 3589 et

752 3631 1239 3698 renovationem
1346 3635 1722 3703 chrismatis
1785 3637 1848 3702 in
1961 3641 2296 3720 Paschate,

755 3766 947 3832 quam
1016 3747 1154 3815 sieri
1222 3750 1479 3831 debere,
1552 3754 1737 3820 docet
1813 3777 1893 3820 ex
1949 3755 2304 3822 traditione

749 3862 1118 3946 Apostolica
1158 3866 1480 3934 Fabianus
1511 3871 1816 3958 Carthag.
1856 3874 1957 3939 lv.
2002 3895 2148 3959 cap.
2188 3877 2296 3941 36.

749 3979 916 4044 idem
959 3983 1288 4068 supponit,
1335 3985 1506 4052 sicut
1556 3997 1619 4052 et
1658 3987 2021 4074 Cyprianus
2048 4011 2079 4054 s
2132 4012 2294 4057 erm.

748 4096 829 4161 dc
870 4101 1196 4179 unctione,
1236 4102 1478 4168 Concil.
1527 4105 1821 4171 Vasense
1861 4128 2006 4192 cap.
2054 4111 2117 4172 3.
2176 4111 2304 4173 To·-

748 4212 1034 4281 letanum
1085 4218 1134 4283 1.
1171 4240 1316 4305 cap.
1367 4222 1472 4285 12.
1507 4242 1653 4306 cap.
1724 4222 1924 4287 Omni
1985 4236 2295 4311 tempore,

752 4328 837 4393 de
867 4343 1223 4400 consecrat.
1286 4314 1441 4399 dt'st.
1516 4340 1580 4400 4.
1618 4358 1763 4422 cap.
1829 4336 2184 4421 Quoniam,
2222 4341 2303 4407 de

752 4450 1081 4513 sententia
1123 4453 1846 4529 excommunicationiS,
1885 4455 1960 4519 in
1989 4458 2059 4520 6.

845 4563 1365 4631 Beneclictionem
1420 4588 1574 4632 vero
1605 4589 1751 4634 esse
1789 4580 2088 4655 oportere
2149 4573 2297 4658 Epi-

754 4806 993 4878 vestr0,
1096 4798 1474 4868 Toletanum
1561 4805 1608 4870 Ι.
1709 4826 1856 4891 cap.
1951 4812 2059 4874 ΞΟ.
2150 4811 2296 4874 Car·

753 4912 1092 4999 thaginen.
1166 4919 1245 4981 11.
1308 4939 1455 5004 cap.
1512 4923 1577 4985 2.
1648 4923 2109 5010 Carthaginen.
2184 4927 2290 4991 111.

749 5051 899 5116 cap.
946 5035 1055 5098 36.
1101 5033 1429 5121 Hispalen.
1476 5039 1552 5103 11.
1624 5060 1778 5125 cap.
1851 5042 1915 5105 7.
1979 5044 2296 5109 Damasus

749 5148 921 5231 Papa
960 5148 1152 5234 epist.
1211 5152 1275 5214 4.
1322 5150 1404 5216 de
1442 5155 1510 5218 C.
1557 5153 1918 5242 Episcopis,
1974 5160 2294 5225 Innocen-

745 5261 877 5328 tius
909 5265 955 5328 Ι.
1006 5263 1077 5329 in
1116 5267 1307 5351 epist.
1344 5267 1434 5332 acl
1459 5269 1840 5336 Decentium
1872 5273 1930 5335 E
1936 5274 2295 5359 uqubinum

743 5400 891 5464 cap.
928 5384 991 5445 3.
1030 5384 1157 5447 Leo
1191 5386 1239 5448 1.
1276 5385 1468 5470 epist.
1500 5390 1606 5451 88.
1645 5388 1924 5457 loannes
1957 5392 2062 5455 111.
2092 5393 2286 5477 epist.

741 5495 832 5559 acl
871 5497 1239 5584 Episcopos
1293 5500 1669 5567 Germanice
1729 5515 1791 5568 ec
1832 5506 2093 5572 Gallice.
2135 5507 2296 5575 Hinc

1917 336 2059 397 1.ΙΒ.
2093 337 2196 397 lV.
2245 338 2839 405 SEN'rEN'rtARtJM

2441 500 2790 586 rejicienda
2839 517 2938 572 est
3006 511 3334 577 sententia
3377 511 3685 579 I‘aludani
3739 520 3802 581 in
3852 520 3946 583 hac

2437 614 2592 681 dist.
2639 633 2863 704 quoest.
2928 627 2982 689 1.
3029 638 3090 690 ct
3159 631 3222 690 4.
3269 628 3384 715 qui
3461 645 3662 716 negat
3733 633 3949 700 henedi-

2434 732 2717 800 ctionem
2758 738 3134 806 chrismatis
3178 744 3586 811 necessitate
3615 748 3948 815 Sacramen-

2435 849 2481 914 ti
2559 853 2893 937 praemitti.
2958 859 3382 928 Contrarium
3445 863 3626 929 enim
3696 880 3844 952 patet
3885 891 3946 935 ex

2433 972 2764 1036 communi
2819 974 3328 1064 Theologorum,
3374 993 3440 1046 et
3487 982 3615 1048 hoc
3643 1004 3776 1049 esse
3810 983 3945 1050 divi·

2435 1103 2536 1147 nae
2576 1083 3008 1155 institutionis
3065 1092 3402 1179 colligitur
3442 1117 3525 1162 et
3577 1095 3784 1164 dictis.
3820 1104 3946 1165 Con·

2430 1199 2784 1284 gruitatem
2822 1217 3041 1270 autem
3078 1208 3225 1274 talis
3251 1209 3699 1278 institutionis
3726 1216 3942 1302 suhjiu't

2433 1312 2598 1378 infra
2647 1319 2883 1383 Doctor
2946 1326 3376 1408 responsione
3444 1328 3538 1392 ad
3598 1331 3664 1394 2.
3736 1331 3946 1416 objecsi-

2432 1455 2654 1500 onem.
2705 1437 3017 1522 Rejicitur
3055 1441 3250 1508 etiam
3291 1446 3651 1530 cajetanus
3697 1451 3756 1512 3.
3801 1461 3944 1533 part.

2432 1563 2660 1635 quoest.
2700 1555 2804 1618 72.
2842 1566 2973 1620 art.
3017 1561 3080 1621 4.
3129 1578 3433 1626 asserens
3467 1560 3944 1629 benedictionem

2432 1668 2843 1752 praemissam
2878 1691 2912 1736 a
2954 1672 3238 1759 simplici
3273 1677 3634 1744 Sacerdote
3664 1679 3940 1754 sufficere.

2429 1802 2578 1868 qua}
2619 1787 2941 1853 sententia
2983 1802 3081 1855 est
3120 1791 3508 1878 singularis.
3558 1797 3742 1863 Unde
3772 1809 3830 1864 ut
3872 1798 3944 1864 di·

2429 1897 2551 1963 ctis
2620 1900 2920 1986 adjiciam
2990 1905 3445 1973 auctoritatem
3546 1911 3832 1996 Dionysii
3889 1913 3950 1976 de

2429 2013 2803 2081 Ecclesiast.
2895 2017 3284 2102 hierarchia,
3348 2044 3493 2110 cap.
3578 2031 3645 2092 ὃ.
3717 2028 3944 2102 Divina,

2430 2124 2667 2213 inquit,
2726 2131 3057 2197 institutio
3107 2155 3373 2201 sacram
3414 2139 3947 2211 hierarchicarum

2423 2234 2742 2302 ordinum
2778 2243 3263 2320 cwrmnoniam,
3306 2245 3671 2333 divin-ique
3701 2271 3947 2334 unquen-

2425 2351 2479 2414 a·
2549 2356 3047 2438 confectionem,
3142 2369 3340 2446 atque
3397 2375 3707 2429 sanctam
3752 2366 3949 2429 altaris

2425 2472 2984 2537 consecrationem
3083 2474 3475 2543 divinorum
3587 2482 3946 2562 Pontificum

2422 2583 2804 2663 efficacibus
2841 2588 3274 2669 facultatibus
3321 2593 3681 2680 sinyaetlari
3723 2618 3950 2662 munere

2419 2700 2750 2783 attribuit,
2805 2714 2928 2769 eto.

2510 2818 2879 2884 Ministrum
2946 2841 3105 2907 ergo
3174 2823 3374 2910 hujus
3437 2827 3943 2894 sanctificationis
4038 2829 4072 2875 ἒ·

2420 2945 2594 3000 recte
2653 2936 2989 3002 constituit
3064 2941 3297 3005 Doctor
3373 2943 3775 3031 Episcopum
3837 2959 3945 3011 tan-

2419 3070 2612 3136 quam
2647 3052 3093 3136 ordinarium;
3152 3077 3234 3122 an
3275 3079 3434 3124 vero
3478 3063 3798 3128 committi
3831 3083 3945 3143 pos·

2416 3167 2499 3233 sit
2539 3169 2867 3237 Sacerdoti
2915 3194 2995 3240 ex
3063 3172 3502 3262 delegatione,
3555 3201 3690 3246 non
3724 3179 3946 3246 videtur

2421 3285 2581 3351 mihi
2641 3307 2956 3370 asserere,
3015 3311 3229 3379 neque
3281 3296 3482 3361 etiam
3558 3316 3825 3385 negare,
3861 3296 3948 3362 sed

2416 3421 2496 3467 ex
2545 3404 3023 3489 suppositione,
3063 3409 3237 3495 quod
3289 3410 3350 3476 id
3393 3415 3726 3479 committi
3775 3414 3945 3500 possit

2415 3516 2493 3581 ad
2524 3519 3081 3606 complementum
3116 3522 3528 3592 definitionis
3557 3529 3946 3616 comprehen-

2415 3630 2605 3711 dere;
2653 3633 2824 3701 unde
2857 3637 2925 3702 in
2999 3639 3377 3725 Reportatis
3430 3641 3557 3709 hac
3629 3645 3844 3710 eadem
3873 3644 3943 3708 di·

2414 3748 2762 3816 stinctione
2793 3772 2806 3817 ε
2836 3754 3366 3836 Sanctificatum,
3398 3758 3646 3846 inquit,
3683 3760 3946 3841 sanetifi-

2415 3869 2671 3934 catione
2715 3870 3109 3958 Episcopali
3139 3878 3610 3944 communiter.
3653 3882 3939 3945 Caeterum

2415 3983 2614 4070 aliqui
2683 4006 2832 4051 eum
2884 4008 2999 4073 pro
3041 4003 3223 4075 parte
3282 3992 3684 4061 affirmativa
3747 3996 3939 4065 citant,

2412 4118 2624 4187 neque
2689 4101 2902 4170 littera
2981 4106 3251 4172 omnino
3318 4124 3677 4197 repugnat,
3744 4130 3933 4200 quam-

2413 4216 2517 4282 vis
2548 4216 2626 4283 de
2659 4218 2764 4284 illa
2794 4222 3254 4291 commissione
3286 4246 3416 4291 non
3457 4226 3764 4309 disserat,
3799 4229 3937 4293 sicut

2414 4332 2492 4399 de
2558 4336 3025 4404 commissione
3070 4341 3278 4427 ipsius
3337 4342 3691 4411 ministerii
3762 4346 3941 4412 uncti-

2412 4451 2580 4531 onis,
2657 4473 2805 4539 quae
2849 4453 2984 4520 fieri
3044 4470 3261 4543 posset
3313 4480 3428 4547 per
3493 4461 3942 4549 delegationem

2413 4568 2668 4633 Summi
2703 4569 3062 4653 Pontificis,
3106 4586 3176 4639 ut
3221 4574 3619 4645 videbimus.

2503 4684 2811 4751 Ledesma
2858 4691 2916 4752 1.
2954 4700 3132 4774 part.
3173 4694 3237 4755 4.
3284 4703 3511 4777 quiere.
3567 4698 3680 4760 13.
3726 4706 3846 4761 art.
3885 4696 3935 4758 3.
3976 4710 4112 4762 saw

2413 4813 2594 4887 putat
2634 4802 2844 4869 solum
2875 4804 3266 4892 Episcopum
3290 4807 3459 4875 hanc
3489 4810 3936 4898 delegationem
3973 4775 4112 4899 ᾖ

2410 4916 2642 4984 facere.
2718 4920 2844 4986 Sed
2911 4920 3032 4987 hoc
3092 4923 3266 4990 nulla
3317 4926 3574 4992 ratione
3631 4927 3930 4998 fundatur,
4021 4906 4066 4945 ε’

2411 5051 2562 5096 nam
2603 5032 2712 5099 hic
2743 5044 2925 5100 actus
2967 5035 3190 5102 divina
3249 5038 3666 5108 institutione
3715 5060 3935 5126 compe·

2408 5145 2485 5212 tit
2545 5147 2703 5214 solis
2768 5150 3104 5238 Episcopis
3170 5154 3402 5221 saltem
3471 5158 3820 5234 ordinarie,
3881 5166 3933 5221 et

2411 5262 2763 5350 prohibitio
2815 5267 3103 5334 excludit
3141 5272 3573 5354 Sacerdotes;
3634 5289 3733 5341 est
3785 5273 3929 5340 enim

2409 5390 2592 5447 actus
2669 5381 2956 5450 Ordinis.
3005 5385 3396 5472 Dispensare
3445 5404 3664 5458 autem
3716 5393 3780 5455 in
3835 5390 3931 5453 hoc

2401 5506 2551 5593 Jure
2592 5527 2721 5573 non
2782 5522 3030 5596 spectat
3087 5511 3166 5578 ad
3234 5515 3660 5606 Episcopum,
3733 5516 3835 5583 sed
3867 5512 3928 5579 ad
