4255 6375
730 301 812 364 26
1883 301 2028 362 LlB.
2076 301 2177 363 lV.
2226 299 2820 364 SENTENTtARUM

703 463 789 524 ita
837 465 912 524 ut
940 459 1026 522 ad
1063 464 1414 524 terminum
1453 464 1803 526 creationis
1861 462 2061 540 possit
2116 478 2269 523 con·

707 596 975 641 currere
1010 595 1207 641 causa
1238 579 1559 655 secunda,
1611 585 1790 642 esset
1832 585 2053 640 tamen
2107 595 2268 640 vera

703 695 974 768 creati0,
1024 697 1175 774 quia
1238 696 1589 774 productio
1650 713 1731 757 ex
1803 696 2044 768 nihilo;
2109 696 2266 757 nihil

704 826 864 889 ergo
916 811 1144 872 obstat
1198 813 1547 874 terminum
1603 813 1948 875 creationis
1990 808 2266 872 identifi-

704 930 834 989 cari
879 928 1030 990 huic
1081 930 1519 992 determinato
1568 933 1728 1005 enti,
1764 931 1923 1009 quin
1971 946 2121 991 esse
2156 928 2265 990 de-

705 1048 1124 1107 terminatum
1159 1046 1363 1124 possit
1394 1046 1627 1125 attingi
1659 1063 1694 1107 a
1730 1062 1934 1109 causa
1967 1046 2261 1108 secunda

703 1160 1240 1237 independenter
1285 1178 1322 1221 a
1371 1165 1671 1224 materia.
1705 1162 1888 1224 Unde
1920 1165 2261 1239 responsio

706 1276 1001 1356 Cajetani
1069 1286 1447 1339 evacuatur.
1529 1281 1728 1341 Recte
1788 1296 1946 1357 ergo
2020 1279 2264 1358 colligit

377 1400 657 1510 aeggaffia-
710 1395 954 1455 Doctor
1016 1396 1332 1456 committi
1397 1396 1982 1474 aequivocationem
2037 1399 2101 1458 in
2162 1395 2257 1456 di·

707 1526 935 1572 scursu
969 1514 1040 1574 D.
1092 1513 1376 1588 Thomas,
1426 1513 1529 1574 vel
1578 1512 1839 1574 alteram
1891 1515 2254 1590 praemissa·

707 1644 853 1688 rum
898 1644 1045 1690 esse
1077 1627 1329 1691 salsam.

359 1333 479 1385 Com
488 1334 649 1385 mittit

482 1789 556 1839 12.
786 1745 870 1828 (c)
918 1752 1071 1809 leem
1108 1750 1524 1826 probationes
1567 1750 1747 1813 illius
1771 1753 2257 1828 propositionis,

405 1851 626 1980 Ρξὲξξξξ
707 1868 830 1925 etc.
894 1865 1004 1925 HIc
1059 1865 1271 1944 rejicit
1315 1868 1558 1928 Doctor
1613 1867 2030 1943 probationes
2088 1868 2258 1928 illius

438 1992 583 2029 0⁰0⁸·
706 1981 1193 2061 propositionis,
1235 1998 1479 2060 nempe
1522 2001 1653 2044 esse
1702 1984 2105 2059 simpliciter,
2171 1991 2258 2045 est

696 2100 1013 2175 proprius
1045 2097 1305 2170 effectus
1336 2100 1474 2169 Dei,
1511 2106 1634 2159 etc.
1671 2106 1904 2176 estque
1954 2098 2202 2176 duplex
2239 2120 2253 2160 :

706 2215 913 2276 Prima
973 2220 1096 2287 est,
1170 2214 1346 2292 quod
1403 2215 1679 2277 effectus
1750 2216 2257 2278 universaliores

708 2327 958 2391 debent
986 2330 1215 2390 reduci
1243 2333 1310 2392 in
1356 2347 1588 2391 causas
1618 2332 2122 2393 universaliores
2174 2333 2257 2394 ad

709 2461 907 2523 quam
967 2445 1351 2522 respondet,
1413 2445 1594 2524 quod
1670 2448 1736 2526 ly
1796 2449 2254 2519 universalior,

594 2641 601 2648 ι
703 2578 787 2623 ex
817 2567 1003 2638 parte
1035 2563 1379 2640 utriusque
1436 2563 1694 2624 termini
1727 2563 2003 2643 intelligi
2051 2565 2259 2642 possit

704 2680 1070 2758 dupliciter,
1156 2682 1263 2743 vel
1319 2681 1687 2744 secundum
1746 2684 2078 2758 virtutem,
2149 2683 2254 2744 vel

701 2793 1070 2857 secundum
1158 2795 1710 2873 praedicationem.
1803 2801 1864 2860 Si
1957 2803 2258 2859 sumatur

705 2910 1135 2984 uniformiter,
1185 2917 1257 2973 ut
1301 2915 1564 2991 ponitur
1593 2931 1674 2975 ex
1722 2921 1906 2992 parte
1937 2916 2254 2994 subjecti,

703 3036 770 3091 et
799 3035 871 3091 ut
915 3048 995 3092 ex
1027 3036 1211 3108 parte
1244 3031 1595 3108 praedicati,
1631 3031 1697 3094 id
1725 3037 1848 3105 est,
1883 3034 2255 3096 secundum

703 3146 1175 3225 perfectionem
1208 3154 1270 3209 et
1311 3148 1620 3209 virtutem
1677 3153 1950 3224 tanturn,
2003 3151 2109 3211 vel
2154 3166 2254 3212 se-

701 3274 991 3336 cundum
1031 3273 1561 3350 praedicationem
1618 3279 1890 3347 tantum,
1947 3277 2258 3338 concedit

701 3392 1045 3470 majorem,
1081 3391 1230 3469 quia
1282 3393 1690 3454 communior
1721 3391 1995 3453 effectus
2038 3399 2256 3468 potest

704 3508 929 3568 reduci
963 3506 1027 3568 in
1059 3523 1326 3568 causam
1359 3510 1566 3588 magis
1601 3524 2042 3580 communem,
2091 3526 2252 3586 per-

435 3620 644 3695 Cpusa·
700 3607 935 3668 fectior
984 3606 1260 3668 effectus
1318 3608 1382 3668 in
1442 3623 1705 3669 causam
1762 3609 1973 3688 magis
2031 3608 2247 3685 perfe-

353 3688 674 3813 Ρᾚῖἷυὲῗιηε
707 3734 895 3800 ctam,
941 3728 1122 3791 verbi
1167 3728 1401 3807 gratia,
1469 3744 1586 3789 ens
1638 3735 1974 3789 causatum
2024 3728 2251 3792 reduci

407 3825 625 3943 gssflfiffi
706 3849 923 3923 potest
995 3845 1060 3905 in
1133 3861 1251 3907 ens
1314 3844 1494 3924 quod
1567 3850 1664 3906 est
1724 3861 1942 3918 causa,
2018 3852 2251 3923 estque

399 3949 626 3998 effectus.
702 3977 1051 4023 commune
1110 3963 1247 4023 Deo
1308 3967 1373 4024 et
1430 3976 1648 4022 causae
1707 3962 2037 4034 secundae,
2099 3980 2249 4041 quae

700 4077 1003 4155 producit
1045 4093 1236 4138 suurn
1288 4078 1623 4152 effectum,
1687 4095 1818 4139 non
1868 4080 2082 4140 solum
2127 4080 2247 4141 sub

697 4196 949 4256 ratione
996 4194 1458 4266 determinata,
1510 4195 1630 4256 sed
1685 4196 1882 4256 etiam
1925 4196 2048 4258 sub
2093 4197 2249 4258 rati-

695 4327 824 4373 one
871 4314 1041 4374 entis
1075 4317 1140 4372 et
1191 4314 1388 4373 totius
1436 4314 1609 4391 quod
1662 4312 2040 4385 includitur,
2099 4315 2250 4392 quia

693 4428 954 4507 attingit
984 4427 1311 4507 quidquid
1342 4427 1698 4490 includitur
1728 4432 1792 4492 in
1823 4446 1943 4491 suo
1979 4431 2245 4502 effectu,

2383 477 2512 539 quo
2557 461 2911 542 perfectior
2972 469 3071 526 est
3135 480 3330 524 causa
3394 462 3629 525 saltem
3692 460 3892 538 princi-

2380 580 2542 656 palis
2575 579 2975 656 producenS‚
3007 587 3079 642 ut
3107 579 3536 641 excludamus
3568 578 3739 639 illam
3766 593 3893 639 con-

2380 697 2763 757 troversiam
2824 694 2907 758 de
2964 699 3202 758 virtute
3260 702 3328 758 et
3369 697 3699 757 activitate
3752 699 3890 757 acci-

2379 808 2593 873 dentis
2647 813 2714 872 in
2770 813 3224 886 substantiam,
3276 829 3419 891 quae
3459 813 3726 874 inferius
3784 818 3890 872 tra·

2378 932 2590 990 ctatur
2618 944 2736 991 suo
2783 930 2949 993 loco.

2459 1047 2560 1107 llis
2629 1046 3013 1122 suppositis,
3072 1046 3452 1123 respondet,
3514 1048 3570 1106 si
3626 1050 3894 1105 sumatur
3940 1047 4110 1112 Responsa

2377 1178 2459 1222 ex
2504 1170 2685 1242 parte
2722 1165 3029 1244 subjecti,
3081 1173 3145 1226 et
3189 1181 3269 1227 ex
3319 1168 3506 1242 parte
3560 1162 3890 1240 praedicati,
3920 1109 4115 1235 Ῐέᾞέ

2373 1281 2439 1360 ly
2484 1282 2939 1356 universalior,
3000 1288 3073 1342 ut
3127 1281 3397 1344 denotat
3440 1280 3890 1361 perfectionem
3958 1238 4095 1348 pann

2377 1414 2587 1458 causae
2643 1402 2709 1459 et
2753 1398 3050 1471 effectuS,
3113 1400 3434 1478 majorem
3478 1415 3628 1464 esse
3669 1414 3891 1472 veram,

2373 1518 2696 1576 minorem
2726 1533 2881 1577 vero
2932 1515 3182 1587 falsam,
3236 1517 3386 1593 quia
3440 1516 3889 1579 universalissi-

2372 1649 2517 1692 mus
2551 1631 2827 1693 effectus
2860 1636 2956 1691 est
2987 1629 3209 1708 quoad
3254 1629 3734 1708 perfectionem
3770 1646 3890 1690 cre÷

2373 1748 2543 1809 abile
2589 1746 3086 1820 nobilissimum,
3132 1762 3249 1807 ens
3293 1747 3527 1827 nequit
3572 1762 3717 1808 esse
3764 1762 3892 1824 per·

2374 1867 2608 1929 fectius
2663 1867 2944 1944 positive
2978 1869 2996 1945 (
3029 1867 3182 1928 licet
3222 1868 3632 1945 permissive,
3685 1866 3747 1927 id
3790 1872 3893 1939 est,

2370 1993 2441 2046 ut
2470 1985 2778 2061 superius
2822 1984 2907 2046 ad
2951 1986 3160 2045 Deum
3212 1988 3279 2044 et
3330 1992 3695 2047 creaturam
3738 1988 3892 2045 esset

2372 2099 2779 2182 perfectius)
2837 2117 3253 2183 quocumque
3326 2101 3587 2162 illorum
3664 2101 3724 2161 in
3781 2119 3891 2178 quo

2368 2218 2744 2279 includitur.
2800 2219 2863 2279 Si
2911 2178 3419 2278 veffi'suuiatur
3465 2199 3533 2295 ly
3584 2219 3885 2277 universa-

2370 2335 2520 2407 lior,
2571 2340 2702 2394 tam
2746 2351 2828 2395 ex
2874 2339 3049 2412 parte
3107 2347 3324 2395 causae
3378 2350 3579 2412 quam
3637 2332 3890 2394 effectus

2369 2452 2438 2510 in
2495 2450 2724 2529 majori
2798 2448 3203 2523 difformiter,
3276 2452 3361 2511 ita
3418 2456 3490 2512 ut
3575 2466 3655 2510 ex
3723 2455 3886 2527 parte

2371 2585 2583 2630 causae
2614 2568 2887 2629 denotet
2918 2567 3390 2646 perfectionem
3432 2566 3719 2640 essendi,
3765 2584 3882 2628 ina-

2361 2685 2472 2764 jor
2529 2690 2629 2747 est
2682 2683 2867 2757 falsa,
2915 2687 3067 2764 quia
3124 2686 3399 2748 effectus
3445 2686 3885 2747 universalissi-

2370 2818 2515 2862 mus
2558 2803 2620 2863 in
2664 2802 3162 2879 praedicatione,
3200 2808 3414 2878 potest
3454 2820 3605 2865 esse
3633 2820 3667 2864 3
3711 2819 3885 2873 causa

2367 2916 2775 2994 imperfecta,
2810 2921 2957 2996 quia
2992 2919 3279 2979 salvatur
3316 2920 3383 2980 in
3413 2922 3589 2980 omni
3642 2919 3882 2993 effectu,

2367 3033 2561 3095 etiam
2616 3034 3030 3111 imperfectO,
3077 3037 3187 3113 qui
3249 3036 3550 3113 procedit
3605 3054 3641 3098 a
3698 3039 3885 3098 causis

2366 3149 2779 3215 inferioribus
2823 3152 3193 3213 secundum
3223 3149 3713 3228 perfectionem.

2444 3263 2875 3339 Respondent
2914 3265 3286 3344 CajetanuS,
3342 3272 3405 3327 et
3454 3267 3880 3335 Ferrariensis,
4006 3282 4055 3328 ¹3.

2364 3379 2638 3458 intelligi
2730 3380 2794 3458 ly
2862 3379 3298 3442 universalior
3368 3380 3765 3455 difformiter,
3824 3388 3886 3443 ut
3932 3348 4107 3455 affige·

2365 3495 2635 3557 denotat
2668 3494 3133 3570 perfectionem
3168 3499 3233 3557 in
3266 3514 3485 3571 causa,
3544 3500 3884 3560 communi·
3929 3471 4104 3581 C}{⁶f'ss{‚¹¹’

2364 3616 2562 3673 tatem
2596 3611 3068 3689 praedjcationis
3100 3616 3162 3674 in
3198 3613 3481 3688 effectu;
3518 3615 3693 3677 unde
3723 3616 3879 3677 aliud
3930 3592 4110 3644 ΨΜ·

2365 3730 2465 3786 est
2510 3726 2811 3786 effectum
2878 3727 3316 3788 universalem
3374 3729 3438 3788 in
3496 3727 3882 3806 praedicando

2366 3859 2513 3904 esse
2548 3858 2666 3919 per
2708 3858 2781 3903 se
2832 3843 3040 3920 primo
3082 3862 3117 3903 a
3182 3861 3374 3906 causa
3437 3846 3779 3908 universali
3826 3846 3882 3905 in

2364 3959 2794 4037 perfectione,
2849 3960 3028 4022 aliud
3084 3977 3239 4022 vero
3274 3976 3419 4022 esse
3477 3963 3558 4022 ab
3620 3979 3696 4023 ea
3739 3963 3883 4022 sola.

2366 4076 2572 4136 Prima
2605 4080 2707 4135 est
2749 4091 2929 4148 vera,
2964 4079 3031 4135 et
3059 4076 3152 4135 sic
3184 4076 3564 4154 intelligitur
3612 4077 3878 4154 proposi·

2365 4196 2449 4254 tio
2482 4193 2555 4252 D.
2599 4192 2880 4262 Thomas,
2930 4190 3225 4253 secunda
3260 4191 3441 4263 falsa,
3497 4201 3688 4271 prout
3734 4194 3885 4253 male

2360 4307 2686 4369 intellexit
2715 4308 2967 4369 Scottis,
3001 4307 3198 4368 Addit
3249 4307 3693 4381 FerrariensiS,
3727 4314 3886 4385 quod

2365 4424 2643 4485 effectus
2673 4423 3261 4485 universalissimus
3325 4424 3707 4502 intelligitur
3748 4436 3880 4483 esse
