4255 6375
1349 420 1526 483 1315'1‘
1595 418 2229 494 v1.QUAES‘r10111.
2346 414 2350 418 ’

661 729 1301 797 COMMENTARIUS
1319 784 1332 794 .

308 938 399 1020 (a)
464 945 556 1001 De
624 944 813 1004 tertio
886 945 1177 1005 membro
1249 943 1612 1015 divisionis
1663 949 1791 1005 etc.

113 1064 169 1131 aio
225 1054 586 1119 Conclusio
620 1058 754 1119 haec
777 1064 878 1121 est
900 1058 1265 1121 communis
1296 1057 1516 1136 quoad
1547 1062 1796 1119 utrum-

113 1141 186 1238 {¹⁸
226 1188 361 1250 que
407 1175 805 1250 membrum,
879 1192 1159 1254 eamque
1208 1177 1524 1254 supponit
1554 1177 1797 1236 Doctor

113 1266 191 1363 ’ζῖἶζ
227 1306 309 1351 ex
338 1293 678 1354 sententia
709 1295 989 1367 AlensiS,
1038 1294 1112 1354 D.
1147 1295 1427 1365 Thomae,
1464 1294 1537 1354 D.
1574 1294 1792 1353 Bona-

113 1374 164 1489 a.
226 1412 557 1481 venturae,
616 1408 939 1472 Richardi.
998 1412 1154 1472 Eam
1188 1410 1382 1471 etiam
1430 1408 1629 1472 docet
1672 1411 1792 1471 So-

113 1502 177 1612 {g
231 1529 385 1597 tus;
468 1526 813 1587 videantur
882 1528 1041 1589 locis
1108 1526 1314 1588 citatis
1385 1527 1450 1589 in
1528 1495 1793 1587 scholiis

229 1642 590 1717 praemissis
663 1644 861 1723 hujus
938 1644 1329 1722 quoestionis.
1406 1646 1591 1705 Ratio
1664 1647 1789 1718 est,

229 1760 387 1837 quia
442 1760 603 1821 nihil
654 1758 871 1821 deficit
913 1758 997 1821 ad
1050 1760 1343 1821 valorem
1392 1758 1793 1821 sacramenti

225 1875 656 1953 requisitum,
709 1880 1025 1954 quantum
1054 1874 1136 1935 ad
1185 1877 1524 1937 materiam
1555 1880 1622 1935 et
1664 1872 1792 1934 for-

225 2010 434 2068 mam,
473 1994 626 2072 quia
656 1992 766 2054 illa
798 1993 1063 2054 variatio
1097 1992 1322 2054 formae
1354 1992 1436 2054 de
1473 1992 1793 2072 singulari

228 2111 294 2172 in
344 2110 633 2188 plurale,
683 2110 903 2189 quoad
950 2111 1336 2187 particulam
1389 2128 1521 2183 vos,
1574 2113 1790 2189 requi·

226 2226 392 2289 ritui·
425 2244 509 2289 ex
558 2233 741 2304 parte
786 2228 1275 2307 subjectorum;
1326 2234 1390 2289 et
1419 2228 1598 2289 idem
1640 2242 1792 2288 con-

232 2344 469 2423 tigisse
519 2346 582 2405 in
632 2341 807 2405 facto
865 2351 1252 2421 supponunt
1294 2346 1636 2417 DoctoreS,
1685 2362 1788 2406 as-

230 2466 543 2522 serentes
619 2461 966 2537 Apostolos
1044 2464 1138 2521 tot
1205 2459 1402 2522 millia
1477 2477 1612 2522 uno
1688 2460 1792 2524 die

235 2575 513 2638 tinxisse
561 2591 681 2652 per
731 2577 1209 2653 aspersionem,
1244 2576 1409 2639 etin
1461 2575 1791 2637 conversi-

235 2708 367 2755 one
419 2692 735 2754 indorum
788 2693 1316 2755 concurrentium
1368 2693 1452 2754 ad
1500 2692 1699 2755 fidem
1731 2694 1795 2755 in

113 2842 133 2873 e
236 2812 422 2870 tanta
489 2809 927 2881 multitudine,
989 2808 1234 2871 factum
1300 2825 1447 2871 esse
1516 2815 1792 2884 constat,

113 2887 189 2998 ,fiii
239 2941 530 3002 quorum
576 2927 976 3003 Baptismum
1008 2931 1220 2987 ratum
1251 2927 1451 2989 habet
1480 2928 1793 3003 Ecclesia,

113 3013 181 3062 ¹¹⁹¹·
240 3043 305 3099 et
385 3041 755 3101 necessitas
810 3056 893 3101 ex
952 3041 1285 3118 paucitate
1354 3042 1796 3103 mimstrorum

239 3154 649 3219 sufficienter
725 3156 1057 3238 qualificat
1136 3161 1357 3219 actum
1425 3161 1794 3238 respective

240 3271 324 3332 ad
382 3273 632 3353 legem,
696 3273 962 3353 quando
1039 3273 1225 3336 aliter
1289 3281 1583 3352 nequeat
1637 3274 1799 3352 ipsis

242 3389 576 3464 provideri
619 3407 701 3452 ex
760 3405 918 3452 casu
962 3397 1074 3451 aut
1147 3388 1415 3452 defectu
1466 3391 1798 3455 ministro-

240 3521 424 3580 rum;
488 3506 613 3568 hoc
674 3510 893 3569 tamen
964 3507 1375 3588 intelligitur,
1442 3511 1495 3570 si
1553 3514 1796 3572 caetera

241 3639 391 3701 quae
424 3623 512 3685 ad
554 3622 915 3686 doctrinam
956 3623 1243 3698 faciunt,
1293 3625 1793 3703 praemittantur,

243 3745 307 3799 et
350 3739 748 3818 inquantum
791 3738 931 3801 fieri
977 3746 1188 3818 potest
1233 3740 1486 3820 reliqua
1546 3759 1792 3820 praepa·

243 3859 480 3919 ratoria
533 3854 617 3916 ad
679 3857 1109 3935 Baptismum.
1171 3858 1233 3919 Si
1288 3863 1515 3919 autemw
1570 3861 1800 3936 nequit

242 3969 367 4033 hoc
423 3971 592 4045 fieri,
653 3972 888 4035 saltem
946 3974 1287 4034 instructio
1348 3981 1412 4036 et
1463 3973 1796 4052 dispositio

246 4091 618 4164 petentium
662 4091 1067 4168 Baptismum
1098 4092 1402 4168 praemitti
1450 4089 1671 4152 debet.
1705 4093 1798 4153 De

250 4210 483 4267 caetero
515 4223 647 4268 non
692 4205 846 4268 licet
885 4206 1110 4286 plures
1160 4212 1341 4268 extra
1396 4221 1623 4268 casum
1682 4223 1799 4268 ne·

250 4325 573 4385 cessitatis
603 4322 933 4400 baptizare
965 4323 1183 4395 simul,
1239 4327 1465 4385 contra
1515 4336 1800 4385 consue-

254 4439 550 4501 tudinem
638 4436 974 4511 Ecclesiae,
1072 4445 1138 4501 et
1208 4454 1354 4499 cum
1437 4435 1798 4500 mutatione

254 4556 452 4616 etiam
496 4554 741 4630 formae,
802 4570 1001 4634 quam
1059 4558 1322 4616 tenetur
1364 4570 1627 4616 servare
1675 4553 1794 4614 mi-

254 4670 457 4733 nister
506 4689 587 4733 ex
634 4687 811 4733 casu.
844 4671 1027 4734 avide
1075 4671 1430 4732 Doctorem
1484 4685 1681 4733 versu
1712 4671 1804 4729 An

258 4794 494 4863 autem,
546 4793 671 4850 etc.

113 4931 172 5008 snt
335 4904 442 4965 His
485 4903 862 4981 suppositiS,
912 4903 1140 4981 quaerit
1198 4919 1281 4963 an
1346 4906 1572 4964 essent
1616 4900 1803 4978 plura

113 5024 211 5139 ἐξ
262 5019 724 5082 Sacramenta?
796 5025 862 5083 et
943 5019 1311 5098 respondet
1395 5017 1537 5080 fore
1617 5018 1804 5095 plura

216 5129 677 5200 ‘Sacramenta
749 5153 831 5200 ex
896 5136 1432 5214 multiplicatione
1488 5133 1801 5207 materiae,

260 5267 498 5332 nempe
543 5253 914 5325 ablutioniS,
946 5257 1019 5314 ut
1048 5253 1362 5331 recipitur
1397 5250 1461 5314 in
1496 5249 1799 5330 subjecto

264 5383 454 5453 prout
511 5377 643 5442 dixi
697 5379 767 5439 in
842 5383 968 5439 art.
1031 5378 1116 5458 ,2.
1182 5377 1419 5454 ijus,·
1501 5374 1802 5455 intelligit

266 5494 479 5555 tamen
511 5494 592 5556 de
642 5493 979 5556 ablutione
1029 5493 1308 5569 passiva,
1339 5495 1412 5552 ut
1443 5498 1543 5554 est
1577 5509 1613 5553 a
1658 5507 1802 5568 pro-

265 5608 539 5690 ferente,
597 5620 672 5678 ut
726 5618 912 5693 patet
959 5619 1085 5676 art.
1120 5613 1178 5674 3.
1217 5617 1282 5674 et
1331 5628 1530 5691 supra
1559 5614 1703 5678 dist.
1737 5613 1797 5673 3.

3325 407 3445 471 557

1908 588 2126 655 quaest.
2165 582 2223 642 3.
2257 585 2454 657 prout
2484 580 2571 641 ihi
2616 584 2717 640 est
2758 577 3173 654 explicatum.
3230 574 3453 632 Forma

1908 699 2104 760 etiam
2155 696 2260 758 illa
2297 717 2310 756 z
2349 700 2610 774 Baptizo
2654 712 2798 767 vos,
2839 692 3255 772 aequivaleret
3303 689 3452 765 plu-

1902 814 2083 876 ribus
2161 812 2410 886 formis,
2473 812 2625 892 quia
2673 810 3047 875 extenditur
3104 806 3189 869 ad
3234 805 3456 868 omnia

1904 928 2259 1010 singularia
2309 933 2677 1009 germinata
2728 945 2849 1006 per
2901 940 3267 1004 pronomen
3317 924 3456 1001 plu-

1904 1045 2065 1118 rale,
2149 1063 2263 1123 pro
2338 1046 2577 1123 quibus
2652 1044 2921 1106 divisive
2986 1041 3319 1120 supponit,
3383 1043 3458 1100 ut

1903 1157 2147 1222 faciant
2194 1176 2573 1224 numerum.

1985 1273 2076 1355 (b)
2108 1280 2199 1337 De
2256 1283 2493 1353 quarto
2545 1277 2858 1350 membro,
2912 1279 3040 1338 etc.
3093 1271 3255 1335 Vide
3307 1275 3448 1332 tex·

1904 1398 2064 1466 tum,
2098 1395 2165 1455 in
2202 1412 2330 1473 quo
2382 1394 2645 1474 regulas
2704 1390 3126 1455 discernendi
3184 1389 3450 1451 diversi·

1908 1521 2105 1579 tatem
2163 1534 2590 1595 personarum
2647 1522 2713 1579 et
2751 1517 3115 1579 animarum
3159 1516 3224 1577 in
3262 1528 3448 1576 mon-

1904 1639 2058 1706 str0,
2102 1632 2411 1696 fundatas
2460 1635 2748 1707 exhibet,
2799 1641 2863 1697 et
2913 1633 3180 1695 modum
3229 1634 3447 1711 ipsum
3598 1642 3674 1692 De

1903 1749 2279 1826 baptizandi
2335 1752 2507 1816 licite
2566 1759 2631 1817 et
2691 1753 2905 1816 valide
2958 1753 3147 1832 juxta
3207 1750 3449 1813 doctri·
3509 1712 3765 1757 monstro.

1904 1884 2055 1929 nam
2107 1870 2170 1931 in
2221 1870 2623 1945 praecedenti
2685 1870 2982 1931 membro
3028 1866 3444 1946 praemissam.

1984 1983 2068 2065 (c)
2097 1989 2193 2048 Ad
2228 1991 2538 2063 prima-m.
2577 1986 2939 2063 Responsio
2974 1983 3060 2047 ad
3090 1997 3442 2063 argumen-

1906 2108 1964 2163 ta
1997 2107 2180 2179 patet
2211 2120 2290 2164 ex
2327 2107 2534 2176 textu,
2568 2108 2632 2164 et
2664 2119 2744 2164 ex
2781 2101 3074 2163 doctrina
3128 2099 3449 2179 praemissa

1903 2222 1969 2282 in
1994 2220 2186 2282 variis
2211 2222 2523 2283 membris
2552 2237 2675 2282 seu
2717 2220 3000 2281 articulis
3046 2217 3450 2298 quaestionis

2331 2496 2789 2577 QUJESTIO
2891 2497 3036 2566 ΙΙΙ.

1915 2776 2148 2840 Utrum
2196 2777 2588 2862 requiratur
2633 2777 2836 2841 simul
2872 2798 3007 2842 esse
3054 2775 3459 2841 ablutionem

2120 2903 2182 2957 et
2217 2893 2664 2978 prolationem
2698 2894 3042 2959 verborum
3074 2893 3106 2959 ,9

1913 3113 2169 3170 Richard.
2202 3117 2258 3170 d.
2291 3116 2349 3170 3.
2390 3121 2504 3170 art.
2538 3117 2592 3171 4.
2633 3132 2686 3183 q.
2713 3119 2770 3171 2.
2802 3114 2972 3187 Cajet.
3005 3121 3140 3170 tom.
3187 3115 3237 3172 1.
3271 3131 3454 3183 opusc.

1979 3194 2142 3242 tract.
2187 3186 2278 3242 26.
2328 3189 2451 3244 Soio
2485 3189 2538 3242 d.
2569 3189 2624 3243 3.
2655 3205 2705 3256 q.
2742 3204 2843 3243 un.
2893 3193 3008 3243 art.
3043 3185 3093 3243 8.
3123 3184 3334 3243 Ruhiou
3364 3183 3458 3241 hic

1980 3276 2034 3325 q.
2070 3260 2116 3314 1.
2143 3259 2340 3315 Bassol.
2373 3275 2426 3326 q.
2463 3261 2511 3314 1.
2544 3258 2706 3315 Gabr.
2737 3256 2829 3312 hic
2858 3277 2910 3326 q.
2941 3259 2988 3314 1.
3018 3265 3128 3312 art.
3155 3260 3207 3315 2.
3254 3258 3457 3313 Suarez

1979 3331 2029 3386 3.
2054 3346 2112 3399 p.
2144 3336 2273 3386 toni.
2302 3333 2352 3387 3.
2382 3333 2439 3386 d.
2471 3333 2523 3386 2.
2551 3335 2680 3384 sect.
2731 3330 2781 3384 3.
2826 3332 2993 3397 (μου.
3044 3346 3160 3399 cap.
3212 3329 3464 3397 Detrahe,

1981 3405 2030 3459 1.
2063 3418 2116 3470 q.
2153 3402 2462 3475 1.Vasquez
2520 3403 2572 3458 3.
2602 3417 2655 3470 p.
2682 3403 2736 3456 d.
2769 3404 2818 3458 1.
2858 3403 2978 3458 148.
3012 3418 3059 3459 c.
3090 3401 3142 3459 7.

1996 3614 2107 3686 Ad
2171 3613 2606 3686 secundum
2671 3612 2785 3685 sic
2839 3587 3331 3705 proceditur,
3377 3615 3456 3685 et
3612 3631 3660 3683 ι.

1908 3730 2292 3826 arguitur
2334 3730 2536 3823 quod
2579 3749 2739 3800 non
2793 3732 3172 3821 oporteat
3216 3728 3456 3801 simul
3531 3700 3745 3760 Argum·

1911 3868 2088 3919 esse
2164 3846 2663 3919 ablutionem
2748 3847 2826 3916 et
2908 3845 3456 3937 prolationem

1910 3964 2374 4046 verborum,
2460 3962 2648 4055 quia
2722 3962 3247 4037 Eucharistia
3335 3968 3461 4035 est

1911 4101 2157 4152 unum
2257 4083 2904 4161 Sacramentum,
3013 4084 3092 4153 et
3189 4085 3460 4154 tamen

1913 4198 2127 4272 inter
2185 4197 2431 4270 verba
2498 4196 3152 4270 consecrationis
3216 4217 3462 4290 super

1915 4335 2201 4408 panem
2298 4319 2378 4388 et
2464 4314 2709 4386 verba
2815 4314 3463 4387 consecrationis

1916 4453 2161 4523 super
2249 4431 2548 4512 vinum,
2632 4434 2756 4503 est
2849 4449 3145 4521 magna
3220 4430 3463 4504 inter-

1917 4550 2243 4643 positio,
2331 4548 2518 4641 quia
2561 4547 2659 4620 ab
2702 4546 2842 4619 illo
2899 4547 3078 4620 loco
3145 4572 3159 4615 :
3234 4551 3465 4618 Simili

1912 4666 2132 4749 mode,
2175 4684 2422 4756 usque
2458 4690 2472 4734 :
2514 4667 2634 4731 Hic
2663 4677 2756 4731 est
2789 4666 2996 4730 calioe.

2002 4782 2507 4873 Oppositum,
2617 4778 3109 4871 Augustinus
3216 4799 3463 4871 super
3575 4800 3726 4874 Ratio

1913 4901 2147 4970 Joan.
2211 4896 2489 4969 homil.
2564 4899 2672 4970 80.
2729 4900 2809 4969 et
2878 4900 2941 4969 1.
3035 4917 3105 4989 q.
3179 4900 3241 4969 1.
3316 4899 3463 4969 De·
3535 4872 3753 4930 ⁰⁹⁹⁰⁵¹⁸'

1911 5015 2151 5087 trahe
2218 5036 2231 5079 :
2279 5017 2549 5083 Accedit
2597 5016 2866 5082 ⁴turbam
2923 5016 3013 5082 ad
3043 5018 3458 5100 elementum,

1914 5144 1975 5198 et
2002 5135 2080 5215 fit
2115 5103 2649 5200 Sacramentum.

2482 5328 2898 5396 SCHOLIUM.

1987 5510 2250 5583 Requiri
2292 5515 2354 5568 et
2382 5509 2673 5568 sufficere
2712 5510 3087 5568 simultatem
3129 5511 3464 5569 humanam

1912 5626 2021 5668 seu
2082 5610 2408 5678 moralem,
2470 5611 2638 5666 inter
2693 5611 3021 5667 materiam
3080 5614 3140 5668 et
3196 5611 3459 5669 formam
