4255 6375
592 834 673 887 16.

489 3237 765 3289 Praesumit

508 3300 733 3352 Ecclesia

490 3363 555 3414 de
592 3364 762 3414 valore

494 3426 760 3498 Baptismi.

494 3488 595 3538 nisi
623 3487 761 3539 aliud

494 3558 751 3617 appareat.

488 4684 760 4738 Zacharias

549 4750 691 4815 Papa
702 4788 713 4801 .

812 421 933 484 574

814 601 1005 649 versa
1052 586 1139 649 ab
1185 587 1349 660 aliis,
1399 591 1470 649 et
1514 592 1590 649 ut
1632 588 1774 666 ipsa
1824 589 2165 666 copulatur
2215 605 2362 650 cum

814 718 936 766 suo
969 708 1144 775 actu,
1177 720 1299 765 seu
1341 708 1526 766 actus
1558 721 1706 767 cum
1736 706 1901 782 ipsa.

899 820 1039 882 Haec
1084 824 1310 881 autem
1363 821 1638 883 intentio
1690 825 1924 901 nequit
1980 821 2364 896 subsistere,

815 936 939 997 nisi
968 936 1289 998 motivum
1338 938 1484 1018 ejus
1528 938 1747 1017 aliquo
1794 940 1993 1001 modo
2026 939 2364 1013 subsistat,

816 1054 997 1133 quod
1044 1059 1147 1117 est
1204 1054 1631 1118 ministerium
1693 1058 1984 1132 Sacrum,
2050 1064 2163 1119 aut
2208 1072 2362 1120 con-

812 1171 986 1247 fuse,
1032 1181 1145 1236 aut
1178 1175 1500 1253 explicata
1531 1177 1841 1239 volitione
1884 1178 2102 1256 aliquo
2138 1177 2364 1249 modo,

812 1295 880 1351 et
908 1291 1035 1353 hoc
1077 1307 1160 1352 ex
1206 1293 1617 1355 institutione
1660 1293 1914 1369 Christi,
1961 1309 2094 1356 non
2153 1294 2369 1356 solum

813 1422 959 1485 quae
1023 1408 1291 1485 respicit
1362 1426 1470 1471 res
1515 1416 1580 1471 et
1620 1412 1844 1485 verba,
1912 1411 2063 1490 quia
2132 1410 2369 1473 horum

810 1524 1127 1589 institutio
1159 1528 1262 1587 est
1289 1525 1754 1603 independens
1799 1544 1835 1588 a
1885 1528 2207 1601 ministr0,
2259 1532 2371 1588 aut

812 1642 959 1721 ejus
986 1643 1348 1718 voluntate,
1384 1643 1503 1704 sed
1537 1660 1614 1705 ex
1643 1645 2048 1708 institutione
2073 1645 2365 1724 speciali,

815 1775 943 1838 qua
1004 1757 1189 1822 dedit
1231 1765 1629 1837 potestatem
1687 1760 2073 1823 conficiendi
2137 1762 2369 1823 Sacra-

814 1878 1022 1940 menti
1065 1878 1188 1955 ipsi
1237 1879 1528 1941 ministro
1560 1897 1691 1959 prae
1730 1881 1889 1943 aliis.
1937 1882 2014 1941 Et
2063 1879 2359 1959 quamvis

812 1995 957 2057 haec
986 1996 1072 2056 sit
1112 1996 1497 2069 communis,
1559 1996 1781 2077 quoad
1838 1999 2244 2074 Baptismum
2301 1996 2366 2057 in

806 2112 1125 2175 'omnibus
1152 2112 1509 2175 viatoribus
1550 2114 1897 2191 capacibus
1940 2114 2258 2175 libertatis
2302 2117 2368 2173 et

814 2228 1248 2303 discretionis,
1314 2235 1533 2330 tamen
1581 2247 1714 2293 non
1764 2231 1915 2293 ideo
1962 2232 2365 2310 praerequiri-

817 2347 1011 2408 turin
1044 2347 1201 2422 ipsis
1244 2346 1513 2409 libertas
1542 2347 1626 2408 ad
1666 2350 1791 2409 hoc
1842 2353 1915 2409 ut
1960 2354 2145 2410 actus
2189 2348 2367 2411 dica-

813 2468 916 2525 tur
956 2465 1128 2526 liber
1174 2465 1446 2545 physice
1498 2467 1790 2542 praecise,
1843 2467 1994 2544 quia
2026 2468 2146 2528 hac
2178 2466 2370 2529 liber-

812 2585 946 2643 tate
1028 2587 1249 2659 potest
1319 2583 1487 2654 elici,
1562 2584 1810 2664 absque
1882 2602 1961 2646 eo
2034 2584 2215 2664 quod
2268 2588 2371 2647 sit

812 2702 1328 2772 sacramentalis
1390 2700 1513 2763 sed
1555 2705 1629 2763 ut
1679 2704 1977 2765 minister
2035 2701 2370 2764 institutus

815 2818 1143 2895 concipiat
1191 2818 1630 2880 intentionem
1680 2835 1802 2896 per
1849 2834 1920 2879 se
1981 2817 2366 2896 requisitam

813 2932 900 2995 ad
940 2934 1400 3009 ministerium,
1452 2937 1519 2995 in
1565 2952 1695 3014 quo
1746 2934 1901 3014 agit,
1953 2941 2022 2996 ut
2075 2935 2370 2997 minister

814 3051 1157 3131 subjectus
1188 3068 1398 3113 causae
1427 3052 1791 3129 principali.

897 3166 1086 3243 Quod
1116 3172 1299 3245 patet
1328 3184 1411 3230 ex
1442 3168 1773 3231 communi
1796 3183 2122 3231 consensu
2152 3168 2368 3231 Eccle-

815 3284 948 3358 siae,
1022 3300 1166 3363 quae
1235 3285 1568 3363 praesumit
1640 3285 1723 3347 de
1793 3286 1918 3347 hac
2000 3286 2367 3349 intentione

808 3403 1090 3468 ministri
1138 3406 1455 3484 requisita
1501 3420 1582 3465 eo
1630 3404 1796 3483 ipsc,
1852 3405 2034 3485 quod
2088 3406 2247 3467 nihil
2308 3405 2368 3467 ei

818 3518 1151 3599 derogans
1195 3520 1485 3582 exterius
1515 3524 1815 3599 apparet,
1851 3519 2031 3600 quod
2074 3520 2127 3582 si
2166 3537 2366 3599 appa-

814 3639 980 3705 reat,
1024 3639 1139 3697 aut
1182 3633 1267 3697 de
1311 3634 1580 3700 defectu
1633 3636 2013 3700 intentionis
2062 3641 2359 3710 constet;

812 3754 1109 3831 quamvis
1170 3753 1369 3816 etiam
1421 3757 1683 3816 constet
1725 3761 1909 3817 actus
1955 3753 2100 3816 illos
2158 3754 2365 3816 libere

808 3866 1013 3932 fuisse
1046 3869 1320 3945 elicitos,
1355 3884 1596 3949 nempe
1636 3870 1987 3933 ablutionis
2040 3875 2106 3933 et
2145 3871 2360 3949 prola-

810 3986 1027 4062 tionis,
1101 3987 1396 4049 Ecclesia
1455 3988 1791 4068 judicaret
1862 3990 2366 4049 Sacramentum

809 4118 960 4165 esse
1002 4102 1277 4177 nullum,
1330 4118 1465 4166 non
1515 4119 1599 4166 ex
1648 4102 1915 4166 defectu
1962 4102 2218 4177 formae,
2251 4108 2366 4166 aut

804 4220 1094 4282 materiae
1130 4220 1480 4299 requisitae,
1542 4218 1665 4282 sed
1715 4236 1798 4281 ex
1850 4218 2116 4281 defectu
2146 4221 2366 4282 inten-

809 4337 1003 4399 tionis
1032 4338 1455 4399 necessariae.
1507 4339 1586 4399 Et
1630 4337 1754 4398 hoc
1802 4337 2001 4399 modo
2040 4337 2359 4415 interpre-

809 4458 1033 4516 tantur
1079 4455 1305 4533 plures
1344 4455 1664 4516 Doctores
1692 4454 2202 4532 responsionem
2244 4456 2361 4513 Za-

814 4569 1046 4631 chariae
1112 4569 1300 4646 Papae
1372 4551 1538 4631 circa
1605 4568 2009 4647 Baptismum
2055 4568 2367 4630 collatum

817 4703 966 4748 cum
994 4684 1103 4748 illa
1135 4684 1347 4748 forma
1383 4705 1398 4747 t
1435 4689 1504 4746 In
1531 4687 1792 4748 nomine
1818 4687 2048 4746 Patria
2078 4690 2136 4745 et
2175 4685 2365 4758 Filia,

812 4807 941 4866 etc.
1029 4801 1231 4865 fuisse
1311 4802 1624 4875 validum,
1697 4803 1751 4863 si
1815 4801 2023 4865 defuit
2088 4801 2366 4864 intentio

805 4919 1169 4981 inducendi
1201 4920 1457 4981 erroris,
1502 4918 1575 4980 Et
1618 4917 1939 4996 quidquid
1985 4919 2067 4979 sit
2099 4916 2183 4980 de
2211 4918 2363 4991 hoc,

806 5036 1139 5115 Baptisma
1198 5036 1506 5099 collatum
1565 5034 1648 5097 ab
1721 5034 2074 5098 Athanasio
2151 5034 2369 5098 adhuc

809 5168 1043 5230 puer0,
1090 5157 1155 5214 et
1208 5156 1426 5214 ratum
1463 5152 1530 5214 in
1559 5151 1849 5214 Ecclesia
1899 5150 2362 5227 Alexandrina,

807 5272 1162 5347 antequam
1210 5267 1438 5330 datum
1483 5266 1606 5330 fuit
1654 5284 1771 5346 pro
1816 5273 1985 5342 rat0,
2038 5270 2368 5330 examina-

808 5387 950 5446 tum
1022 5388 1122 5446 est
1193 5383 1276 5445 de
1347 5384 1716 5445 intentione
1788 5401 1919 5446 non
1983 5385 2371 5463 simpliciter

806 5499 1038 5574 libera,
1088 5500 1242 5579 quia
1301 5498 1387 5562 de
1441 5500 1567 5562 hac
1613 5504 1720 5562 vix
1772 5499 2057 5562 dubitari
2114 5505 2364 5577 posset,

809 5617 935 5683 sed
963 5619 1049 5681 de
1078 5617 1447 5682 intentione
1490 5619 1687 5693 seria,
1734 5621 1803 5680 et
1847 5633 1929 5683 ex
1964 5615 2097 5680 fine
2139 5616 2366 5682 confe-

1871 425 2018 488 [ΑΒ.
2075 426 2180 491 tv.
2212 426 2816 494 sEmNTtARUM

2476 587 2667 651 rendi
2722 590 3145 666 sacramenti,
3219 597 3568 670 concepta.
3627 593 3759 653 Non
3808 592 3952 654 video

2476 722 2637 785 ergo
2695 708 2762 769 in
2803 707 2929 769 hoc
2987 708 3426 771 differentiam
3454 709 3738 787 aliquam
3770 708 3956 771 notabi-

2475 823 2604 885 lem
2660 824 2836 885 inter
2893 825 3234 900 Doctores,
3267 825 3396 886 nisi
3447 828 3695 885 tantum
3744 821 3882 885 forte
3914 826 3956 887 in

2476 939 2694 1001 verbis
2754 944 2822 1001 et
2889 938 3104 1002 modis
3157 939 3536 1019 explicandi
3605 941 3960 1003 intentionem

2476 1054 2862 1133 requisitam
2932 1057 2999 1118 in
3053 1058 3394 1133 ministro;
3455 1056 3525 1118 id
3597 1032 3962 1120 concesserim'

2481 1168 2896 1232 Catharlnum
2964 1170 3133 1236 forte
3188 1172 3567 1236 inconsulte
3640 1171 3721 1233 ad
3782 1174 3963 1249 proba·

2481 1286 2731 1349 tionem
2773 1302 2907 1348 suae
2952 1288 3295 1351 sententia
3334 1289 3760 1365 processisse,
3790 1296 3961 1365 quate·

2480 1418 2606 1464 nus
2654 1404 2904 1480 putavit
2949 1403 3200 1482 aliquid
3247 1404 3651 1481 particulare
3676 1406 3739 1465 in
3766 1420 3835 1466 ea
3857 1420 3964 1466 eon·

2483 1522 2696 1595 tineri,
2781 1522 3113 1585 diversum
3182 1541 3218 1584 a
3293 1524 3634 1586 communi
3711 1526 3964 1585 sententia

2478 1639 2742 1701 scholae.

2559 1769 2842 1850 Objicies
2872 1776 3080 1849 primo
3111 1771 3288 1833 illam
3317 1772 3664 1852 vulgarem
3706 1772 3966 1834 historiam
4047 1799 4080 1846 r,

2477 1888 2805 1950 Athanasii
2876 1886 3095 1952 adhuc
3165 1890 3377 1966 pueri,
3453 1889 3832 1968 baptizantis
3883 1906 3968 1966 per
4009 1934 4046 1979 5,

2470 2004 2721 2085 jocum,
2799 2021 2998 2083 quam
3058 1984 3327 2068 tradidit
3404 2004 3709 2068 Ruffinus
3781 2004 3874 2066 lib.
3929 2007 4082 2095 1.,

2477 2120 2779 2193 historin,
2838 2137 2982 2197 cap.
3038 2122 3133 2183 14.
3181 2121 3598 2200 Nicephorus
3626 2122 3739 2181 lib.
3783 2122 3834 2182 8.
3867 2138 3966 2195 cap.
4069 2105 4074 2108 ’

2477 2234 2580 2298 44.
2628 2239 2695 2297 et
2740 2236 3041 2299 similiter
3096 2237 3290 2299 aliam
3358 2238 3647 2300 similem
3699 2237 3776 2298 de
3819 2254 3967 2313 puero

2476 2353 2698 2416 Judaeo
2728 2353 3055 2431 baptizato
3088 2354 3169 2417 ab
3201 2354 3341 2416 aliis
3389 2357 3619 2432 pueris
3668 2371 3782 2432 per
3812 2353 3970 2413 lusum

2479 2463 2703 2539 refert,
2735 2466 2850 2527 lib.
2884 2467 2945 2527 3.
2990 2465 3245 2539 ultimo,
3280 2468 3393 2545 qui
3437 2468 3806 2543 Baptismus
3834 2481 3967 2526 rece·
4057 2536 4060 2541 5

2479 2590 2631 2660 ptus
2686 2590 2786 2645 est
2832 2583 2901 2644 in
2954 2582 3242 2645 Ecclesia
3287 2582 3966 2663 Constantinopolitana‚
4023 2594 4082 2646 ln

2481 2705 2547 2761 et
2591 2698 2914 2777 suppletae
2973 2703 3225 2761 tantum
3274 2701 3714 2772 caeremoniae,
3755 2703 3816 2759 et
3856 2678 4052 2786 ritusgffl,
4087 2718 4096 2725 ·

2479 2816 2816 2879 solemnis.
2861 2815 3347 2894 Respondetur,
3396 2818 3453 2879 si
3493 2816 3696 2895 jocus
3739 2815 3814 2876 sit
3853 2789 4086 2898 ιείἰεζξ

2476 2937 2551 2995 ιιι
2593 2935 2676 2996 sit
2730 2949 2908 2996 mera
2954 2932 3280 2996 simulatio
3325 2933 3693 2995 excludens
3746 2935 3968 2995 animum

2480 3050 2838 3112 exercendi
2867 3053 3056 3113 actus
3083 3051 3279 3124 serio,
3312 3055 3382 3113 et
3409 3054 3615 3130 prout
3651 3050 3903 3129 exigitur
3916 3046 3971 3105 ad

2479 3167 2910 3230 substantiam
2943 3168 3107 3246 ejus,
3138 3169 3231 3230 sic
3265 3168 3628 3231 excludere
3669 3165 3970 3248 requisitam

2479 3285 2960 3359 intentionem;
3013 3288 3069 3349 si
3123 3301 3282 3347 vero
3343 3285 3546 3365 jocus
3613 3287 3697 3347 sit
3743 3283 3884 3354 talis,
3927 3284 3973 3339 ut

2483 3417 2616 3463 non
2675 3399 2988 3463 excludat
3056 3401 3468 3464 voluntatem
3523 3416 3647 3479 per
3697 3416 3767 3462 se
3806 3395 3969 3474 requi-

2480 3517 2667 3579 sitam
2723 3516 2810 3580 ad
2867 3521 3109 3590 actum,
3171 3520 3478 3598 quamvis
3519 3519 3792 3582 ulterius
3831 3517 3967 3578 etiam

2476 3633 2865 3697 intendatur
2910 3635 3288 3709 oblectati0,
3337 3636 3500 3698 nihil
3559 3636 3864 3716 derogare
3891 3634 3966 3692 Sa-

2481 3756 2840 3823 cramento,
2928 3756 3250 3831 quantum
3331 3751 3417 3813 ad
3505 3753 3792 3814 valorem
3849 3749 3965 3829 ejus.

2483 3867 2693 3946 Hujus
2746 3867 3014 3947 generis
3066 3864 3192 3928 fuit
3235 3867 3435 3946 jocus
3507 3867 3619 3928 ille
3687 3877 3967 3945 puerorum

2477 3983 2971 4060 baptizantium,
3003 3983 3153 4045 ideo
3204 3984 3582 4061 Baptismus
3610 3986 3693 4046 ab
3724 3987 3808 4046 eis
3832 3981 3962 4043 datus

2474 4116 2592 4176 pro
2638 4104 2778 4161 rato
2828 4105 2895 4162 et
2936 4099 3150 4162 valido
3198 4098 3321 4161 fuit
3346 4107 3684 4180 receptus.

2566 4215 2850 4303 Objicies
2917 4216 3227 4295 secundo,
3300 4218 3836 4305 chrysostomum
3883 4215 3960 4278 ho·
3996 4209 4092 4323 Ἓξ,

2478 4332 2674 4397 milia
2715 4334 2823 4398 85.
2872 4331 2939 4398 in
2986 4335 3345 4399 Ioannem:
3391 4335 3741 4413 Sacerdos,
3784 4331 3954 4419 inquit,
3990 4333 4090 4390 m

2482 4450 2783 4534 linquam
2859 4459 2921 4514 et
2969 4469 3206 4516 manus
3238 4450 3510 4536 praebet,
3584 4471 3786 4538 neque
3837 4447 3956 4513 enim

2469 4565 2729 4651 justum
2773 4575 2871 4630 est
2902 4576 3182 4652 propter
3230 4567 3517 4632 alterius
3573 4566 3874 4633 malitiam
3901 4559 3956 4625 ad

2478 4681 2720 4746 salutis
2779 4673 3024 4747 nostra³
3101 4682 3418 4767 Symbola
3464 4683 3607 4765 fide
3662 4681 3956 4748 accedentes

2480 4794 2760 4879 offendi,
2843 4808 2975 4862 etc.
3057 4817 3216 4883 ergo
3286 4809 3529 4884 praeter
3604 4797 3955 4864 intentionem

2480 4908 2784 4976 abluendi
2824 4921 2890 4976 et
2928 4912 3301 4998 proferendi
3350 4915 3579 4995 verba,
3645 4936 3764 4981 non
3798 4908 3953 4997 requi·

2482 5025 2648 5091 ritur
2687 5025 2835 5105 alia,
2891 5047 3040 5113 quae
3089 5029 3176 5094 sit
3213 5029 3282 5095 in
3322 5030 3652 5110 ministro,
3694 5030 3832 5098 alias
3869 5042 3951 5092 non

2481 5141 2691 5208 solum
2746 5162 2982 5210 manus
3021 5155 3085 5209 et
3127 5146 3329 5212 verba
3377 5145 3647 5214 offerret
3690 5141 3949 5214 Sacerdos.

2479 5263 2642 5325 Item
2710 5262 3124 5348 Augustinus
3186 5263 3298 5329 lib.
3375 5266 3438 5331 7.
3513 5266 3599 5332 de
3665 5264 4092 5350 Bapuzemlffl

2480 5397 2626 5462 cap.
2696 5380 2804 5444 53.
2863 5388 2927 5442 et
2992 5378 3270 5445 habetur
3326 5378 3394 5446 in
3454 5380 3770 5469 capitulo:
3823 5373 3945 5441 Solet

2481 5493 2683 5558 etiam
2755 5497 2989 5579 quau-i,
3048 5496 3130 5561 de
3192 5502 3702 5576 consecratione,
3760 5496 3862 5561 dist
3897 5493 3939 5551 4.

2481 5609 2595 5678 ubi
2670 5611 2907 5680 asserit
2973 5612 3033 5680 si
3098 5612 3272 5681 absit
3335 5613 3670 5687 simulatio
3701 5633 3772 5682 ex
3819 5615 3942 5696 parte

4009 2982 4086 3019 m
