4255 6375
1508 448 1719 511 DIST.
1768 451 1813 512 1.
1862 448 2225 525 QUAES'rlo
2284 449 2358 514 11.

46 608 535 715 {ingen-gratiae
565 607 784 675 stabili
815 607 963 695 lege
1036 628 1459 697 permanens;
1493 619 1561 675 et
1591 609 1737 675 haec
1779 628 1873 676 re·

46 732 96 776 et
121 743 276 841 ,leste
309 722 598 808 sponsio
629 736 729 790 est
758 728 831 793 D.
868 726 1133 791 Thomae
1165 727 1240 791 in
1275 731 1335 792 t.
1362 724 1516 790 dist.
1551 729 1655 791 17.
1693 726 1756 789 2.
1796 747 1866 811 p.

46 794 204 840 ame*
308 853 552 926 qtucst.
606 846 686 907 15
724 852 857 908 art.
896 845 960 907 3.
996 841 1086 907 ad
1126 845 1188 907 3.
1229 856 1546 927 quantum
1580 839 1658 907 ad
1690 840 1866 906 illam

307 955 810 1024 distinctionem
905 957 1295 1024 sacramenti
1372 957 1453 1024 ab
1517 956 1645 1023 alio
1676 956 1869 1042 signo

305 1072 618 1139 sensibili
672 1071 841 1160 quod
875 1093 991 1159 pro
1023 1084 1316 1159 tempore
1357 1084 1604 1138 tantum
1638 1070 1865 1151 durat;

304 1191 531 1275 potuit
573 1210 730 1275 ergo
765 1189 1070 1255 Christus
1111 1200 1433 1276 potestate
1465 1188 1874 1256 excellentiae

303 1306 447 1373 illis
488 1308 710 1374 verbis
762 1308 1064 1373 conferre
1094 1307 1376 1393 gratiam
1410 1304 1814 1392 magdalenae
1847 1329 1862 1385 ς

297 1424 529 1508 potuit
563 1423 759 1487 etiam
797 1422 1012 1501 aliter,
1042 1422 1132 1487 ita
1158 1434 1228 1487 ut
1259 1422 1457 1487 verba
1482 1441 1609 1486 non
1648 1433 1873 1488 essent

300 1537 508 1625 signa
543 1541 848 1627 practica,
894 1538 1006 1606 sed
1066 1538 1584 1605 demonstrativa
1641 1538 1873 1625 gratiae

304 1681 431 1746 per
495 1657 950 1746 poenitentiam
1018 1670 1082 1722 et
1163 1676 1452 1721 amorem
1517 1654 1872 1742 perfectum

304 1787 632 1854 causatae,
679 1774 768 1840 ita
801 1788 872 1841 ut
905 1772 1351 1840 necessarium
1387 1791 1516 1836 non
1549 1771 1747 1838 suerit
1780 1770 1872 1837 uti

308 1889 450 1955 alio
512 1889 726 1955 medio
758 1886 1279 1954 extraordinario
1333 1905 1528 1972 quam
1589 1883 1736 1949 fidei
1816 1896 1879 1950 et

313 2004 899 2092 poenitentiae‚quo
934 2002 1221 2069 indicant
1245 2003 1384 2068 illa:
1425 2002 1704 2067 dimissa
1724 2011 1877 2065 sunt

323 2125 392 2187 ei
430 2133 711 2208 peccata
767 2122 1002 2200 multa,
1040 2122 1352 2208 qvoniam
1414 2119 1658 2185 dilexit
1716 2118 1878 2182 mul-

324 2252 499 2319 tum,
538 2251 664 2305 etc.
729 2236 901 2305 unde
959 2238 1314 2323 Gregorius
1374 2234 1599 2300 homil.
1652 2237 1762 2300 25.
1814 2233 1877 2296 in

321 2355 715 2444 Evangelia,
779 2356 900 2424 ait:
946 2355 1251 2422 Amando
1312 2356 1657 2419 veritatem
1715 2352 1878 2416 lavit

332 2478 667 2563 lacrymis
713 2474 1012 2541 maculas
1051 2471 1384 2551 criminis,
1430 2481 1489 2535 et
1538 2490 1668 2535 vom
1707 2468 1876 2533 ueri-

315 2595 485 2661 tatis
540 2593 860 2681 impletur
890 2617 917 2673 ,·
958 2590 1236 2655 dimissa
1282 2598 1437 2652 sunt
1504 2588 1566 2652 ei
1613 2597 1881 2672 peccata

308 2713 557 2790 multa,
634 2711 794 2797 quia
833 2707 1080 2773 dilexit
1127 2706 1434 2782 multum,
1481 2714 1604 2769 etc.
1667 2706 1880 2788 Negat

307 2849 474 2916 ergo
507 2829 723 2892 Canus
778 2845 893 2911 per
947 2822 1056 2888 illa
1116 2821 1317 2886 verba
1368 2818 1575 2886 fuisse
1635 2817 1879 2903 aliquid

310 2955 659 3011 causatum
698 2964 712 3020 ;
773 2943 970 3007 Sotus
1011 2958 1167 3003 vero
1233 2935 1390 3001 dicit.
1429 2932 1600 3021 quod
1634 2934 1881 3000 fuerint

311 3062 512 3148 signa
590 3057 846 3145 gratiae,
895 3075 1023 3121 non
1058 3074 1140 3120 ex
1197 3052 1539 3136 institut0,
1617 3049 1731 3116 sed
1796 3071 1874 3115 ex

316 3190 584 3245 natura.

102 3307 177 3358 24.
409 3293 509 3361 Ad
587 3291 976 3369 secundum,
1022 3286 1434 3356 admittimus
1474 3286 1667 3353 etiam
1726 3306 1877 3353 cum

47 3370 274 3482 feeu‘ixiiium
316 3412 724 3481 Nazianzeno
753 3418 924 3475 orat.
960 3410 1069 3472 44.
1126 3406 1495 3492 Augustino
1527 3413 1717 3469 tract.
1768 3407 1875 3470 74.

46 3510 291 3610 ῑξξῑζῖῗρῃ
324 3533 401 3596 in
452 3530 807 3612 Ioannem,
839 3525 1061 3591 datum
1096 3523 1301 3590 fuisse
1360 3520 1676 3608 Spiritum
1736 3540 1878 3586 san·

46 3623 280 3744 ἓζξζρξζῗ·
325 3659 506 3714 ctum
543 3641 869 3732 Apostolis
909 3662 985 3707 eo
1025 3651 1341 3724 tempore,
1387 3637 1554 3704 sicut
1585 3637 1775 3702 etiam
1810 3636 1876 3701 in

46 3747 304 3873 {Qsssse'
327 3765 438 3830 die
471 3767 908 3837 PentecosteS,
983 3769 1054 3823 ut
1092 3775 1322 3823 omnes
1363 3758 1585 3820 Patres
1616 3752 1872 3830 docent;

46 3870 302 3984 ζζξῑζξῇξῂ
328 3882 841 3968 chrysostomus
879 3877 1053 3942 hom.
1117 3876 1225 3939 24.
1262 3874 1336 3937 in
1401 3873 1542 3937 Act.
1597 3869 1877 3957 Cyrillus

47 3969 277 4074 „nimus
337 3996 972 4084 Hierosolymitanus
1008 3991 1341 4057 CatecheS.
1384 3993 1487 4056 17.
1537 3988 1876 4054 Nazianze-

46 4059 311 4123 minata.
334 4138 462 4185 nus
493 4117 633 4182 loco
664 4115 885 4189 citata,
931 4106 1338 4193 Augustinus
1376 4126 1570 4170 serm.
1612 4107 1760 4169 185.
1798 4104 1881 4169 de

328 4244 646 4318 tempore,
711 4228 1149 4313 Hieronymus
1199 4222 1480 4310 epistola
1518 4221 1607 4287 ad
1645 4221 1874 4287 Hibdi-

327 4349 560 4428 biana,
621 4343 905 4431 Cyrillus
965 4338 1458 4409 Alexandrinus
1519 4337 1630 4403 lib.
1692 4340 1755 4404 9.
1804 4338 1875 4402 in

321 4466 522 4531 Ιοαη.
559 4473 623 4528 et
651 4459 785 4527 alii.
815 4456 1139 4534 >Quoniam
1183 4465 1398 4520 autem
1433 4452 1659 4519 missio
1716 4451 1873 4518 visi-

327 4579 483 4646 bilis
541 4576 829 4664 Spiritus
905 4573 1111 4640 sancti
1147 4571 1214 4636 in
1285 4570 1476 4656 signo
1550 4568 1867 4648 sensibili,

334 4695 729 4785 quandoque
787 4688 1112 4776 significat
1162 4685 1439 4774 gratiam
1492 4684 1558 4750 in
1592 4683 1754 4764 fieri,
1807 4694 1877 4749 ut

328 4810 609 4898 contigit
633 4809 699 4875 in
730 4804 1084 4894 ApostoliS,
1120 4800 1466 4890 aliquando
1489 4801 1555 4865 in
1588 4799 1776 4878 lactc,
1805 4812 1877 4867 ut

329 4926 593 5015 quando
631 4920 967 4991 descendit
1013 4939 1210 5005 super
1247 4916 1571 4985 Christum
1624 4915 1691 4981 in
1739 4919 1875 4981 Jor-

329 5044 521 5121 dane,
552 5041 871 5106 incertum
896 5046 993 5103 est
1019 5047 1230 5103 utrum
1257 5035 1401 5102 haec
1421 5033 1608 5120 signa
1635 5031 1877 5097 fuerint

331 5157 638 5245 practica,
692 5175 773 5221 an
804 5173 962 5220 vero
994 5150 1344 5217 indicantia
1376 5160 1652 5227 tantum,
1707 5146 1876 5234 quod

327 5274 605 5342 interius
639 5292 753 5358 per
782 5269 1056 5357 gratiam
1089 5267 1486 5333 habitantem
1519 5277 1617 5332 est
1646 5285 1878 5351 opera-

331 5406 497 5460 tum.
551 5387 787 5454 Verius
827 5384 1039 5452 sentio
1072 5383 1279 5451 fuisse
1327 5381 1520 5448 etiam
1572 5381 1873 5470 practica,

325 5512 519 5599 juxta
561 5503 1022 5594 proprietatem
1081 5501 1476 5568 verborum:
1564 5500 1683 5564 Vos
1754 5520 1879 5564 au-

334 5641 464 5698 tem
507 5622 1016 5715 baptizabimini
1088 5621 1353 5709 Spiritu
1419 5629 1670 5701 sancta,
1746 5638 1882 5685 non

46 2222 228 2321 &5352

57 2338 216 2384 butus.

3428 460 3540 559 lli)

1979 622 2131 696 post
2162 613 2403 679 multos
2441 616 2559 681 hos
2598 615 2763 695 dica,
2792 629 2912 688 etc.
2976 618 3146 707 quod
3192 619 3403 707 magis
3439 631 3539 688 est

1989 727 2351 795 secundum
2383 732 2607 799 Patres
2653 746 2718 800 et
2758 736 3088 802 Doctores,

2076 846 2395 912 Caeterum
2432 846 2579 914 haec
2617 848 2896 935 objectio
2929 870 3057 916 non
3102 850 3300 917 habet
3341 872 3537 938 pecu-

1986 958 2214 1026 tiarem
2278 961 2725 1030 difficultatem
2775 977 3001 1034 contra
3048 978 3337 1034 nostram
3393 988 3541 1035 sen-

1986 1076 2279 1157 lentiam‚
2316 1081 2468 1167 quia
2499 1079 2581 1147 de
2613 1079 2738 1147 lide
2770 1093 3315 1165 est‚sacramenta
3349 1104 3541 1156 novae

1987 1193 2156 1279 legis
2189 1215 2457 1263 causare
2514 1198 2793 1284 gratiam
2862 1221 3055 1287 quam
3090 1201 3480 1291 significant
3517 1231 3534 1289 ;
3564 1194 3573 1205 ⁶

1987 1309 2096 1376 illa
2139 1332 2294 1377 vero
2324 1312 2449 1379 alia
2492 1312 2708 1398 signa,
2766 1330 2834 1384 ut
2874 1318 2953 1384 de
2992 1321 3278 1387 secundo
3315 1335 3379 1390 et
3410 1336 3532 1392 ter-

1988 1424 2077 1489 tio
2119 1427 2331 1513 magis
2377 1428 2603 1515 liquet,
2650 1431 2798 1498 licet
2845 1449 3186 1503 causarent
3232 1439 3535 1525 gratiam,

1987 1538 2252 1607 fuerunt
2283 1544 2472 1629 signa
2505 1534 2787 1630 practica
2807 1551 3208 1632 transitorie,
3236 1573 3366 1619 non
3396 1576 3537 1642 per-

1989 1672 2352 1736 manenter,
2407 1681 2685 1747 quorum
2735 1685 2893 1731 usus
2933 1667 3017 1733 sit
3058 1688 3173 1754 per
3230 1669 3535 1737 determi-

1989 1786 2215 1841 natum
2281 1776 2649 1844 ministrum
2714 1780 2778 1846 in
2844 1781 2984 1868 ipsa
3038 1786 3530 1871 communitate,

1988 1892 2159 1978 quod
2196 1913 2323 1958 non
2366 1895 2795 1963 conveniebat
2828 1898 2955 1965 illis
2987 1900 3220 1986 signis.

2077 2008 2316 2075 Ultima
2384 2011 2695 2096 particula
2771 2026 2871 2080 est
2926 2038 2939 2081 :
3021 2017 3403 2085 ordinatu-m
3452 2022 3543 2088 ad

1985 2127 2264 2192 salutem
2307 2128 2599 2193 hominis
2638 2131 2941 2211 uiatoriS,
3006 2146 3181 2219 patet
3220 2146 3283 2201 et
3336 2136 3541 2203 reser-

1987 2253 2094 2308 tur
2141 2240 2218 2308 ad
2276 2242 2653 2323 terminum,
2718 2266 2832 2312 seu
2900 2246 3341 2333 significatum
3407 2254 3538 2319 Eu-

1990 2358 2349 2438 charistiae,
2407 2372 2470 2426 et
2528 2363 3085 2448 comprehendere
3134 2380 3347 2453 potest
3388 2369 3540 2435 cha-

1989 2486 2330 2543 racterem.
2394 2477 2489 2540 Ex
2574 2478 2675 2542 his
2739 2492 2962 2565 patent
3029 2502 3259 2549 omnes
3330 2497 3545 2570 partes

1989 2590 2391 2659 definitionis
2422 2595 2778 2682 assignatae
2808 2618 2843 2662 a
2902 2602 3195 2680 Doctore,
3226 2622 3374 2690 quae
3429 2625 3539 2670 ex-

1991 2705 2209 2794 plicite
2267 2710 2791 2795 comprehendit,
2867 2712 3184 2803 quidquid
3251 2717 3329 2783 ad
3389 2719 3540 2785 rati-

1990 2847 2180 2893 onem
2216 2830 2612 2895 Sacramenti
2645 2831 3017 2918 explicitam
3054 2833 3428 2920 requiritur,
3469 2847 3540 2903 ut

1992 2943 2162 3029 quod
2202 2945 2290 3009 sit
2327 2946 2589 3031 siynum
2637 2949 2948 3014 sensibile
2984 2971 3070 3013 esc
3119 2952 3539 3018 institutione

1991 3060 2233 3126 diuina
2271 3062 2641 3145 efficaciter
2667 3065 3082 3150 significans,
3121 3079 3243 3134 etc.
3296 3067 3538 3155 quibus

1991 3176 2212 3243 verbis
2252 3177 2644 3264 exprimitur
2683 3179 2998 3270 quidquid
3040 3182 3119 3250 ad
3163 3205 3533 3252 sacramen-

1991 3302 2127 3357 tum
2183 3292 2245 3358 in
2289 3306 2463 3360 recto
2504 3296 2804 3382 pertinet,
2857 3308 2927 3365 ut
2963 3300 3293 3381 convenit,
3330 3312 3394 3366 et
3443 3300 3538 3367 di-

1989 3409 2349 3498 stinguitur
2378 3412 2457 3478 ab
2485 3413 2630 3480 aliis
2654 3436 2670 3495 ;
2694 3416 3131 3484 excluduntur
3160 3439 3318 3506 ergo
3349 3420 3538 3507 signa

1992 3528 2332 3612 naturalia,
2371 3531 2665 3599 instituta
2695 3533 2886 3601 etiam
2928 3536 3008 3601 ab
3055 3537 3342 3617 homine,
3389 3562 3539 3628 spe-

1990 3645 2297 3725 culativa,
2344 3647 2705 3735 aequivoca,
2746 3650 3013 3718 incerta.
3046 3655 3165 3718 Per
3193 3654 3356 3720 alias
3391 3675 3536 3742 par-

1990 3763 2245 3843 ticulas,
2282 3775 2352 3829 ut
2380 3767 2671 3850 qratiam
2709 3787 2823 3832 seu
2888 3771 3192 3854 effectum
3232 3772 3356 3838 Dei
3382 3795 3538 3860 qra-

1991 3882 2251 3960 tuitum,
2310 3892 2428 3947 etc.
2484 3883 2747 3969 ponitur
2815 3884 3136 3953 terminus
3189 3898 3254 3953 et
3298 3909 3402 3955 res
3452 3889 3537 3956 si·

1988 3988 2322 4075 gnificata.

2080 4110 2343 4174 Frustra
2403 4116 2617 4173 autem
2712 4121 2936 4176 contra
3015 4111 3184 4178 hanc
3265 4114 3536 4181 enititur

1991 4224 2166 4301 Sot0‚
2229 4223 2594 4310 objiciendo
2666 4224 2900 4310 p1·im0‚
2945 4227 3114 4313 quod
3185 4249 3314 4295 non
3362 4252 3537 4297 com·

1991 4337 2350 4425 prehendat
2405 4351 2626 4406 vetera
2701 4343 3138 4424 Sacramenta,
3220 4346 3298 4411 ad
3364 4349 3537 4435 quod

1982 4456 2116 4542 jam
2172 4474 2556 4540 responsum
2617 4468 2738 4524 est.
2816 4459 3136 4544 Secundo,
3215 4462 3386 4548 quod
3453 4464 3541 4530 sit

1987 4571 2323 4658 superflua
2398 4583 2460 4637 et
2527 4572 2743 4659 longa.
2831 4575 3243 4661 Responsum
3343 4577 3540 4645 habet

1988 4711 2068 4757 ex
2126 4688 2343 4757 dictis,
2406 4689 2646 4771 Terti0,
2712 4691 2863 4778 quia
2913 4692 3129 4760 adhuc
3167 4693 3539 4781 disputatur

1990 4819 2209 4874 utrum
2243 4810 2658 4875 Sacramenta
2714 4810 3053 4877 conferant
3102 4811 3407 4899 gratiam,
3461 4833 3538 4880 ac

1993 4924 2265 5014 proinde
2322 4945 2448 4991 non
2527 4924 2750 4992 debuit
2790 4927 2915 4993 hoc
2970 4929 3433 5016 comprehendi
3469 4929 3534 4997 in

1991 5042 2370 5109 definitione
2414 5064 2429 5122 ;
2476 5065 2624 5130 quae
2668 5043 2832 5110 ratio
2863 5044 2917 5110 si
2987 5045 3255 5126 valeret,
3303 5068 3535 5134 seque-

1993 5172 2173 5225 retur
2233 5159 2297 5224 in
2356 5160 2532 5225 omni
2600 5161 3064 5247 controversia,
3147 5182 3306 5228 non·
3341 5164 3537 5232 licere

1994 5266 2328 5354 quidpiam
2396 5267 2723 5334 affirmare
2779 5279 2889 5334 aut
2926 5267 3197 5336 definire
3236 5270 3315 5337 de
3344 5292 3539 5338 causa

1993 5384 2269 5474 alicujus
2319 5383 2436 5463 rei,
2473 5383 2599 5451 nisi
2658 5385 2828 5471 quod
2895 5388 3329 5455 communiter
3386 5410 3536 5477 sup-

1996 5500 2290 5587 ponitur;
2363 5513 2427 5568 et
2458 5500 2865 5587 respondeat,
2916 5503 3019 5569 vel
3052 5503 3190 5590 ipse
3221 5506 3331 5593 qui
3382 5505 3537 5573 defi-

1996 5618 2090 5686 nit
2139 5621 2649 5699 Sacramentum,
2710 5618 3117 5690 excludendo
3184 5623 3356 5691 illam
3389 5643 3532 5711 par-

3609 4151 3841 4218 objectio

3665 4216 3775 4267 Soti

3610 4280 3839 4334 solvitur.
