4255 6375
722 437 801 499 86
1867 420 2013 481 ΜΒ.
2038 417 2147 477 IV.
2179 410 2773 477 SEN'I'ENTIARUM

701 598 993 672 contra
1033 609 1367 666 causam
1410 582 1945 681 principalem
1980 577 2247 671 primo
2362 573 2523 665 plo,
2553 570 2685 644 ubi
2730 567 2924 643 talis
2973 569 3192 640 esset
3232 556 3777 657 repugnantia
3813 554 3906 627 ad

706 713 936 786 modo
994 710 1293 783 dictam
1352 704 1903 795 distinguatur
1945 697 2252 769 instru-
2365 688 2785 782 agendum.
3545 701 3551 707 ·

707 835 1093 910 mentum,
1149 826 1265 898 sic
1319 821 1582 895 omnis
1623 837 1872 891 causa
1909 812 2254 886 secunda

2458 808 2577 877 Ex
2643 803 2796 875 hoc
2848 803 3097 894 patet,
3165 794 3370 889 quod
3428 793 3915 866 instrumen-

708 948 979 1040 potest
1035 943 1188 1017 dici
1241 933 1921 1014 instrumentalis.
1977 930 2058 1004 Si
2114 947 2255 999 au-
2371 929 2571 1003 tum,
2609 920 2677 993 si
2718 921 3074 1012 ponatur
3138 908 3476 1007 proprie
3522 927 3770 1000 agere
3829 905 3917 978 ad

708 1070 873 1139 tem
940 1067 1233 1137 contra
1283 1056 1718 1132 secundum
1781 1050 2102 1123 modum
2152 1044 2256 1119 di-

712 1180 1182 1271 stinguatur
1223 1174 1884 1248 instrumentum,
1931 1170 2122 1239 tunc
2166 1162 2259 1233 il-

713 1294 848 1367 lud
973 1294 1246 1384 potest
1322 1287 1476 1361 dici
1592 1282 2257 1359 instrumentum,

2374 1038 2774 1119 effectum,
2819 1033 2947 1106 vel
2987 1031 3226 1105 habet
3285 1029 3362 1102 in
3426 1047 3513 1099 se
3570 1024 3920 1098 formam

2376 1154 2725 1228 activam
2796 1151 2879 1222 in
2936 1173 3070 1217 esse
3119 1147 3392 1240 quieto
3454 1147 3647 1217 ante
3689 1140 3923 1213 moti-

2378 1294 2636 1353 onem,
2685 1270 2893 1343 sicut
2929 1287 3178 1340 causa
3210 1265 3585 1351 secunda,
3621 1259 3748 1332 vel
3777 1259 3925 1331 sal-

716 1408 921 1501 quod
952 1426 1113 1479 non
1155 1403 1391 1477 habet
1441 1401 1519 1472 in
1565 1420 1648 1471 se
1683 1398 2034 1471 formam
2069 1392 2264 1465 acti·
2373 1394 2541 1463 tem
2585 1389 2666 1462 in
2714 1387 3071 1462 motione
3103 1383 3405 1460 actuali
3440 1379 3737 1472 recipit
3768 1378 3926 1449 for-

713 1544 901 1597 vam
958 1521 1039 1593 in
1091 1540 1235 1593 suo
1305 1517 1607 1600 ordine,
1663 1515 1912 1587 etiam
1979 1512 2267 1603 depen-

714 1638 960 1711 dendo
1007 1637 1085 1708 in
1118 1634 1438 1708 actione
1489 1652 1637 1704 sua
1679 1630 1774 1702 ab
1828 1628 1988 1700 alio
2034 1646 2268 1718 supe-

719 1757 968 1838 riore,
1018 1754 1151 1827 sed
1203 1756 1526 1826 tantum
1597 1747 1770 1839 agit
1843 1766 1986 1838 per
2053 1748 2269 1817 actu-

720 1873 931 1945 alem
1002 1870 1447 1941 motionem
1511 1864 1856 1954 alicujus
1926 1859 2271 1934 alterius

723 1986 1149 2070 moventis,
1186 1990 1275 2059 ut
1311 1987 1535 2077 patet
1576 1984 1666 2054 de
1701 1977 2270 2053 instrumentis

727 2103 1098 2185 artificis,
1144 2104 1231 2174 ut
1275 2099 1568 2181 securi,
1617 2116 1851 2170 serra
1882 2100 1962 2168 et
1997 2094 2273 2187 hujus-

460 2248 623 2316 oqane
730 2220 968 2301 modi,
1049 2218 1237 2311 quia
1309 2216 1376 2289 si
1440 2216 2074 2289 instrumentum
2146 2231 2277 2302 po·

432 2313 651 2419 Ὓζζὲἱῃ
729 2340 976 2408 natur
1010 2335 1340 2428 proprie
1391 2334 1747 2407 activum
1776 2331 1869 2402 ad
1922 2328 2274 2420 aliquem

398 2438 700 2566 ρὲῗῗῖἒηῗῃ-
728 2451 1196 2532 terminum,
1233 2469 1560 2521 necesse
1591 2452 1714 2520 est
1747 2447 2014 2538 ipsum
2051 2444 2280 2514 habe-

384 2562 702 2678 velitgtsseri,
732 2588 822 2639 re
891 2566 1243 2639 formam
1325 2563 1677 2655 aliquam
1749 2561 2276 2634 intrinsecam

413 2699 511 2753 qua
549 2684 673 2748 agit·
735 2681 1116 2763 activam,
1179 2681 1305 2752 vel
1384 2680 1464 2751 in
1531 2703 1666 2745 esse
1741 2677 2011 2768 quicto
2093 2683 2281 2750 ante

736 2820 1055 2873 omnem
1092 2798 1532 2871 motionem
1558 2795 1899 2869 alterius
1932 2796 2279 2887 agentis,

731 2916 857 2987 vel
909 2914 991 2987 in
1035 2917 1210 3001 sieri,
1260 2911 1573 3004 quando
1618 2910 1990 2983 totaliter
2024 2931 2283 2982 move-

732 3037 871 3105 tur
937 3051 985 3102 a
1054 3029 1481 3122 superiore
1540 3033 1869 3117 agente;
1933 3026 2001 3099 si
2067 3028 2283 3099 enim

734 3152 1028 3220 neutro
1065 3143 1297 3217 modo
1348 3142 1640 3216 habeat
1690 3140 2043 3215 formam
2094 3141 2284 3215 acti·

733 3281 946 3346 vam,
1027 3259 1252 3333 nullo
1345 3260 1578 3332 modo
1668 3260 1999 3353 proprie
2067 3263 2280 3349 aget.

739 3381 938 3452 Cum
970 3376 1185 3449 enim
1218 3379 1452 3448 actus
1491 3375 1801 3467 primus
1837 3375 1951 3448 sit·
1989 3375 2284 3467 princi-

741 3493 960 3587 pium
1002 3494 1233 3564 actus
1295 3491 1640 3572 secundi,
1700 3492 1905 3583 quod
1974 3491 2282 3563 nullum

737 3614 1013 3683 actum
1071 3606 1429 3701 primum
1491 3606 1728 3682 habet
1799 3597 1878 3679 in
1945 3629 2029 3680 se
2091 3609 2285 3682 acti·

738 3746 927 3798 vum
1006 3724 1086 3796 in
1190 3746 1337 3797 suo
1427 3724 1728 3806 ordine,
1826 3725 1906 3795 in
1973 3724 2284 3796 nullum

737 3845 1014 3918 actum
1056 3840 1491 3914 secundum
1534 3845 1801 3933 potest
1848 3840 1927 3912 in
1978 3842 2116 3913 illo
2164 3863 2285 3913 or·

737 3955 949 4035 dine3
987 3952 1349 4044 alioquin
1393 3953 1796 4044 quodlibet
1841 3958 2113 4046 posset
2160 3975 2286 4046 po-

741 4073 825 4144 ni
878 4072 1515 4145 instrumentum
1578 4074 1951 4162 respectu
2021 4071 2286 4160 cujus-

738 4189 961 4269 libet,
998 4191 1076 4260 et
1113 4191 1388 4280 posset
1425 4186 1607 4267 dici,
1647 4187 1853 4277 quod
1885 4189 2097 4259 Deus
2145 4208 2289 4280 per

742 4324 1128 4386 muscam,
1230 4308 1316 4375 ut
1405 4323 1545 4397 per
1621 4303 2283 4386 instrumentum,

733 4426 1061 4496 crearet
1113 4420 1533 4513 Angelum,
1600 4420 1805 4512 quod
1863 4419 2065 4491 nihil
2123 4425 2282 4502 est;

736 4542 802 4614 si
873 4538 1090 4613 enim
1168 4538 1414 4611 alicui
1497 4540 1816 4609 naturae
1887 4540 2288 4630 repugnat

740 4656 944 4750 quod
996 4656 1101 4729 sit
1168 4655 1658 4749 principium
1727 4655 2088 4729 activum
2150 4653 2290 4726 ali-

744 4792 1088 4864 quarum
1151 4772 1589 4855 actionum,
1654 4792 1815 4844 non
1874 4775 2000 4845 est
2040 4770 2293 4863 possi-

743 4886 925 4968 bile,
991 4886 1195 4978 quod
1282 4907 1427 4980 per
1498 4887 1943 4979 potentiam
2025 4906 2297 4978 quam-

746 5023 1090 5095 cumque
1170 5001 1276 5074 sit
1354 4998 1846 5095 principium
1935 5000 2291 5073 illarum.

406 5145 556 5198 oaior
617 5155 721 5191 non
752 5120 925 5195 Etsi
990 5118 1206 5192 enim
1276 5119 1551 5210 posset
1635 5119 1849 5191 Deus
1929 5118 2299 5191 absolute

432 5209 728 5336 ωἷὲῑῖἓῗιω
754 5254 1039 5311 creare
1111 5233 1401 5325 frigus,
1463 5252 1622 5305 non
1691 5237 1961 5306 tamen
2023 5236 2301 5324 posset

457 5336 687 5399 ΜΕΝ·
758 5373 905 5447 per
944 5352 1327 5434 calorem,
1390 5349 1505 5422 ita
1547 5350 1751 5442 quod
1791 5351 2020 5423 calor
2071 5350 2180 5422 sit
2223 5348 2303 5420 in

757 5472 1032 5564 aliquo
1060 5470 1335 5542 ordine
1368 5488 1510 5543 cau
1523 5490 1611 5542 sa
1634 5470 1904 5543 activa
1927 5471 2301 5561 respectu

758 5587 1130 5682 frigoris»,
1186 5588 1311 5660 vel
1364 5587 1444 5660 in
1493 5587 1767 5679 aliquo
1815 5586 1977 5660 alio
2036 5606 2307 5660 exem-

2381 1525 2596 1577 mam
2631 1500 3012 1582 activam,
3059 1518 3217 1591 qua
3257 1498 3431 1589 agit
3474 1496 3555 1568 in
3596 1514 3745 1567 suo
3798 1513 3929 1565 or-

2379 1622 2560 1694 dine
2625 1618 2948 1711 agendi;
2993 1622 3074 1692 et
3119 1616 3271 1689 hoc
3318 1614 3447 1687 vel
3505 1613 3603 1685 ad
3654 1610 3933 1686 termi-

2381 1761 2574 1812 num
2612 1736 3172 1832 principalem,
3226 1734 3353 1807 vel
3424 1732 3521 1805 ad
3569 1730 3933 1822 aliquam

2382 1854 3003 1948 dispositionem
3039 1850 3454 1945 praeviam,
3485 1853 3572 1920 ut
3617 1846 3737 1920 sic
3770 1843 3938 1917 uni-

2383 1972 2826 2045 versaliter
2860 1969 2967 2043 sit
2999 1969 3160 2042 ista
3194 1964 3654 2061 propositio
3687 1981 3927 2035 vera:

2387 2094 2637 2167 Omne
2668 2090 3329 2165 instrumentum,
3358 2084 3566 2177 quod
3597 2084 3725 2155 est
3757 2100 3938 2174 pro·

2390 2208 2566 2300 prie
2608 2205 2991 2286 activum,
3034 2203 3159 2276 vel
3202 2202 3374 2293 agit
3413 2203 3505 2273 ad
3575 2200 3939 2291 aliquam

2388 2322 3004 2415 dispositionem
3110 2320 3502 2413 praeviam
3581 2318 3938 2393 termino

2393 2440 2854 2534 principali,
2924 2438 3052 2511 vel
3110 2458 3255 2530 per
3322 2436 3681 2528 aliquam
3774 2434 3939 2507 sor-

2394 2575 2609 2629 mam
2658 2555 3189 2629 intrinsecam
3260 2553 3594 2645 attingit
3666 2552 3944 2625 termi-

2393 2693 2585 2744 num
2651 2670 3209 2765 principalem,
3270 2670 3463 2744 licet
3506 2670 3584 2741 in
3632 2670 3944 2742 virtute

2399 2790 2877 2884 principalis
2937 2789 3300 2882 agentis;
3382 2793 3462 2862 et
3538 2788 3692 2861 hoc
3775 2788 3942 2861 sive

2400 2910 2538 2981 illa
2582 2909 2847 2981 sorma
2885 2906 3333 2980 intrinseca
3365 2905 3753 3000 praecedit
3785 2926 3945 2979 mo·

2400 3026 2731 3105 tionem,
2771 3022 2939 3093 sive
2972 3026 3292 3096 tantum
3325 3021 3522 3097 insit
3553 3022 3733 3104 sibi,
3758 3023 3939 3095 dum

2399 3140 2837 3216 actualiter
2887 3145 3284 3215 movetur.

2485 3259 2595 3331 Ad
2632 3258 3172 3351 propositum,
3210 3261 3456 3350 patet.
3504 3259 3711 3350 quod
3744 3256 3945 3330 nihil

2396 3377 2609 3449 aliud
2679 3394 2726 3447 a
2792 3377 2959 3449 Deo
3030 3380 3298 3467 potest
3377 3376 3947 3469 principaliter

2398 3514 2641 3585 agere
2713 3492 2793 3564 in
2853 3513 3352 3585 quacumque
3410 3491 3758 3575 actione,
3824 3514 3947 3564 su-

2402 3611 2683 3682 mendo
2723 3613 3196 3699 principaliter
3236 3609 3505 3701 primo
3558 3609 3821 3690 modo,
3866 3613 3945 3683 et

2398 3727 2549 3799 hoc
2600 3726 2929 3819 planum
2971 3729 3096 3798 est
3139 3725 3571 3797 secundum
3615 3724 3946 3798 Theolo-

2402 3861 2569 3932 gos,
2619 3841 2752 3934 qui
2783 3841 3055 3914 dicunt
3087 3841 3341 3913 Deum
3380 3841 3949 3934 principaliter

2400 3977 2644 4048 agere
2677 3957 2757 4029 in
2803 3958 3021 4031 omni
3055 3957 3400 4031 actione.
3439 3958 3586 4032 Sed
3628 3979 3947 4032 sumen-

2399 4077 2494 4149 do
2539 4077 2883 4150 secundo
2945 4078 3203 4159 modo,
3261 4078 3565 4170 triplex
3614 4084 3741 4154 est
3785 4101 3945 4151 mo·

2401 4196 2545 4268 dus
2586 4196 2892 4269 dicendi
2927 4221 2941 4266 :
3002 4197 3248 4277 Unus,
3289 4197 3494 4288 quod
3526 4199 3940 4272 conclusio

2404 4431 2745 4520 propter
2805 4428 3346 4503 auctoritates
3432 4432 3941 4515 Sanctorum,

2409 4781 2604 4866 gnat
2654 4781 3056 4850 creaturae
3101 4778 3548 4870 producere
3599 4780 3946 4872 aliquem

2410 4894 2783 4966 effectum
2852 4897 3117 4966 totum
3161 4898 3243 4967 et
3285 4896 3683 4982 totaliter,
3727 4897 3949 4970 nullo

2411 5011 2586 5103 ejus
2657 5011 3282 5103 praesuppositO,
3364 5033 3547 5085 cum
3618 5016 3951 5107 quilibet

2413 5127 2751 5201 effectus
2795 5127 2901 5200 sit
2961 5126 3527 5221 imperfectior
3581 5131 3731 5204 tali
3775 5155 3953 5207 cau-

2417 5264 2506 5316 sa
2539 5249 2852 5335 agente,
2904 5249 2985 5318 et
3027 5265 3172 5338 per
3221 5265 3722 5339 consequens
3788 5271 3957 5343 pos-

2418 5362 2523 5435 sit
2567 5361 2967 5437 contineri
3020 5363 3101 5434 in
3177 5383 3271 5435 ea
3337 5365 3818 5449 eminenter,
3863 5388 3952 5441 ac

2419 5501 2564 5573 per
2612 5479 2763 5551 hoc
2806 5478 3281 5555 virtualiter
3325 5484 3407 5555 et
3447 5483 3739 5555 active.
3794 5486 3955 5560 Hoc

2419 5601 2644 5689 patet
2705 5595 3179 5690 explicando
3238 5618 3529 5672 causas
3568 5598 3950 5686 effectus;
4056 5677 4059 5680 ,

3966 4186 4128 4234 Vanl

2405 4310 2563 4385 ista
2638 4311 3019 4402 negativa
3102 4316 3430 4385 tenetur
3505 4313 3682 4385 sola
3768 4314 3939 4396 fide,
3966 4248 4128 4422 ‘13³

4078 4450 4128 4484 n(

3103 4545 3116 4558 ‚
4015 4505 4128 4547 cousi

2403 4565 2548 4617 nec
2616 4550 2880 4638 potest
2961 4549 3279 4618 ratione
3352 4547 3727 4639 probari;
3788 4569 3947 4622 non
4049 4577 4128 4671 ἐξ

2406 4661 2616 4733 enim
2662 4665 2885 4752 patet
2935 4660 3348 4735 evidenter
3408 4683 3660 4755 quare
3722 4681 3950 4758 repu-·
3998 4700 4128 4797 ἓξὲξ
