4255 6375
104 1631 155 1680 42
165 1669 176 1680 .
214 1692 225 1702 ·

75 1698 259 1743 intentu

75 1756 231 1827 dagist.

77 1880 264 1931 arronis.

75 3002 285 3065 mensib.

76 4061 266 4116 Secunda

75 4127 283 4197 wnelusio

76 4194 260 4249 gratiam

96 4249 256 4302 intendi

76 4311 283 4427 rer

79 5092 200 5148 Patet
245 5101 295 5151 in

79 5163 284 5213 naturali.

148 5222 225 5274 bus

90 5280 210 5335 Patet
230 5288 278 5337 iu

75 5348 302 5403 floralibus.

1493 371 2171 474 o1sr.⁴1.ou)esr1o
2219 392 2317 458 vt.

301 561 512 645 zata,
568 560 880 634 nullam
915 560 1019 633 ibi
1083 558 1445 652 gratiam
1503 556 1847 650 recepis-

301 681 421 751 set
506 677 601 749 de
681 697 932 759 nov03
1021 678 1296 749 tamen
1377 673 1849 766 Baptismus

296 813 455 866 non
506 790 798 865 fuisset
852 792 933 865 in
984 812 1079 865 ea
1138 791 1462 883 signum
1521 788 1843 870 falsum,

296 908 420 981 vel
469 907 899 991 incertum,
954 907 1142 1001 quia
1196 906 1554 1000 gratiam
1606 903 1855 996 signi:

298 1026 610 1110 ficeret,
674 1026 799 1098 vel
871 1029 1061 1098 tunc
1141 1025 1347 1109 fleri,
1411 1022 1537 1097 vel
1620 1020 1850 1116 prius

299 1142 572 1216 datam
616 1147 806 1216 tunc
849 1141 928 1213 in
958 1166 1115 1210 esse.

751 1387 1415 1454 COMMENTARIUS.

395 1600 471 1688 (i)
504 1602 604 1666 De
643 1603 942 1688 potencia
983 1601 1331 1683 ordinata,
1370 1598 1860 1668 ete.Praemittit

304 1717 700 1785 sententiam
768 1718 1087 1806 Magistri,
1174 1738 1368 1805 quam
1446 1716 1525 1783 ad
1597 1716 1858 1782 initium

309 1833 510 1922 hujus
542 1834 930 1924 quaestionis
987 1834 1550 1922 impugnavimuS,
1614 1846 1677 1900 et
1716 1854 1859 1900 eam

309 1948 448 2035 ipse
487 1951 601 2016 hic
633 1950 1000 2037 impugnat.
1065 1952 1226 2016 Item
1268 1947 1661 2016 sententiam
1701 1950 1862 2015 Var-

308 2066 488 2132 ronis
539 2066 640 2132 sui
683 2065 1131 2153 praeceptoriS,
1166 2065 1277 2153 qui
1326 2065 1560 2132 asserit
1615 2064 1680 2129 in
1730 2064 1865 2130 Cir-

306 2182 713 2250 cumcisione
742 2182 1019 2271 gratiam
1055 2203 1182 2250 non
1240 2181 1489 2249 intendi
1539 2181 1865 2269 principa-

307 2298 455 2364 liter
503 2299 921 2366 institutione
978 2297 1656 2378 CircumcisioniS,sed
1695 2296 1869 2364 dele-

309 2418 557 2484 tionem
601 2418 847 2504 peccati
879 2417 1222 2505 originalis
1259 2441 1276 2498 ;
1323 2415 1610 2485 secundo
1649 2427 1867 2483 autem

310 2546 370 2601 et
403 2535 927 2602 concomitanter
977 2557 1094 2623 per
1131 2556 1271 2600 eam
1307 2535 1524 2602 datam
1556 2555 1702 2601 esse
1724 2553 1872 2621 gra—

310 2652 492 2730 tiam,
548 2662 612 2718 et
663 2673 778 2738 pro
834 2662 1013 2719 tanto
1059 2651 1300 2719 dicitur
1346 2672 1381 2718 a
1441 2650 1699 2717 Sanctis
1741 2670 1871 2716 non

311 2767 611 2835 conferre
641 2768 954 2854 gratiam,
1003 2767 1154 2856 quia
1215 2788 1344 2833 non
1402 2788 1480 2834 ex
1525 2765 1870 2854 principali

316 2881 618 2949 instituto
650 2882 713 2949 id
748 2881 975 2950 habet.

404 2997 753 3065 Conclusio
786 2997 1079 3065 Doctoris
1121 3010 1218 3065 est
1285 2997 1367 3064 de
1414 2998 1716 3084 potencia
1765 3018 1874 3062 or-

320 3114 599 3180 dinaria
640 3136 777 3181 non
816 3115 1073 3180 remini
1132 3125 1474 3202 peecatum
1538 3113 1875 3202 oriqinale

319 3233 463 3298 sine
519 3233 865 3317 infusione
917 3234 1181 3320 qratioe.
1218 3230 1405 3297 Ratio
1462 3242 1558 3297 est
1590 3232 1727 3318 Jam
1770 3252 1874 3297 su-

320 3367 433 3433 pra
474 3359 670 3429 tacta,
705 3347 857 3434 quia
892 3368 1018 3413 non
1058 3346 1272 3426 datur,
1341 3367 1460 3413 nec
1516 3357 1728 3432 potest
1766 3345 1875 3412 da-

321 3463 373 3529 ri
403 3464 484 3530 de
533 3463 821 3551 potentia
871 3462 1224 3542 ordinaria,
1268 3474 1333 3528 et
1373 3462 1733 3529 secundum
1775 3462 1873 3529 le-

321 3602 437 3668 ges
493 3578 661 3648 fixas
710 3580 957 3648 divinae
1016 3579 1360 3666 sapientias
1399 3590 1611 3645 status
1672 3578 1873 3646 medi-

325 3715 401 3760 us
449 3694 622 3761 inter
651 3694 859 3761 filium
892 3694 1080 3782 regni
1159 3707 1222 3760 et
1262 3706 1665 3780 peccatorem
1728 3707 1877 3780 post

325 3807 583 3897 lapsum
617 3832 633 3889 ;
680 3809 803 3876 hoc
833 3830 1028 3896 supra
1061 3808 1406 3895 probatum
1448 3820 1549 3875 est
1590 3808 1654 3874 in
1688 3807 1875 3874 initio

329 3925 740 4012 quaestioniS.

373 4041 591 4120 Addit,
619 4052 847 4108 contra
879 4040 1242 4109 secundum
1275 4039 1685 4127 opinionem,
1719 4061 1872 4128 gra·

331 4159 480 4225 tiam
532 4158 978 4247 principaliter
1031 4158 1279 4226 intendi
1339 4180 1456 4245 per
1513 4158 1875 4225 Circumci-

332 4275 607 4357 sionem,
653 4277 804 4364 quia
843 4297 1049 4364 agens
1079 4276 1442 4344 secundum
1497 4286 1743 4343 certam
1777 4297 1877 4342 ra-

333 4392 575 4460 tionem
616 4393 1041 4481 principalius
1080 4392 1360 4460 intendit
1381 4391 1874 4480 perfectionem,

334 4529 522 4594 quam
565 4508 917 4576 carentiam
959 4507 1257 4576 defectus
1305 4529 1420 4575 seu
1480 4509 1877 4594 imperfecti-

335 4628 499 4708 onis,
547 4646 743 4715 quam
784 4625 1061 4691 intendit
1107 4635 1374 4712 propter
1405 4625 1875 4712 perfectionem

338 4742 702 4830 positivam,
757 4752 821 4807 et
879 4739 1092 4827 magis
1125 4740 1479 4806 terminum
1518 4738 1609 4805 ad
1659 4762 1872 4827 quem,

339 4879 526 4946 quam
557 4856 912 4924 terminum
942 4877 984 4920 a
1023 4876 1172 4941 quo,
1211 4855 1363 4941 quia
1398 4854 1578 4922 illum
1600 4855 1881 4923 intendit

340 4994 450 5060 per
485 4971 814 5052 accidens,
851 4972 1030 5037 bunc
1068 4981 1284 5036 autem
1327 4990 1444 5057 per
1484 4991 1579 5037 εε.

423 5092 575 5156 Haec
639 5087 804 5154 ratio
871 5095 1046 5172 patet
1101 5083 1170 5150 in
1225 5083 1668 5166 naturalibuS,
1719 5084 1878 5172 quia

341 5224 529 5271 causa
606 5202 917 5290 primario
976 5199 1253 5267 intendit
1326 5199 1695 5266 assimilare
1753 5200 1879 5267 sibi

343 5341 628 5408 passum.
672 5323 852 5385 Patet
924 5317 1116 5383 etiam
1180 5316 1245 5382 in
1302 5315 1683 5396 moralibus,
1729 5316 1882 5404 quia

345 5437 685 5504 intendens
760 5433 985 5517 finem,
1075 5430 1506 5519 principalius
1571 5444 1883 5518 operatur

346 5563 605 5642 propter
635 5550 855 5643 finem,
892 5568 1103 5637 ,quam
1146 5559 1411 5635 propter
1445 5546 1880 5643 impedimen-

3381 388 3499 453 223

1959 569 2047 637 ta,
2093 577 2243 644 quae
2282 567 2654 623 summovet
2684 553 3020 621 declinans
3061 551 3140 618 ab
3194 551 3508 618 extremis

1961 674 2164 756 vitiis,
2199 694 2349 761 quae
2378 684 2799 761 opponuntur
2837 670 3070 739 virtuti
3107 693 3121 751 ;
3185 668 3509 757 principa-

1962 791 2090 858 lius
2151 789 2432 857 intendit
2499 788 2786 856 medium
2830 786 3116 867 virtutiS‚
3180 805 3376 874 quam
3417 783 3513 852 fu-

1963 926 2114 995 gam
2174 903 2475 984 extremi,
2564 916 2628 969 et
2694 903 2864 970 hanc
2893 902 3080 989 eligit
3145 922 3226 968 ex
3268 900 3511 967 motiva

1965 1022 2232 1091 virtutis
2278 1037 2342 1091 et
2399 1022 2895 1104 mediocritatis,
2943 1042 3071 1109 quo
3120 1030 3508 1107 assequatur

1942 1139 2306 1221 <medium;
2388 1140 2542 1207 linis
2593 1139 2789 1206 etiam
2847 1137 3160 1227 praecepti
3223 1134 3512 1225 negativi

1965 1266 2065 1322 est
2103 1254 2453 1323 affirmatio
2484 1254 2811 1343 opposita.

2058 1374 2239 1437 Patet
2287 1372 2480 1438 etiam
2524 1371 2591 1438 in
2647 1371 2981 1459 proposito
3022 1371 3087 1437 in
3128 1382 3512 1457 supernatu-
3570 1377 3724 1428 Patet
3775 1375 3829 1426 in

1970 1486 2241 1567 ralibus,
2278 1486 2429 1574 quia
2476 1487 2712 1554 deletio
2760 1500 2823 1553 et
2906 1488 3206 1555 remissio
3273 1443 3839 1575 peecatimfffiissiaff‘

3586 1564 3804 1619 Trident
3815 1601 3831 1617 .

1971 1601 2332 1668 intenditur
2363 1617 2628 1689 propter
2659 1603 2935 1671 salutem
2979 1614 3044 1669 et
3075 1602 3273 1670 vitam
3305 1615 3386 1670 ¹ut
3421 1624 3519 1669 re·

1976 1729 2315 1784 moveatur
2346 1717 2932 1807 impedimentum;
2986 1718 3141 1786 hinc
3200 1718 3524 1807 poeniten-

1974 1834 2061 1901 tia
2126 1833 2494 1920 concipitur
2560 1855 2640 1901 ex
2721 1835 2967 1902 motivo
3032 1835 3390 1916 charitatis,
3458 1845 3529 1901 ut

1976 1961 2152 2037 patet
2215 1970 2295 2016 ex
2335 1948 2719 2016 Tridentino
2782 1971 2937 2018 sese.
2975 1952 3040 2019 6.
3121 1972 3268 2037 cap.
3315 1955 3379 2017 7.
3463 1964 3527 2017 et

1977 2064 2411 2153 praeexigitur
2451 2065 2515 2131 in
2557 2087 2632 2132 eo
2671 2066 2784 2154 qui
2819 2080 2919 2134 est
2985 2067 3051 2134 in
3121 2066 3378 2133 mortali
3441 2066 3525 2134 ad

1980 2181 2418 2281 receptionem
2517 2194 2580 2248 et
2663 2182 3209 2251 ministrationem
3306 2183 3532 2251 Sacra-

1982 2309 2382 2364 mentorum.

2069 2417 2241 2481 Deus
2271 2434 2430 2501 ergo
2487 2412 2889 2482 instituendo
2950 2415 3529 2483 circumcisionem

1983 2531 2171 2619 (cum
2204 2529 2289 2598 sit
2309 2550 2515 2617 agens
2535 2530 2892 2598 secundum
2922 2545 3158 2599 rectam
3187 2533 3533 2622 rationem)

1983 2645 2414 2735 principalius
2456 2647 2734 2714 intendit
2783 2649 3246 2736 perfectionem
3310 2649 3539 2736 positi-

1987 2783 2159 2842 vam,
2261 2774 2414 2848 puta
2520 2763 2823 2850 gratiam,
2899 2785 3092 2852 quam
3171 2766 3526 2833 carentiam

1983 2875 2528 2963 imperfectionis,
2568 2876 2629 2943 id
2661 2890 2786 2959 est,
2847 2879 3091 2965 peccati
3158 2880 3527 2967 originalis,

1983 2993 2140 3081 quia
2183 2993 2495 3080 perfectio
2556 2994 2835 3082 positiva
2910 2996 3121 3083 magis
3170 3008 3234 3064 et
3276 2998 3539 3086 propin·

1988 3111 2184 3199 quius
2242 3112 2491 3180 accedit
2586 3112 2663 3179 ad
2749 3112 2946 3181 finem
3037 3116 3374 3184 electionis
3470 3129 3536 3184 et

1990 3227 2246 3315 gloriae,
2285 3251 2479 3318 quam
2525 3230 2829 3298 remissio
2870 3235 3151 3319 peccati;
3206 3234 3377 3322 quod
3420 3255 3537 3320 pa-

1992 3354 2081 3410 tet
2109 3365 2226 3431 per
2257 3344 2714 3413 Tridentinum
2747 3368 2912 3416 εεεε.
2951 3351 3014 3415 6.
3044 3369 3187 3436 cap.
3216 3354 3280 3416 7.
3324 3350 3537 3417 decla·

1991 3481 2145 3528 rans
2192 3484 2206 3527 :
2242 3464 2797 3549 justificationem
2856 3467 3204 3534 includere
3248 3488 3382 3533 non
3425 3489 3540 3533 so·
3603 3514 3608 3517 -

1992 3579 2131 3644 lum
2162 3580 2618 3646 remissionem
2642 3584 2922 3668 peccati,
2958 3582 3075 3649 sed
3102 3584 3544 3668 sanctificati-

1990 3711 2181 3757 onem
2220 3703 2280 3757 ει
2321 3696 2816 3761 renovationem
2866 3698 3211 3764 interioris
3251 3699 3542 3765 hominis

1985 3830 2108 3895 per
2152 3810 2605 3877 volunta-riam
2663 3816 3141 3900 susceptionem
3191 3818 3433 3903 yracioe
3479 3828 3543 3882 ec

1989 3922 2341 4003 donorum,
2380 3936 2502 3993 etc.
2550 3929 2628 3993 Et
2674 3928 2894 3994 subdit
2923 3949 3186 3997 causam
3221 3952 3334 3998 seu
3378 3931 3540 3997 rati-

1990 4060 2182 4106 onem
2217 4063 2230 4105 ε
2275 4041 2481 4123 Unde,
2537 4043 2772 4131 inquit,
2808 4046 3000 4112 homo
3031 4069 3116 4112 eae
3177 4049 3426 4134 injusto
3461 4051 3542 4132 sic

1979 4157 2225 4240 justuS,
2266 4171 2327 4225 et
2375 4181 2460 4225 ex
2491 4162 2766 4228 inimico
2806 4165 3080 4243 amicae,
3104 4177 3175 4231 ut
3201 4166 3290 4230 sie
3329 4166 3541 4231 laceres

1988 4276 2348 4342 secundum
2394 4298 2572 4363 spem
2650 4282 2805 4345 vitoe
2870 4293 3154 4362 oeternoe,
3202 4293 3326 4349 etc.
3395 4281 3538 4349 fieri

1990 4410 2148 4476 ergo
2212 4390 2539 4459 haeredem
2580 4393 2735 4459 vitae
2763 4405 3053 4476 aeternae,
3101 4397 3275 4483 quod
3308 4396 3540 4465 tribuit

1990 4504 2247 4591 gratiae,
2327 4516 2427 4574 est
2502 4506 2652 4575 finis
2743 4510 3149 4577 remissionis
3240 4514 3485 4598 peccati
3520 4538 3534 4593 ;

1994 4620 2337 4706 utriusque
2367 4635 2610 4708 autem,
2645 4635 2713 4690 ut
2743 4623 2832 4690 ibi
2865 4627 3189 4713 sequitur,
3228 4627 3402 4710 finis,
3439 4641 3540 4697 est

1992 4735 2204 4822 gloria
2243 4737 2354 4804 Dei
2396 4750 2460 4805 et
2489 4738 2755 4819 Christi,
2792 4761 2867 4807 ac
2895 4741 3026 4808 vita
3059 4754 3343 4824 aeterna;
3396 4745 3542 4813 haec

1995 4852 2415 4942 intelligenda
2446 4867 2602 4923 sunt
2630 4856 2711 4923 de
2747 4855 2878 4924 fine
2907 4859 3278 4928 extrinseco
3317 4863 3542 4930 Sacra-

1996 4971 2224 5051 menti,
2262 4992 2390 5039 non
2422 4994 2580 5039 vero
2610 4971 2694 5039 de
2734 4972 2864 5042 fine
2893 4974 3279 5048 intrinsecO.

2084 5086 2166 5174 (j)
2215 5086 2433 5155 Tertio
2458 5099 2738 5176 propter
2784 5092 3359 5174 confirmacionem
3386 5096 3545 5181 pri·

1993 5226 2118 5270 mee
2181 5204 2545 5291 opinionis,
2625 5217 2750 5275 etc.
2813 5207 3094 5274 Primam
3165 5210 3543 5297 opinionem

1996 5315 2278 5403 appellat
2307 5337 2748 5400 communem,
2783 5340 2933 5406 quae
2955 5319 3142 5387 docet
3164 5321 3230 5387 in
3254 5323 3544 5391 Circum-

1997 5430 2245 5498 cisione
2283 5430 2483 5498 deleri
2525 5444 2862 5518 peccatum
2936 5434 3281 5523 originale,
3325 5451 3390 5506 et
3430 5439 3541 5506 de·

1998 5544 2222 5634 inceps
2278 5546 2632 5635 respondet
2667 5548 2747 5618 ad
2811 5550 3230 5621 auctoritates
3270 5558 3538 5626 Sancto·
