4255 6375
1296 460 1488 527 DlST.
1522 462 1623 526 ΙΙΙ.
1688 460 2050 538 QUAESTto
2106 460 2209 525 IV.

179 633 246 681 se
288 618 429 693 illis,
480 623 592 699 qui
641 628 831 685 erant
876 622 1244 700 inferiores,
1273 627 1558 688 maxime
1588 627 1713 685 An-

178 736 429 811 tiochiae,
502 743 572 800 et
631 741 805 803 inter
866 742 1133 816 GenteS,
1199 744 1284 807 ad
1350 760 1513 823 quas
1567 746 1711 821 ipse

181 851 351 924 allas,
386 868 533 913 cum
578 854 718 916 aliis
746 858 1076 934 Apostolis
1105 860 1385 937 scripsit,
1423 874 1536 919 eas
1574 873 1708 918 non

177 971 433 1048 obligari
474 971 560 1033 ad
609 973 870 1053 legalia,
921 975 1101 1053 quod
1158 978 1463 1055 exemplo
1512 977 1710 1037 etlam

179 1086 579 1151 confirmasse
639 1090 890 1153 debuit.
967 1091 1145 1155 Licet
1200 1109 1360 1173 ergo
1417 1093 1483 1153 in
1535 1089 1704 1153 facto

177 1204 359 1265 suerit
426 1209 796 1282 peccatum,
870 1214 1089 1269 tamen
1172 1222 1457 1287 persona
1533 1206 1710 1270 Petri

178 1325 512 1383 excusatur
540 1339 577 1383 a
606 1323 790 1403 gravi
819 1326 1031 1403 lapsu,
1065 1325 1120 1387 si
1150 1325 1320 1386 ullus
1368 1322 1509 1396 fuit,
1555 1323 1709 1403 quia

173 1435 325 1500 forte
376 1455 452 1500 ex
502 1438 929 1504 instructione
973 1444 1419 1522 praesumebat
1456 1442 1706 1504 nullum

172 1552 297 1615 fore
320 1553 705 1617 scandalum
738 1556 1041 1618 Gentium
1095 1573 1178 1618 ex
1227 1557 1333 1617 illa
1381 1571 1708 1635 segrega-

175 1670 358 1745 tione,
410 1688 604 1750 quam
655 1676 730 1734 ut
770 1673 1026 1736 Judaeos
1074 1671 1511 1747 lucrifaceret,
1553 1670 1712 1733 fecit

171 1789 264 1849 vel
289 1803 421 1849 non
452 1788 754 1862 advertit,
808 1795 874 1851 et
918 1787 1160 1852 factum
1210 1789 1373 1852 illud
1426 1788 1510 1850 ad
1563 1804 1708 1867 per-

171 1920 384 1966 sonam
428 1905 602 1968 Petri
636 1904 945 1978 refertur,
996 1912 1070 1969 ut
1111 1907 1433 1985 processit
1478 1905 1558 1967 ab
1602 1909 1702 1968 in-

175 2024 451 2084 tentione
520 2020 689 2103 e‘juS,
778 2026 931 2102 quia
1002 2024 1251 2085 licitum
1323 2029 1465 2086 erat
1532 2026 1707 2087 inter

168 2140 411 2203 Judaeos
469 2157 732 2204 servare
789 2146 1043 2204 tantum
1100 2143 1347 2223 legem,
1405 2142 1585 2221 quod
1642 2150 1709 2206 et

170 2256 392 2321 Paulus
443 2258 638 2319 etiam
685 2255 866 2329 fecit,
919 2258 1090 2321 licuit
1140 2263 1207 2321 et
1252 2260 1423 2322 inter
1461 2259 1707 2321 Gentes

169 2387 287 2432 non
357 2372 739 2446 observare,
812 2377 880 2436 et
961 2378 1194 2436 notum
1262 2370 1384 2436 fuit
1450 2372 1707 2435 Judaeos

167 2487 369 2550 adhuc
399 2503 864 2566 perseverasse
907 2490 973 2551 in
1020 2488 1187 2569 legis
1217 2490 1702 2562 observatione,

168 2608 225 2664 et
263 2603 388 2663 hoc
434 2603 593 2681 ipsis
637 2601 841 2664 fuisse
892 2603 1139 2666 licitum
1190 2619 1307 2681 pro
1366 2604 1474 2666 illo
1534 2607 1699 2664 tem-

166 2738 336 2798 pore,
425 2725 573 2801 quia
663 2723 999 2784 consilium
1081 2723 1706 2803 Jerosolymitanum

167 2839 308 2901 nihil
337 2839 425 2902 de
452 2839 699 2901 Judaeis
729 2842 989 2913 statuit;
1044 2844 1297 2902 ratione
1348 2855 1506 2919 ergo
1557 2840 1703 2901 cha·

169 2957 357 3018 ritatis
416 2964 485 3018 et
530 2955 948 3020 humanitatis
991 2957 1220 3019 Petrus
1278 2956 1709 3021 conformavit

169 3088 230 3131 se
282 3071 404 3135 illis
464 3071 707 3134 nuntiis
773 3075 1023 3148 Jacobi,
1098 3090 1234 3135 non
1304 3090 1704 3150 praesumens

169 3187 305 3251 inde
334 3190 605 3269 aliquod
634 3193 704 3254 in
734 3192 1055 3254 Gentibus
1085 3198 1473 3255 eventurum
1521 3209 1707 3255 scan-

172 3305 395 3378 dalum,
427 3324 653 3386 neque
684 3308 1071 3385 praevidens,
1105 3309 1252 3387 quia
1284 3309 1408 3387 ipsi
1440 3325 1521 3371 ex
1554 3307 1708 3372 defi-

169 3421 399 3485 nitione
429 3423 725 3496 Concilii,
783 3427 852 3485 et
894 3422 1366 3501 praedicatione
1421 3428 1703 3504 Aposto-

171 3540 364 3602 lorum
392 3541 774 3603 habuerunt
801 3541 1124 3622 regulam,
1167 3544 1268 3605 cui
1318 3559 1390 3604 se
1445 3541 1709 3607 confor-

177 3672 339 3719 mare
369 3658 724 3721 deberent.

234 3771 545 3835 Caeterum
627 3775 844 3850 ipsum
924 3789 1044 3850 per
1127 3789 1198 3836 se
1273 3772 1518 3836 factum
1590 3774 1710 3838 fuit

178 3887 690 3964 reprehensibile
715 3892 969 3950 ratione
1002 3889 1322 3961 scandali,
1359 3889 1539 3968 quod
1581 3907 1708 3969 ge-

172 4004 367 4064 nerari
441 4010 668 4082 posset
745 4020 827 4065 ex
890 4005 1360 4085 segregatione
1432 4005 1708 4084 praefata

171 4134 202 4176 a
241 4118 579 4190 Gentibus,
672 4126 738 4180 et
806 4119 932 4182 hoc
1005 4119 1201 4181 modo
1273 4120 1703 4194 reprehendit

175 4231 388 4296 Paulus
430 4233 703 4296 factum.
771 4235 910 4297 Haec
970 4238 1190 4296 autem
1242 4237 1508 4314 quaestio
1575 4252 1708 4298 non

176 4356 262 4410 est
314 4352 509 4431 juris,
563 4350 685 4414 sed
745 4349 921 4423 facti,
983 4354 1047 4413 ln
1094 4369 1224 4430 qua
1272 4355 1479 4430 potuit
1549 4369 1697 4416 esse

182 4480 338 4527 error
377 4467 523 4529 sine
554 4466 929 4547 praejudicio
984 4483 1288 4544 personae
1321 4471 1622 4530 errantis.

244 4581 438 4663 Maj0r
486 4582 827 4645 difficultas
871 4595 1075 4656 esset,
1106 4584 1160 4644 si
1192 4583 1430 4664 legalia
1482 4589 1708 4647 essent

183 4697 514 4770 mortifera,
589 4704 663 4760 ut
747 4701 954 4761 sensit
1025 4700 1479 4781 Hieronymus,
1553 4702 1704 4779 quia

184 4812 481 4876 simulatio
524 4814 629 4875 illa
659 4813 766 4875 vix
798 4813 1094 4876 excusari
1135 4822 1383 4892 posset,
1431 4833 1580 4878 cum
1624 4817 1707 4878 sit

181 4927 235 4987 in
259 4930 520 4991 materia
563 4931 943 5010 Religionis,
977 4936 1043 4993 et
1074 4933 1439 4995 contineret
1465 4930 1703 4995 falsum

181 5042 419 5114 cultum,
473 5046 582 5124 qui
628 5046 801 5107 nulla
848 5046 1102 5108 ratione
1148 5047 1401 5109 admitti
1449 5056 1699 5124 potest3

185 5158 391 5221 melius
450 5176 608 5240 ergo
668 5163 1075 5241 Augustinus
1121 5162 1398 5224 admittit
1459 5163 1699 5243 legalia

189 5271 361 5336 fuisse
415 5277 611 5347 licita,
671 5283 738 5339 et
800 5295 931 5339 non
1004 5278 1354 5356 prohibita,
1431 5280 1698 5358 quando

192 5413 254 5457 ea
281 5402 701 5465 observarunt
741 5404 1058 5481 Apostoli,
1109 5419 1185 5465 ac
1233 5405 1506 5482 proinde
1558 5410 1700 5465 tan·-

192 5512 321 5579 dem
358 5519 495 5599 ipse
558 5523 992 5603 Hieronymus
1067 5522 1359 5584 transivit
1404 5524 1471 5584 in
1542 5539 1694 5584 sen-

197 5633 440 5698 tentiam
484 5639 853 5720 Augustini,
898 5643 973 5701 ut
1004 5646 1182 5718 patet
1225 5656 1303 5702 ex
1341 5640 1603 5721 dialogo
1641 5641 1693 5701 l.

3248 457 3367 520 373

1831 625 2057 684 contra
2086 622 2479 703 Pelagianos
2514 641 2529 684 ε
2563 623 2883 693 Primam,
2930 621 3166 702 inquit,
3208 620 3382 698 quod
3496 613 3504 622 ’

1823 741 1992 801 dixit
2066 740 2677 817 irreprehensibilis,
2752 744 2866 801 aut
2947 738 3189 812 nullus,
3263 743 3378 799 aut

1821 873 2058 929 rarus;
2106 858 2251 934 quis
2288 863 2377 919 est
2421 858 2615 932 enim,
2664 859 2780 934 qai
2823 873 2947 917 non
2989 857 3056 919 in
3094 855 3374 933 pulchro

1820 986 2112 1048 corpore,
2161 977 2275 1033 aut
2336 987 2607 1045 naevum,
2669 977 2777 1033 aut
2838 987 3180 1033 verrucam
3252 972 3375 1032 ba-

1820 1089 2003 1149 beat?
2030 1090 2088 1149 si
2131 1092 2300 1151 enim
2329 1091 2463 1165 ipse
2509 1087 2833 1163 Apostolus
2862 1087 3017 1149 dicit
3046 1089 3123 1149 de
3157 1090 3366 1159 Petro,
3402 1064 3721 1179 3333ssin

1821 1206 1996 1282 quod
2033 1221 2161 1266 non
2204 1212 2378 1267 recto
2423 1206 2586 1281 pede
2623 1206 2950 1267 incesserit
2989 1205 3057 1265 in
3084 1207 3368 1281 Evanqe-

1821 1324 1902 1385 lii
1939 1325 2298 1394 veritatem,
2341 1328 2400 1383 et
2438 1324 2506 1385 in
2544 1326 2797 1384 tantum
2851 1319 3374 1399 reprehensibilis

1816 1447 2050 1522 fuerit,
2111 1449 2182 1505 ut
2252 1450 2309 1506 et
2364 1445 2703 1506 Barnabas
2778 1445 3092 1506 adductus
3154 1444 3233 1505 sit
3304 1444 3372 1505 in

1819 1563 2114 1623 eamdem
2156 1562 2663 1635 simulationem,
2726 1561 2872 1638 quis
2923 1561 3375 1637 indiqnabitar

1818 1677 1890 1737 id
1927 1677 2056 1739 sibi
2093 1677 2429 1753 deneyari,
2473 1678 2649 1754 qaod
2695 1678 2999 1751 Princeps
3036 1673 3374 1752 Apostolo-

1816 1808 1967 1852 rum
2040 1808 2167 1853 non
2221 1792 2486 1852 habuit?
2540 1789 2716 1852 Idem
2789 1789 2985 1851 docet
3044 1793 3181 1869 ipse
3236 1774 3409 1850 Au?

1817 1908 2124 1988 gustinus
2168 1910 2439 1986 epistola
2485 1909 2626 1971 260.
2673 1906 2760 1969 ad
2807 1907 3147 1970 Oceanum
3191 1909 3376 1970 :Sed
3399 1927 3723 1992 Augustinus

1820 2028 1979 2104 quia
2003 2028 2153 2088 hinc
2178 2027 2443 2097 diucius,
2476 2027 2702 2104 inquit,
2750 2040 2899 2087 cum
2938 2028 3017 2088 ae
3044 2027 3168 2087 hac
3195 2042 3366 2102 quae-
3397 1989 3721 2104 rgissfflssffo.

1814 2143 2016 2204 stione
2068 2140 2345 2222 (scilicet
2404 2140 2834 2203 observantiae
2902 2140 3243 2221 legalium,
3304 2144 3371 2201 et
3488 2128 3636 2228 ζξῇι-ξιξ

1817 2260 1985 2322 circa
2031 2261 2253 2322 locum
2283 2259 2460 2321 Pauli
2504 2258 2588 2321 ad
2639 2258 2895 2321 Galatas
2925 2257 3014 2327 2.)
3056 2261 3226 2319 inter
3254 2275 3369 2320 nos

1812 2394 1952 2454 eqo,
2001 2385 2056 2437 et
2097 2378 2449 2452 praedictus
2527 2375 2922 2438 Venerabilis
2958 2377 3178 2452 frater
3218 2377 3367 2436 Hie-

1815 2509 2126 2569 ronymus
2184 2493 2342 2554 satis
2384 2491 2616 2553 litteris
2659 2491 2998 2568 eyerimas,
3054 2495 3112 2551 et
3159 2493 3227 2553 in
3253 2490 3374 2552 boc

1817 2626 2010 2687 opere
2045 2610 2482 2672 recentissimo
2528 2608 2703 2684 quod
2737 2609 2996 2669 nomine
3054 2606 3375 2669 critoboli

1816 2728 2127 2788 adversus
2183 2725 2520 2802 Pelayium
2581 2726 2769 2785 modo
2818 2725 3040 2798 edidit,
3075 2724 3373 2786 eamdem

1817 2844 1896 2903 de
1938 2841 2061 2903 ista
2116 2857 2191 2901 re
2244 2847 2422 2917 qesta
2464 2844 2652 2903 dictis
2703 2840 3080 2916 Apostolicis
3119 2844 3366 2902 senten-

1815 2959 1978 3018 tiam
2045 2959 2270 3028 tenuit,
2348 2972 2549 3033 quam
2616 2958 2987 3020 Beatissimi
3053 2958 3375 3033 Cypriani

1816 3075 2012 3137 etiam
2063 3091 2180 3137 nos
2227 3074 2431 3136 secati
2492 3089 2738 3149 samus,
2799 3081 2924 3135 etc.
2970 3075 3063 3135 Ex
3123 3074 3364 3153 quibus

1815 3196 2001 3271 patet
2057 3194 2551 3272 Hieronymum,
2616 3191 2769 3254 visis
2840 3191 3099 3269 scriptis
3139 3194 3371 3271 Augu-

1813 3311 1964 3372 stini
2003 3312 2070 3370 in
2105 3309 2374 3384 epistola
2434 3309 2526 3371 19.
2587 3313 2880 3371 mutasse
2940 3310 3365 3381 sententiam,

1819 3430 1884 3486 et
1940 3424 2295 3489 adhaesisse
2347 3427 2757 3506 Augustino;
2829 3440 2963 3487 non
3029 3429 3133 3486 est
3204 3439 3369 3504 ergo

1819 3542 1999 3623 quod
2071 3543 2177 3604 alii
2260 3559 2400 3603 eam
2498 3546 2727 3604 contra
2794 3546 3089 3604 mentem
3156 3542 3365 3621 ipsius

1824 3658 2198 3740 Hieronymi
2258 3655 2623 3720 defendere
2682 3661 3028 3720 conentur.

1898 3771 1995 3834 Ad
2039 3769 2469 3833 fundamenta
2514 3769 2801 3832 adducta
2830 3771 2912 3832 ab
2944 3772 3367 3852 HieronymO,

1818 3894 2002 3968 patet
2046 3888 2224 3949 illam
2267 3886 2789 3965 suppositionem
2849 3888 2994 3964 ejus
3059 3887 3143 3948 de
3205 3888 3368 3950 inhi-

1815 4006 2062 4070 bitione
2122 4004 2437 4084 legalium
2481 4019 2613 4065 non
2666 4020 2813 4066 esse
2865 4002 3367 4080 admittendam,

1818 4122 1939 4183 nisi
2011 4137 2091 4182 eo
2163 4136 2389 4188 sensu.
2465 4135 2594 4198 quo
2661 4123 2807 4198 quis
2877 4121 2945 4181 in
3015 4121 3109 4181 eis
3179 4136 3370 4200 spem

1819 4243 2118 4316 poneret,
2181 4242 2246 4298 et
2289 4252 2423 4298 non
2467 4239 2531 4298 in
2589 4237 2801 4314 gratia
2845 4233 3101 4307 Christi,
3164 4252 3367 4314 quem

1814 4370 2080 4417 sensum
2155 4353 2390 4414 Paulus
2461 4352 2754 4425 damnat,
2826 4354 2996 4415 sicut
3051 4358 3118 4414 et
3169 4368 3363 4415 usum

1816 4469 2249 4542 conformem,
2298 4467 2382 4530 de
2440 4467 2540 4529 his
2610 4468 2799 4545 plura
2869 4467 3174 4531 moderni
3229 4470 3361 4530 Do·

1816 4594 2055 4661 ctoreS,
2101 4586 2223 4649 sed
2271 4586 2658 4667 compendio
2722 4586 2876 4650 data
2939 4587 3176 4650 solutio
3232 4562 3392 4648 suf·⁴

1813 4706 1981 4779 ficit3
2031 4723 2167 4770 non
2222 4705 2532 4769 videntur
2574 4707 2748 4767 enim
2799 4704 3163 4767 advertisse
3214 4706 3361 4767 Hie-

1810 4839 2161 4903 ronymum
2211 4820 2479 4885 tandem
2522 4826 2813 4885 mutasse
2862 4821 3276 4884 sententiam.

1893 4938 1986 5021 (k)
2031 4945 2102 5002 Et
2156 4940 2218 5001 si
2256 4955 2533 5018 quaeras,
2594 4940 2850 5017 quando
2894 4939 3025 5016 sitit
3066 4939 3363 5002 Circam·
3506 4972 3594 5024 82.

1812 5058 1967 5119 cisio
1995 5056 2377 5135 simpliciter
2421 5057 2653 5121 illicita
2692 5058 2931 5120 Judaeis
2975 5057 3170 5117 etiam
3217 5073 3359 5120 con·
3438 5035 3664 5098 Tempus

3509 5111 3610 5162 quo

1808 5175 2031 5245 versis,
2080 5179 2206 5235 etc.
2258 5172 2643 5251 Respondet
2693 5171 2760 5234 id
2802 5173 3126 5235 incertum
3185 5188 3355 5247 esse,
3397 5159 3699 5288 Juffiggfflm

1813 5295 1878 5351 et
1933 5289 2361 5367 probabiliter
2419 5288 2545 5350 dici
2590 5305 2789 5364 posse
2836 5305 2918 5351 ex
2977 5294 3112 5352 toto
3158 5287 3359 5351 fuisse
3412 5284 3691 5399 ξὲἓῗυῗὲιὲ

1807 5406 2147 5469 inhibitam
2195 5408 2513 5469 subversa
2554 5407 2959 5487 ‚ierosolyma
2990 5411 3059 5468 et
3086 5408 3361 5485 temple,

1810 5521 1991 5602 quod
2060 5522 2253 5585 valde
2326 5527 2847 5585 consentaneum
2921 5527 3022 5584 est
3099 5522 3359 5597 rationi,

1809 5658 1943 5705 non
1998 5640 2274 5703 durasse
2331 5640 2633 5719 amplius,
2680 5640 2834 5720 quia
2893 5644 2960 5702 et
3002 5639 3362 5723 Synagoga
