4255 6375
542 2113 618 2164 11.

795 390 913 452 602
1933 394 2080 460 Lm.
2115 393 2215 456 w.
2268 393 2861 458 SENTENTIARUM

763 549 914 629 ria,
970 550 1066 622 ad
1100 552 1497 643 majorem
1539 553 1893 644 gloriam
1935 548 2302 623 habentis

763 663 926 738 tale
977 665 1321 756 signum,
1383 667 1509 738 vel
1549 668 2022 740 damnatum
2084 667 2163 738 in
2199 668 2309 738 in-

758 778 1019 865 fern0,
1100 783 1193 855 ad
1263 783 1663 875 majorem
1743 783 2310 857 confusionem

752 919 912 971 non
980 899 1353 974 habentis
1433 903 1596 976 tale
1690 903 2039 994 signum.
2105 903 2312 975 Neu-

751 1020 976 1089 trum
1046 1021 1170 1090 est
1201 1018 1420 1102 dare,
1477 1019 1665 1111 quia
1701 1019 1970 1111 major
2038 1018 2312 1111 gloria

751 1136 876 1204 est
926 1131 1163 1205 beato
1208 1132 1587 1206 habuisse
1631 1141 1899 1209 actum
1955 1134 2317 1208 charita-

750 1247 886 1328 tis,
935 1267 1176 1339 quam
1234 1251 1686 1342 suscepisse
1768 1251 2307 1343 Baptismum,

751 1367 829 1437 et
878 1365 1145 1456 major
1178 1366 1548 1441 confusio
1591 1371 1713 1440 est
1755 1368 2140 1441 damnato
2185 1389 2308 1440 ce-

752 1480 1045 1553 cidisse
1087 1503 1133 1554 a
1194 1482 1604 1558 charitate
1651 1506 1885 1577 quam
1934 1506 1978 1556 a
2040 1505 2307 1558 susce·

760 1596 1031 1688 pt10ne
1092 1599 1520 1691 Baptismi,
1588 1604 1665 1673 et
1717 1602 1989 1672 tamen
2039 1599 2308 1671 chari-

758 1711 955 1788 tatis
1006 1735 1141 1786 seu
1223 1720 1457 1789 actus
1491 1716 1925 1796 meritorii,
1992 1717 2304 1788 nullum

758 1831 1093 1923 ponitur
1178 1832 1497 1924 signum
1579 1833 2303 1908 rememorativum

758 1948 838 2018 in
888 1930 1149 2029 beato,
1187 1968 1330 2020 nec
1365 1949 1443 2021 in
1484 1950 1889 2023 damnato

849 2065 1329 2157 specialiter
1406 2072 1680 2141 autem
1759 2069 2143 2159 arguitur
2216 2067 2306 2139 dc

758 2183 1280 2266 beatitudine,
1347 2185 1535 2277 quia
1577 2186 1644 2257 si
1705 2186 2024 2277 signum
2095 2185 2305 2260 istud

753 2305 967 2372 esset
1021 2300 1101 2373 in
1163 2301 1501 2376 habente
1552 2303 1646 2375 ad
1708 2302 2141 2396 specialem
2183 2323 2306 2373 ex-

756 2417 1216 2490 cellentiam
1271 2419 1351 2490 in
1431 2420 1724 2510 gloria,
1825 2423 2307 2511 sequeretur

756 2531 962 2622 quod
1012 2532 1234 2604 solus
1281 2534 1672 2607 Sacerdos
1736 2536 1948 2609 inter
2028 2555 2304 2607 omnes

754 2646 1277 2722 Christianos
1340 2655 1615 2744 posset
1685 2651 1978 2724 habere
2058 2654 2303 2726 talem

753 2767 1325 2842 excellentiam
1362 2768 1439 2840 in
1474 2769 1767 2860 gloria,
1807 2770 1994 2861 quia
2030 2773 2307 2844 Sacer-

751 2880 893 2954 dos
927 2882 1167 2958 habet
1240 2903 1517 2957 omnes
1578 2885 2129 2959 characteres.
2179 2892 2305 2961 Se·

755 3002 1144 3091 queretur
1184 2999 1430 3073 etiam
1501 3001 1703 3092 quod
1750 2999 2122 3074 Christus
2182 3022 2306 3075 ca-

756 3118 979 3189 reret
1033 3114 1193 3189 ista
1242 3115 1724 3190 excellentia
1767 3118 2079 3208 gloriae,
2120 3116 2304 3211 quia

751 3230 925 3323 ipse
975 3252 1135 3303 non
1171 3230 1323 3305 fuit
1355 3230 1818 3325 baptizatus
1880 3237 2300 3328 Baptisnio

751 3346 1085 3421 Christi.
1127 3348 1595 3441 Baptismus
1632 3355 1903 3423 autem
1959 3353 2300 3425 Joannis

748 3484 910 3536 non
985 3465 1406 3558 impressit
1473 3465 2062 3551 characterem,
2155 3489 2298 3541 nec

745 3579 900 3653 fuit
963 3581 1353 3653 Sacerdos
1408 3583 1894 3665 sacerdotio,
1969 3588 2055 3658 ut
2114 3607 2298 3657 con-

745 3694 1012 3767 fertur
1072 3697 1150 3768 in
1208 3696 1486 3770 ordine
1548 3700 2061 3783 sacerdotali,
2109 3704 2292 3794 quia

743 3832 903 3884 non
936 3813 1087 3884 fuit
1133 3814 1229 3886 ab
1280 3814 1553 3907 aliquo
1611 3817 2054 3890 ordinatus.
2105 3821 2294 3892 Pari

746 3929 1090 4010 ratione,
1183 3951 1326 4002 nec
1392 3933 1924 4006 confirmatus
2009 3937 2295 4007 confir-

748 4047 1104 4118 matione
1194 4050 1806 4123 sacramentali.
1910 4053 2295 4144 Sequitur

740 4159 990 4233 etiam
1025 4163 1229 4252 quod
1303 4164 1564 4237 sancti
1610 4166 1895 4237 Patres
1946 4171 2026 4241 et
2058 4168 2294 4241 beata

740 4278 1021 4368 Virgo,
1088 4278 1275 4370 quia
1345 4301 1505 4351 non
1573 4281 2029 4358 habuerunt
2081 4285 2290 4359 istud

745 4391 1090 4484 signum,
1128 4415 1289 4467 non
1317 4397 1607 4471 habent
1644 4399 1870 4472 illam
1903 4403 2290 4476 excellen-

746 4507 944 4581 tiam
980 4511 1060 4582 in
1102 4511 1396 4602 gloria.

832 4628 1242 4700 Praeterea
1342 4633 1591 4705 tertio
1700 4636 2086 4725 arguitur
2194 4660 2292 4710 ex

743 4749 978 4836 parte
1038 4743 1277 4839 hujus
1336 4748 1520 4821 doni
1580 4749 1661 4820 in
1724 4772 1832 4837 se,
1899 4754 2088 4844 quia
2133 4776 2288 4827 non

743 4860 1065 4933 videtur
1097 4863 1536 4954 probabile,
1584 4868 1787 4958 quod
1821 4868 2090 4952 alicui,
2159 4873 2289 4962 qui

744 4998 906 5050 non
939 4982 1258 5054 tantum
1291 4988 1416 5055 est
1445 4982 1524 5054 in
1560 4992 1891 5076 peccato
1927 4988 2286 5070 mortali,

746 5094 994 5167 sedin
1046 5094 1186 5167 illo
1232 5101 1414 5170 actu
1451 5107 1732 5193 peccat
1796 5103 2288 5189 mortaliter,

742 5213 956 5286 Deus
999 5211 1369 5289 conferat
1417 5215 1712 5288 donum
1746 5239 2011 5300 suum;
2049 5223 2125 5294 et
2161 5222 2296 5293 hu-

736 5329 870 5421 jus
925 5329 1301 5419 probatio
1381 5337 1531 5415 est,
1572 5335 1757 5426 quia
1801 5339 1927 5403 Dei
1988 5345 2290 5427 perfecta

738 5461 891 5516 sunt
929 5471 1158 5536 opera,
1206 5450 1536 5523 Denter.
1599 5454 1718 5524 22.
1763 5457 1843 5525 et
1878 5452 2050 5525 ideo
2120 5457 2294 5528 nul-

743 5565 913 5637 lum
981 5570 1219 5638 curat
1281 5587 1511 5658 quem
1549 5590 1705 5640 non
1774 5568 2127 5661 perfecte
2161 5595 2288 5646 cu-

2427 555 2598 632 rat;
2663 551 3004 644 impium
3075 554 3290 623 enirn
3335 558 3458 626 est
3525 571 3572 621 a
3627 551 3780 624 Deo
3813 552 3911 621 im-

2427 668 2870 760 perfectam
2906 689 3243 761 sperare
3276 668 3634 745 veniam:
3670 666 3916 738 nullum

2423 805 2622 876 ergo
2665 786 2958 857 donum
3004 807 3238 857 suum
3272 787 3407 860 dat
3471 785 3712 857 alicui
3753 790 3923 857 actu·

2422 902 2670 976 aliter
2741 908 2928 977 tunc
3017 902 3383 996 peccanti
3483 900 3924 973 mortaliter.

2425 1021 2572 1094 Sed
2639 1020 2876 1095 fictus
2954 1020 3036 1092 in
3125 1018 3640 1111 suscipiendo
3713 1018 3926 1108 Bapti-

2424 1142 3005 1228 smum,peccat
3044 1134 3738 1225 mortaliter,quia
3773 1132 3924 1204 facit

2427 1251 3055 1326 irreverentiam
3118 1252 3698 1330 Sacrament03
3769 1269 3926 1340 ergo

2424 1371 2635 1442 Deus
2671 1389 2769 1440 ex
2801 1369 3110 1441 virtute
3143 1367 3382 1459 hujus
3409 1372 3669 1443 actus,
3709 1366 3780 1434 in
3807 1384 3926 1455 quo

2426 1490 2706 1577 peccat
2744 1485 3424 1566 mortaliter,non
3466 1484 3604 1556 dat
3647 1481 3783 1553 sibi
3820 1479 3930 1550 ali-

2420 1601 2627 1692 quod
2668 1601 2965 1673 donum
3010 1599 3389 1691 speciale.

2515 1719 2741 1797 Item,
2828 1736 3062 1788 omne
3134 1716 3430 1787 donum
3488 1714 3639 1787 Dei
3693 1712 3924 1783 datum
3997 1728 4078 1819 (φ

2419 1831 2754 1914 homini,
2837 1838 2978 1906 aut
3045 1835 3172 1905 est
3246 1837 3580 1922 gratum
3634 1828 3920 1903 faciens,
3945 1802 4101 1902 ³³³⁵?

2419 1951 2544 2021 vel
2587 1948 2850 2040 gratis
2920 1950 3220 2029 datum,
3267 1949 3382 2021 sic
3445 1943 3923 2036 intelligendo
3946 1931 4101 2053 ᾗῇ

2421 2066 2597 2147 hoc,
2670 2065 2875 2156 quod
2915 2068 3036 2136 est
3075 2071 3405 2155 gratum
3463 2063 3792 2139 faciens,
3827 2050 4101 2171 vel‘fffnjssjflff

2420 2180 2858 2255 actualiter
2921 2182 3051 2253 vel
3153 2180 3656 2273 dispositive.
3748 2174 3928 2258 Quod

2417 2299 2744 2371 brevius
2775 2297 2929 2371 dici
3013 2296 3522 2391 potest,quod
3552 2298 3762 2368 Deus
3793 2290 3930 2362 nul-

2421 2416 2587 2487 lum
2672 2415 2970 2486 donum
3038 2415 3173 2488 dat
3256 2413 3529 2493 alicui,
3610 2409 3766 2482 nisi
3830 2406 3930 2477 vel

2423 2536 2761 2622 propter
2827 2530 3123 2602 bonum
3195 2530 3397 2622 ejus,
3467 2528 3593 2600 vel
3635 2529 3934 2618 propter

2421 2648 2716 2719 bonum
2769 2647 3181 2719 Ecclesiae.
3224 2645 3426 2718 Illud
3477 2644 3685 2736 quod
3743 2640 3929 2733 poni·

2421 2772 2557 2842 tur
2591 2766 3050 2848 character,
3092 2785 3254 2837 non
3306 2770 3430 2838 est
3460 2765 3756 2836 donum
3784 2779 3930 2851 gra·

2421 2885 2525 2957 tis
2607 2884 2908 2964 datum,
3003 2883 3174 2954 sive
3244 2886 3584 2975 propter
3668 2879 3928 2950 bonum

2423 2998 2825 3079 Ecclesiae,
2864 2996 3631 3089 cujusmodidonum
3667 2991 3929 3066 estlin-

2418 3135 2792 3201 guarum,
2828 3120 2910 3187 et
2947 3114 3088 3186 illa
3127 3114 3218 3184 de
3253 3112 3537 3205 quibus
3596 3109 3928 3202 loquitur

2420 3233 2859 3324 Apostolus
2897 3235 2965 3303 2.
3018 3234 3108 3300 ad
3143 3234 3452 3299 Corinth.
3487 3233 3555 3302 9.
3601 3228 3787 3321 quia
3848 3226 3927 3296 is-

2413 3351 2548 3422 tud
2610 3349 2811 3420 nulli
2869 3349 3211 3428 valeret,
3270 3347 3430 3419 nisi
3471 3350 3786 3420 tantum
3821 3340 3927 3411 ha—

2410 3466 2653 3538 benti.
2732 3467 2966 3537 Patet
3028 3465 3303 3540 etiam,
3396 3462 3600 3555 quod
3693 3459 3923 3531 nullus

2411 3582 2744 3656 effectus
2799 3581 3026 3655 utilis
3113 3579 3496 3653 Ecclesiae
3556 3578 3914 3672 sequitur.

2414 3698 2560 3772 Sed
2631 3720 2773 3772 nec
2853 3699 3150 3771 donum
3223 3699 3556 3788 gratum
3623 3694 3915 3769 faciens,

2409 3816 2596 3908 quia
2643 3837 2786 3909 per
2820 3817 3033 3890 istud
3063 3816 3362 3887 donum
3397 3833 3742 3907 persona
3785 3827 3911 3880 non

2407 3942 2946 4017 constituitur
2980 3941 3063 4012 in
3095 3941 3369 4032 aliquo
3421 3939 3671 4032 gradu
3732 3955 3917 4008 accc·

2410 4069 2803 4161 ptationis
2874 4071 3248 4159 respectu
3290 4065 3463 4148 Dei,
3500 4086 3643 4139 nec
3693 4065 3908 4137 etiam

2409 4196 2568 4269 talc
2636 4196 2930 4268 donum
2987 4191 3414 4268 confertur
3455 4194 3625 4265 sine
3684 4190 3913 4284 gratia

2406 4326 2486 4395 et
2554 4320 2984 4402 charitate,
3076 4320 3260 4413 quia
3325 4320 3541 4392 Deus
3601 4315 3913 4412 perfecte

2408 4453 2667 4522 sanat.

2493 4575 2800 4648 Ultimo
2889 4574 3275 4665 arguitur
3337 4592 3436 4644 ex
3489 4572 3649 4645 isto
3710 4567 3904 4642 modo
3997 4582 4031 4628 *³-

2405 4701 2743 4784 essendi,
2819 4699 2949 4792 qui
3013 4696 3347 4791 ponitur
3412 4693 3904 4770 characteris,

2408 4827 2596 4918 quia
2627 4824 2961 4919 ponitur
2989 4822 3467 4905 indelebiliS,
3492 4827 3574 4894 et
3607 4821 3754 4893 hoc
3786 4819 3904 4890 sic:

2405 4943 2648 5016 Nulla
2707 4942 2976 5016 forma
3038 4941 3247 5013 inest
3315 4939 3636 5035 animae,
3713 4951 3907 5028 quam

2405 5092 2564 5143 non
2614 5074 2884 5162 potest
2947 5071 3162 5142 Deus
3220 5067 3513 5148 delere,
3579 5067 3758 5158 quia
3800 5059 3910 5134 mi-

2404 5218 2552 5268 nus
2621 5199 2746 5269 est
2826 5194 3094 5266 delere
3164 5213 3404 5285 quam
3440 5212 3745 5272 creare,
3811 5184 3905 5255 vel

2406 5323 2695 5394 saltem
2781 5340 2942 5393 non
3034 5317 3373 5391 includit
3443 5310 3907 5391 contradicti·

2406 5469 2638 5520 onem
2699 5447 3051 5519 formam
3112 5450 3482 5519 creatam
3534 5444 3612 5516 in
3680 5442 3898 5514 anima

2402 5575 2649 5648 deleri
2723 5575 2821 5646 ab
2887 5575 3208 5652 anima:
3264 5590 3464 5664 ergo
3537 5572 3604 5642 si
3665 5568 3897 5642 chara·
