4255 6375
386 1537 700 1590 Ambrosius.

496 5150 582 5201 86.

403 5211 685 5280 Angustia.

727 431 841 504 190

731 600 1284 683 Sacramentum;
1320 624 1464 670 rem
1497 623 1650 670 vero
1680 603 2102 670 Sat-rumenti
2136 603 2287 690 Spi-

726 722 902 787 ritus
937 730 1208 785 sanctus
1263 720 1517 804 format
1571 731 1631 786 et
1669 720 1904 805 eflicit,
1955 731 2015 784 et
2070 739 2295 784 conse·

722 833 1136 901 erationibus
1201 836 1596 915 visibilibus,
1650 836 2087 901 invisibiliter
2152 854 2290 898 ma·

724 972 884 1017 num
945 953 1144 1018 totius
1203 963 1435 1018 auctor
1489 953 1806 1018 bonitatis
1858 953 2165 1039 apponit,
2233 962 2293 1016 et

729 1068 1221 1154 plenitudinem
1302 1071 1543 1155 qratioe
1617 1070 1955 1134 unctionis
2036 1069 2291 1134 divina²

721 1181 1063 1268 pinyuedo
1144 1183 1787 1265 sanctificationibus
1881 1184 2292 1268 officialibus

734 1299 1069 1384 infundit,
1117 1310 1179 1364 et
1217 1321 1359 1365 rem
1397 1301 1822 1366 Sam-amenti
1879 1309 2291 1365 consummat

732 1424 793 1480 et
880 1416 1169 1500 perficit,
1248 1427 1371 1482 etc.

824 1531 1209 1599 Ambrosius
1290 1533 1402 1598 lib.
1442 1616 1447 1621 ι
1499 1537 1556 1596 l.
1641 1533 1723 1597 de
1802 1532 2279 1610 Sacramentis,

739 1667 885 1734 cap.
922 1651 986 1715 3.
1031 1647 1414 1714 discernens
1462 1647 1632 1715 inter
1669 1668 1742 1714 ea
1783 1670 1931 1736 quaa
1974 1648 2286 1714 videntur

735 1762 801 1827 in
844 1784 1028 1829 sacro
1080 1764 1395 1849 mysterio
1430 1764 1871 1850 Baptismatis,
1917 1778 1981 1830 et
2020 1784 2095 1829 ea
2137 1783 2287 1851 quae

731 1898 859 1943 non
904 1878 1212 1945 videntur
1238 1901 1252 1944 t
1278 1880 1615 1966 Ingressus
1653 1901 1739 1960 es,
1784 1879 2019 1966 inquit,
2048 1879 2290 1944 vidisti

727 2017 995 2081 aquam,
1033 1996 1265 2061 vidisti
1314 1997 1757 2074 Sacerdotem,
1809 1996 2040 2061 vidisti
2095 1995 2287 2061 Levi-

729 2121 864 2175 tam
886 2134 909 2188 ,·
932 2110 1180 2177 etinl'ra
1216 2135 1230 2178 :
1275 2111 1535 2190 Vidisti,
1575 2133 1718 2198 quae
1751 2111 1979 2176 vide-re
2005 2110 2289 2196 potuisti

726 2230 935 2293 oculis
966 2231 1065 2294 tui
1094 2232 1414 2315 corporis,
1468 2242 1527 2295 et
1566 2231 1880 2295 humanis
1923 2230 2282 2315 conspecti-

727 2345 865 2425 bus,
904 2366 1037 2411 non
1068 2346 1304 2411 vidisti
1336 2348 1456 2412 illa
1500 2368 1644 2433 quoe
1688 2358 2076 2433 operantur,
2124 2348 2286 2434 quia

727 2484 863 2529 non
929 2464 1265 2544 videntur,
1348 2466 1472 2530 illa
1528 2467 1737 2531 multo
1803 2469 2065 2553 majora
2131 2475 2287 2532 sunt

729 2601 873 2666 qucc
924 2603 1055 2646 non
1106 2581 1417 2647 videntur
1468 2604 1666 2670 quam
1722 2604 1865 2670 quoe
1940 2581 2276 2659 videntur,

732 2698 1072 2782 qnoniam,
1118 2719 1262 2784 qua>
1296 2698 1605 2764 videntur
1645 2698 2043 2785 temporalia
2100 2708 2279 2778 sunt,

732 2834 877 2898 quse
944 2835 1072 2879 non
1156 2814 1469 2880 uidentur
1534 2825 1803 2894 ceterna,
1869 2828 1993 2881 ete.
2044 2816 2165 2879 Per
2210 2832 2284 2878 ea

733 2944 951 2997 autem
1040 2931 1279 3017 quibus
1363 2933 1596 2999 tribuit
1674 2932 2144 3019 operationem,
2221 2943 2285 2996 et

736 3068 866 3112 non
944 3047 1273 3127 videntur,
1362 3048 1665 3134 intelligit
1728 3048 2041 3135 Spiritum
2127 3068 2282 3114 san-

728 3179 911 3267 ctum
954 3168 1056 3235 cui
1127 3167 1356 3235 tribuit
1420 3168 1866 3256 operationem
1915 3168 2150 3255 gratiae
2219 3167 2283 3233 in

730 3284 973 3366 anima,
1011 3297 1077 3351 ut
1114 3297 1287 3372 patet
1327 3308 1470 3371 cap.
1519 3292 1581 3352 5.
1630 3285 1737 3351 ubi
1774 3285 2032 3352 adducit
2069 3306 2284 3351 exem-

733 3400 912 3488 plum
977 3403 1263 3467 Naaman
1321 3402 1495 3489 Syri,
1549 3403 1823 3490 ejusque
1875 3401 2286 3488 purgationis

732 3515 802 3581 in
842 3517 1142 3595 Iordane,
1192 3516 1489 3584 alludens
1547 3517 1625 3582 ad
1674 3538 1747 3583 ea
1798 3538 1948 3605 quae
1997 3516 2284 3583 visibilia

732 3644 885 3698 sunt
938 3632 1002 3698 in
1055 3635 1498 3708 Sacramento,
1537 3646 1598 3699 et
1647 3632 1770 3699 alia
1817 3653 1964 3721 quae
2005 3653 2133 3698 non
2186 3633 2282 3698 vi-

732 3748 992 3831 dentur,
1029 3749 1197 3817 sicut
1247 3772 1412 3838 aqua
1451 3750 1752 3819 Iordanis
1801 3752 1920 3818 ruit
1968 3749 2278 3830 visibilis,

734 3877 794 3931 et
835 3868 1145 3947 Naaman,
1200 3867 1311 3933 sed
1354 3878 1480 3933 non
1525 3868 1737 3935 virtus
1786 3869 2106 3949 sanativa,
2157 3889 2282 3955 qua

735 3981 1089 4049 mundatus
1149 3995 1248 4050 est
1324 4004 1358 4049 a
1419 3983 1647 4070 lepra:
1713 3985 1977 4065 Vidisti,
2043 3984 2277 4071 inquit,

740 4121 1003 4185 aquam,
1050 4101 1165 4165 sed
1219 4122 1353 4165 non
1413 4102 1630 4166 omnis
1676 4122 1851 4187 aqua
1888 4112 2108 4182 sanat,
2169 4100 2286 4166 sed

737 4239 912 4303 aqua
942 4229 1159 4295 sanat,
1198 4240 1340 4305 quse
1390 4217 1580 4282 habet
1617 4219 1909 4303 qratiam
1980 4218 2236 4284 Christi
2258 4244 2282 4299 ,-

731 4335 925 4399 aliud
972 4346 1064 4399 est
1125 4336 1539 4415 elementum,
1606 4334 1799 4401 aliud
1848 4337 2275 4412 consecratae,

731 4448 924 4514 aliud
984 4470 1168 4536 opus,
1230 4449 1424 4515 aliud
1492 4452 1834 4537 operatio;
1883 4472 2060 4537 aqua
2119 4470 2283 4536 opus

732 4575 849 4642 est,
900 4569 1202 4654 operatio
1246 4569 1546 4653 Spiritus
1595 4569 1811 4633 sancti
1858 4578 1973 4648 est,
2028 4579 2150 4633 etc.
2205 4569 2284 4632 Et

736 4682 848 4747 lib.
883 4688 946 4748 3.
1002 4703 1148 4769 cap.
1196 4685 1259 4747 2.
1318 4682 1475 4750 dicit
1515 4683 1591 4749 ad
1645 4683 2125 4749 invocationem
2176 4686 2285 4749 Sa·

733 4797 1015 4864 cerdotis
1056 4797 1310 4864 infundi
1361 4798 1675 4883 Spiritum
1722 4810 2017 4865 sanctum
2069 4799 2283 4885 bapti-

734 4929 896 4995 zate,
934 4937 1081 5004 quse
1111 4915 1444 4983 invocatio
1477 4916 1556 4982 ad
1588 4937 1799 5004 genus
1820 4937 2037 4984 causas
2070 4936 2284 4982 mora·

736 5031 816 5098 lis
857 5032 1210 5100 reducitur.

824 5149 981 5214 Item
1026 5148 1436 5236 Augustinus
1468 5148 1750 5234 epistola
1799 5149 1905 5213 23.
1959 5146 2049 5211 ad
2080 5147 2283 5211 Boni-

734 5265 1011 5347 facium,
1074 5265 1315 5332 doeens
1357 5275 1691 5351 peccatum
1762 5274 2104 5351 parentum
2155 5282 2281 5327 non

736 5403 929 5462 posse
995 5404 1231 5450 nocere
1292 5381 1525 5448 infanti
1583 5379 1996 5448 offerentium
2065 5379 2281 5466 ipsum

739 5498 947 5579 idolo;
994 5520 1123 5566 non
1195 5520 1450 5579 nocere,
1507 5499 1799 5586 inquam,
1845 5508 2160 5585 quantum
2205 5495 2279 5562 ad

736 5615 1017 5706 culpam,
1056 5618 1261 5706 utqui
1313 5615 1678 5702 baptizatus
1719 5626 1820 5682 est
1854 5625 1917 5681 et
1961 5625 2283 5701 purgatus

1909 435 2051 502 ua.
2098 441 2199 503 iv.
2249 381 2846 505 samaritanum

2405 601 2485 667 ab
2533 600 2864 690 originali,
2915 601 3087 690 quod
3135 603 3456 670 contraxit
3500 601 3585 668 ab
3635 596 3891 666 Adamo
3931 621 3944 664 :

2410 718 2561 784 Nisi
2607 720 2775 804 quis,
2831 718 3065 806 inquit,
3099 729 3371 785 renatus
3399 720 3613 802 fuerit
3661 738 3752 782 ex
3782 735 3948 801 aqua

2400 844 2463 900 et
2509 835 2777 921 Spiritu
2804 847 3054 914 sanctO,
3109 849 3232 902 etc.
3279 838 3467 923 Aqua
3513 836 3728 922 iyitur
3759 831 3951 897 exhi-

2402 949 2554 1016 bens
2591 953 2968 1035 sorinseeus
3016 954 3526 1018 Sacramentum
3572 950 3843 1038 qratioe,
3896 957 3950 1011 et

2397 1064 2698 1151 Spiritus
2755 1087 3044 1154 operans
3103 1069 3505 1134 intrinsecus
3562 1066 3949 1149 beneficium

2396 1184 2657 1268 qratiae,
2708 1185 2970 1251 soluens
3001 1186 3339 1252 vinculum
3367 1186 3607 1272 culpoe,
3651 1183 3946 1250 reconci-

2404 1299 2580 1365 lians
2610 1301 2849 1368 bonum
2873 1315 3156 1382 naturae,
3194 1325 3594 1390 reyenerans
3615 1303 3948 1369 hominem

2404 1417 2690 1494 Christ0‚
2728 1429 2851 1485 etc.
2889 1421 3395 1486 Sacramentum
3423 1420 3688 1506 qratioe,
3729 1418 3796 1484 id
3829 1429 3947 1496 est,

2396 1533 2660 1618 signum
2705 1535 2999 1617 exhibet,
3043 1557 3217 1622 aqua
3256 1535 3657 1621 forinsecus,
3701 1532 3948 1600 benefi-

2394 1648 2569 1714 cium
2608 1650 2840 1736 gratioe
2879 1662 3186 1737 operatur
3228 1651 3626 1717 intrinsecus
3660 1650 3946 1736 Spiritus

2395 1776 2685 1845 sanctus,
2750 1779 2810 1832 et
2863 1768 2976 1833 lib.
3043 1772 3149 1834 15.
3213 1767 3296 1833 de
3342 1767 3587 1833 Trinit.
3637 1787 3791 1853 cap.
3838 1767 3938 1831 26.

2402 1891 2597 1969 negat
2659 1881 2887 1950 eadem
2954 1883 3204 1950 ratione
3271 1882 3629 1970 discipulos
3704 1882 3949 1948 Christi

2398 1998 2660 2066 dedisse
2700 2001 3018 2087 Spiritum
3070 2010 3420 2068 sanctum:
3471 2000 3804 2078 Orabam,
3851 1999 3946 2065 in-

2397 2116 2566 2202 quit,
2603 2128 2674 2182 ut
2707 2119 2965 2183 veniret
3005 2119 3077 2182 in
3113 2138 3240 2197 eos,
3279 2117 3513 2203 quibus
3546 2139 3787 2182 manus
3826 2118 3950 2181 im-

2395 2232 2750 2319 ponebam,
2832 2236 3015 2311 Item,
3095 2235 3560 2319 Hieronymus,
3627 2231 3822 2297 Isaiae
3881 2235 3938 2297 4.
4008 2229 4118 2278 {aaa

2395 2360 2680 2417 tractans
2722 2351 2880 2417 illud
2940 2353 3166 2418 Matth.
3213 2356 3279 2417 3.
3345 2352 3485 2438 Eyo
3527 2371 3638 2416 vos
3676 2351 3945 2437 baptizo

2394 2466 2471 2530 in
2535 2488 2731 2552 aqua,
2804 2480 2926 2534 etc.
2999 2469 3109 2532 Ex
3152 2470 3294 2547 hoc,
3351 2466 3591 2554 inquit,
3653 2466 3942 2531 dicimus

2393 2583 2567 2669 quod
2615 2583 2807 2648 homo
2848 2595 3105 2650 tantum
3153 2606 3395 2671 aquam
3436 2585 3708 2666 tribuat,
3783 2587 3944 2649 Deus

2392 2709 2613 2764 autem
2651 2699 2986 2786 Spiritum
3023 2713 3348 2779 sanctum,
3398 2711 3521 2766 ete.

2482 2814 2815 2881 Accedunt
2877 2826 2943 2881 et
2991 2818 3213 2882 Patres
3266 2816 3499 2895 Graeci,
3537 2816 3942 2903 explicantes

2398 2930 2556 2997 illud
2588 2932 2855 2999 loannis
2904 2936 2968 2999 3.
3016 2934 3163 2998 Nisi
3222 2935 3367 3018 quis
3425 2945 3700 2998 renatus
3739 2935 3947 3018 fuerit

2394 3069 2477 3114 esc
2525 3070 2700 3136 aqua
2747 3060 2806 3115 et
2850 3050 3115 3135 Spiritu
3157 3059 3405 3129 sancto,
3457 3064 3582 3116 etc.
3651 3049 3940 3137 purgati-

2393 3184 2585 3231 onem
2617 3183 2653 3230 a
2684 3163 2874 3251 culpa
2899 3164 3201 3232 tribuunt
3221 3165 3525 3252 Spiritui3
3554 3180 3619 3234 et
3649 3167 3803 3255 quia
3835 3167 3937 3233 ho·

2396 3301 2501 3345 mo
2532 3281 2937 3368 compositus
2985 3294 3083 3349 est
3123 3303 3203 3349 ex
3269 3281 3486 3349 anima
3527 3293 3592 3350 et
3648 3303 3936 3371 corpore,

2395 3417 2627 3483 aquam
2669 3396 2923 3484 corpori
2969 3398 3285 3476 sanand0‚
3342 3397 3659 3484 Spiritum
3710 3398 3940 3464 anim-te

2395 3513 2906 3580 accommodant.
2943 3515 3281 3600 Nyssenus
3323 3516 3396 3580 in
3430 3515 3545 3583 lib.
3590 3515 3674 3580 de
3715 3516 3939 3601 Bapti-

2391 3649 2530 3693 smo
2587 3629 2757 3695 circa
2817 3629 3076 3695 initium
3125 3653 3139 3695 :
3212 3632 3340 3696 {loc
3381 3640 3627 3708 autem,
3703 3629 3933 3716 inquit,

2394 3744 2783 3827 beneficium
2823 3768 2953 3812 non
2986 3768 3170 3832 aqua
3211 3748 3503 3834 laryitur
3533 3745 3741 3835 (esset
3771 3747 3937 3812 enim

2393 3864 2580 3927 omni
2618 3875 2929 3929 creatura
2957 3864 3375 3951 sublimior),
3405 3864 3521 3929 sed
3554 3865 3680 3929 Dei
3704 3884 3938 3950 proeee-

2388 3989 2599 4064 ptum,
2638 3990 2698 4044 et
2731 3980 3054 4065 Spiritus,
3087 3981 3201 4066 qui
3233 3981 3504 4065 mystice
3534 3981 3626 4045 ad
3650 3991 3936 4046 nostram

2397 4094 2764 4160 libertatem
2796 4097 2974 4162 venit
3005 4117 3298 4161 accessus
3313 4119 3338 4175 ,·
3386 4118 3560 4182 aqua
3595 4117 3751 4162 vero
3795 4095 3934 4160 sub-

2392 4213 2598 4277 servit
2658 4213 2748 4277 ad
2797 4212 3271 4279 ostendendam
3308 4215 3826 4300 purqationem,·
3878 4220 3935 4276 et

2397 4325 2562 4392 infra
2600 4351 2616 4395 t
2655 4328 2806 4393 Nisi
2836 4330 2982 4415 quis
3013 4340 3285 4396 renatus
3313 4330 3526 4414 fuerit
3558 4350 3642 4395 ea:
3682 4351 3852 4416 aqua
3881 4337 3934 4391 et

2393 4447 2659 4531 Spiritu
2714 4460 2969 4527 sanem,
3031 4459 3154 4515 etc.
3207 4451 3426 4525 Quare
3482 4449 3640 4515 bina
3700 4450 3846 4525 illa,
3881 4456 3935 4512 et

2393 4583 2528 4627 non
2578 4565 2755 4628 solus
2803 4564 3101 4648 Sgn‘ritus
3138 4566 3482 4650 sussiciens
3522 4568 3933 4632 eaer‘stt'ntatm

2393 4687 2486 4743 est
2560 4678 2651 4744 ad
2716 4679 3217 4765 completionem
3294 4682 3766 4767 baptismatis?
3813 4686 3929 4747 Re-

2394 4794 2704 4882 spondet:
2738 4798 3153 4883 Compositus
3183 4809 3275 4864 est
3297 4800 3509 4877 hom0,
3538 4810 3599 4864 et
3628 4821 3769 4866 non
3785 4802 3930 4865 sim·

2388 4913 2552 4998 pleat
2584 4922 2651 4977 ut
2681 4923 2856 4979 certo
2894 4915 3157 4993 scimus,
3196 4925 3388 5002 atque
3422 4915 3679 4981 idcirco
3711 4916 3927 5003 dupli-

2393 5029 2455 5092 ci
2511 5032 2985 5116 conjunctoque
3042 5041 3322 5116 coqnata
3387 5032 3773 5119 similiaque
3818 5033 3930 5098 ele-

2395 5153 2614 5208 menta
2675 5143 2766 5209 ad
2829 5148 3240 5211 curationem
3307 5145 3666 5224 destinata,
3750 5160 3930 5234 atque

2395 5258 2716 5326 attributa
2746 5269 2900 5325 sunt
2919 5284 2943 5340 ,¹
2986 5262 3252 5346 corpori
3289 5260 3551 5347 quidem
3593 5262 3770 5347 quod
3816 5285 3925 5349 ap·

2389 5386 2606 5464 paret,
2644 5395 2819 5462 aqua
2849 5396 2992 5461 quoe
3020 5376 3135 5441 sub
3164 5362 3419 5442 sensum
3453 5376 3659 5456 cadit,
3697 5380 3928 5444 anima»

2395 5513 2548 5558 vero
2581 5491 2757 5579 quod
2787 5493 2997 5557 visum
3028 5492 3287 5580 effuyit,
3325 5494 3623 5578 Spiritus
3662 5495 3780 5581 qui
3807 5514 3924 5559 non

2374 5620 2691 5696 apparet,
2731 5610 2845 5696 qui
2879 5608 3017 5692 side
3054 5620 3347 5689 vocatur,
3387 5610 3502 5694 qui
3540 5610 3922 5696 infallibili-
