4255 6375
1435 467 1632 529 ms'r.
1665 468 1735 528 V.
1786 467 2150 543 QUAESTIO
2200 470 2273 531 11.

832 725 1228 786 SCHOLIUM.

324 917 532 984 Negat
580 916 857 986 pretium
907 914 1183 972 dandum
1240 929 1355 988 pro
1414 919 1810 976 sacramento

247 1012 454 1068 etiam
489 1010 552 1066 in
585 1015 866 1068 extrema
899 1012 1295 1084 necessitate3
1329 1012 1496 1070 idem
1530 1013 1807 1072 absolute

243 1111 340 1166 ait
398 1112 610 1167 Alens„
689 1113 741 1165 2.
789 1116 951 1182 part.
1012 1125 1072 1182 q.
1129 1113 1251 1168 187.
1305 1125 1386 1169 m.
1448 1112 1501 1167 3.
1571 1118 1689 1171 art.
1752 1115 1803 1171 1.

241 1210 314 1264 D.
349 1211 541 1265 Tltom.
577 1209 698 1267 liic.
734 1225 792 1282 q.
825 1214 880 1266 2.
913 1217 1030 1268 art.
1063 1216 1117 1267 2.
1146 1217 1205 1270 et
1238 1212 1295 1268 d.
1324 1213 1415 1268 25.
1441 1228 1501 1284 q.
1524 1215 1579 1271 3.
1603 1221 1720 1273 art.
1747 1219 1801 1271 2.

242 1310 308 1362 et
333 1311 394 1363 2.
431 1311 486 1362 2.
519 1321 577 1379 q.
617 1309 739 1363 10).
772 1314 888 1365 art.
921 1313 975 1364 2.
1009 1309 1085 1364 ad
1122 1312 1172 1367 1.
1204 1315 1459 1380 Araqon.
1495 1311 1605 1368 ibi.
1651 1315 1801 1370 Rich.

245 1405 304 1460 4.
340 1402 409 1461 d.
441 1406 531 1461 25.
573 1410 689 1461 art.
724 1405 779 1462 3.
809 1421 864 1477 q.
897 1408 946 1462 1.
992 1408 1193 1462 Palud.
1228 1421 1287 1477 q.
1320 1409 1375 1466 8.
1411 1409 1556 1467 licet
1594 1415 1802 1469 tamen

241 1501 504 1573 aliquid
535 1501 685 1560 dare
715 1518 828 1576 pro
858 1503 1226 1562 redimenda
1257 1507 1610 1576 vexatione,
1644 1512 1806 1567 sicut

243 1606 307 1657 et
341 1616 464 1674 pro
494 1601 701 1659 labore
750 1608 811 1660 et
861 1605 1147 1673 materia,
1199 1620 1322 1663 non
1355 1607 1562 1675 aliter,
1615 1613 1674 1666 et
1713 1611 1803 1666 sic

239 1700 707 1769 intelligendus
739 1707 832 1760 est
881 1705 1116 1761 Doctor.
1179 1705 1239 1760 Si
1291 1706 1462 1761 enim
1514 1706 1805 1763 minister

243 1803 520 1868 negaret
554 1798 703 1855 dare
734 1800 1231 1871 Sacramentum,
1257 1805 1379 1860 uisi
1405 1804 1571 1862 alius
1601 1807 1804 1877 pacis-

249 1900 443 1951 catur
472 1895 545 1952 de
576 1898 843 1955 emendo
903 1900 1220 1971 spirituali
1251 1902 1410 1971 ejuS‚
1457 1901 1632 1959 nullo
1672 1916 1804 1958 mo—

245 1993 332 2051 do
361 1999 461 2052 est
490 1997 577 2051 sic
609 1997 1073 2068 accipiendum,
1109 2003 1168 2055 et
1226 2001 1423 2057 multo
1456 2002 1665 2057 minus
1713 2002 1803 2058 sic

242 2093 619 2164 petendum,
648 2096 798 2166 quia
829 2096 941 2153 hoc
973 2102 1065 2155 est
1097 2099 1439 2156 intrinsece
1473 2102 1728 2157 malum.

336 2328 443 2416 (c)
529 2329 651 2412 Ad
737 2330 1099 2413 tertium,
1190 2330 1367 2404 dico
1442 2334 1649 2424 quod
1733 2333 1799 2405 si

193 2445 392 2516 ·ille
456 2445 675 2517 nullo
752 2447 983 2518 modo
1057 2448 1302 2542 vellet
1352 2448 1793 2541 baptizare,

239 2563 409 2635 nisi
482 2585 629 2655 pro
691 2568 874 2637 actu
929 2565 1381 2658 baptizandi
1455 2566 1797 2659 recipiat

239 2680 633 2773 pretium,
697 2687 776 2756 et
820 2682 936 2754 sic
974 2682 1081 2756 sit
1142 2683 1496 2775 perfecte
1561 2683 1797 2757 simo-

239 2797 560 2881 niacus,
644 2799 830 2891 quia
916 2801 1260 2873 vendens
1324 2805 1796 2875 Sacramen-

242 2919 452 2997 tum,
489 2915 710 2988 nullo
792 2917 1020 2989 modo
1071 2918 1572 3011 recipiendus
1673 2924 1799 2993 est

244 3033 724 3126 Baptismus
760 3034 858 3106 ab
890 3055 1025 3115 eo;
1062 3055 1317 3127 neque
1369 3056 1518 3128 pro
1578 3035 1798 3107 adul-

243 3157 355 3237 to,
386 3151 572 3244 quia
602 3156 974 3245 peccaret
1005 3151 1495 3236 mortaliter,
1531 3156 1610 3226 et
1638 3172 1795 3225 non

246 3270 668 3363 obligatur
733 3271 828 3343 ad
882 3270 1429 3363 recipiendum
1509 3276 1795 3345 Sacra-

245 3393 638 3470 mentum,
696 3388 1007 3480 quando
1059 3409 1216 3461 non
1273 3392 1540 3481 potest
1602 3389 1795 3461 reci·

243 3498 655 3595 pere‘sine
724 3510 1055 3596 peccato
1129 3504 1795 3598 mortali3neque

243 3639 397 3711 pro
444 3620 784 3712 parvulo
831 3642 1001 3703 suo,
1055 3625 1234 3694 esto
1295 3620 1544 3694 etiam
1589 3622 1793 3712 quod

240 3736 517 3808 nullus
584 3740 798 3810 esset
869 3737 999 3829 qui
1054 3737 1292 3809 vellet
1378 3737 1793 3828 baptizare

244 3851 325 3925 in
368 3853 817 3947 provincia.

331 3977 441 4047 Et
482 3973 548 4045 si
619 3991 946 4062 arguas,
1000 3976 1189 4046 tunc
1237 3970 1571 4063 exponit
1615 3990 1792 4063 par-

243 4090 526 4161 vulum
589 4109 820 4161 suum
933 4088 1291 4182 periculo
1398 4088 1793 4161 damnati-

248 4210 474 4281 onis?
554 4209 1055 4301 Respondet),
1119 4206 1475 4299 baptizet
1512 4208 1682 4298 ipse
1725 4207 1793 4279 si

246 4324 536 4418 possit,
619 4327 900 4417 utpote
959 4324 1218 4397 sinon
1251 4325 1375 4395 est
1429 4344 1789 4407 mancuS,

237 4444 367 4517 vel
407 4444 706 4523 mutus;
741 4439 868 4513 vel
912 4439 979 4512 si
1030 4459 1189 4511 non
1256 4441 1513 4532 possit
1586 4441 1794 4513 inve-

241 4562 423 4635 nire
457 4562 805 4657 aliquem
857 4560 937 4634 in
983 4557 1454 4649 baptizando
1513 4580 1794 4651 parvu-

241 4683 415 4756 lum
497 4700 755 4764 suum,
834 4679 995 4753 nisi
1080 4679 1413 4750 emendo
1520 4677 1797 4770 Bapti-

245 4823 539 4882 smum‚
622 4799 847 4872 debet
895 4798 1309 4870 dimittere
1379 4797 1794 4890 parvulum

246 4917 458 4990 mori
496 4915 665 4989 sine
699 4915 1147 5008 Baptismo,
1187 4915 1374 5008 quia
1408 4934 1564 4984 non
1611 4918 1797 4987 sunt

248 5035 604 5108 facienda
660 5033 899 5115 mala,
937 5037 1021 5109 ut
1057 5032 1232 5106 inde
1293 5031 1616 5104 veniant
1667 5030 1798 5102 bo-

245 5174 374 5239 na,
410 5156 504 5222 ad
537 5158 717 5223 Rom.
755 5178 808 5223 c.
870 5157 933 5226 3.
997 5156 1077 5226 et
1141 5149 1473 5245 quilibet
1535 5147 1796 5239 magis

243 5272 474 5345 debet
506 5269 844 5361 diligere
879 5269 1236 5361 seipsum
1269 5289 1503 5361 quam
1535 5265 1798 5360 proxi-

250 5409 495 5470 mum,
532 5391 612 5461 et
646 5407 789 5479 per
827 5406 1327 5478 consequens
1373 5387 1634 5477 magis
1718 5386 1798 5457 in

251 5503 520 5595 seipso
590 5499 857 5574 vitare
929 5504 1351 5592 peccatum
1422 5499 1797 5585 mortale,

253 5637 496 5711 quam
534 5616 615 5689 in
648 5616 809 5689 alio
842 5617 1483 5697 damnationem;
1533 5623 1804 5691 tamen

3336 471 3455 533 517

1920 623 2056 698 ille
2089 621 2328 700 casus
2362 632 2451 702 de
2482 631 2807 712 difficili,
2867 632 2991 704 vel
3064 650 3473 723 nunquam

1919 746 2457 837 contingeret,
2560 748 2749 839 quin
2853 749 3024 821 sine
3133 749 3473 821 simonia

1920 863 2501 937 committenda
2543 886 2640 936 ex
2692 870 2926 958 parte
2983 867 3467 958 baptizandi,

1919 980 2044 1052 vel
2114 980 2528 1055 offerentis
2581 984 3001 1074 parvulum
3068 982 3474 1075 baptizan-

1914 1098 2125 1181 dum,
2173 1098 2430 1190 possit
2465 1098 2932 1190 Baptismus
3004 1098 3315 1171 haberi.
3391 1097 3470 1170 si
3546 1118 3629 1166 An
3658 1118 3755 1188 ogni

1915 1213 2129 1286 enim
2176 1215 2308 1286 illc
2372 1215 2754 1288 Sacerdos
2823 1215 3065 1288 vellet
3125 1216 3467 1286 vendere
3497 1186 3809 1311 Bass‘t'ifflus,

1916 1350 2209 1422 aquam
2248 1351 2503 1411 suam,
2558 1334 2638 1404 et
2670 1331 2889 1403 nullo
2930 1332 3157 1404 modo
3228 1329 3470 1403 aliter

1916 1446 2385 1519 concederet
2447 1465 2651 1526 eam,
2696 1449 2961 1537 potest
3029 1445 3205 1537 ipsa
3282 1445 3469 1528 emi,

1914 1574 2089 1634 esto
2123 1563 2371 1636 etiam
2407 1562 2612 1654 quod
2648 1561 2754 1635 sit
2789 1566 3295 1644 consecrata,
3341 1563 3473 1633 sed

1915 1679 2138 1754 nullo
2212 1683 2445 1754 modo
2514 1681 2872 1754 habendo
2963 1681 3289 1753 oculum
3378 1682 3471 1752 ad

1914 1798 2646 1881 consecrat-ionem,
2715 1797 2902 1889 quia
2963 1800 3284 1871 tantum
3338 1817 3469 1868 va-

1915 1913 2144 1995 leret.
2238 1919 2626 2006 quantum
2700 1935 2856 1986 non
2941 1917 3462 1992 consecrata;

1915 2033 2029 2105 sic
2078 2032 2295 2104 enim
2373 2032 2572 2105 licet
2684 2034 3026 2104 vendere
3130 2031 3465 2104 calicem

1915 2154 2519 2229 consecratum,
2577 2149 2799 2221 nullo
2845 2148 3077 2220 modo
3143 2146 3464 2240 oculum

1915 2264 2273 2336 habendo
2327 2265 2422 2335 ad
2461 2263 2907 2343 emendum,
2954 2263 3081 2334 vel
3134 2262 3466 2334 venden-

1911 2382 2097 2454 dum
2155 2380 2879 2471 consecrationem.

2004 2498 2087 2572 Si
2137 2501 2408 2570 autem
2471 2498 2861 2571 Sacerdos
2905 2495 3215 2570 nitatur
3281 2515 3465 2567 ven-
3520 2519 3778 2581 Quomodo

1911 2615 2097 2687 dere
2168 2620 2427 2688 actum
2507 2614 3106 2707 baptizationis
3193 2584 3805 2709 potestpoo‘lss‘ss‘pro

1914 2731 2049 2804 ille
2110 2733 2246 2823 qui
2330 2731 2570 2804 offert
2650 2729 3081 2824 parvulum
3159 2749 3456 2809 emere,
3503 2711 3802 2823 Sacfiffen‘

1911 2867 2072 2917 non
2130 2846 2545 2919 intendens
2588 2850 2861 2920 actum
2921 2846 3150 2919 illum
3193 2864 3465 2916 emere

1915 2963 2393 3055 inquantum
2462 2968 2586 3037 est
2641 2963 3257 3044 sacramentale,
3332 2962 3464 3033 sed

1908 3081 2277 3154 laborem
2336 3081 2799 3156 Sacerdotis
2860 3081 2941 3153 in
3019 3081 3159 3152 illo
3249 3084 3463 3162 actu,

1910 3202 2126 3275 sicut
2188 3201 2752 3274 conducuntur
2801 3199 3032 3271 hodio
3077 3198 3465 3271 Sacerdo-

1911 3321 2031 3391 tes
2102 3319 2197 3389 ad
2259 3318 2819 3393 celebrandum
2903 3317 3225 3397 Missas,
3302 3335 3464 3387 non

1910 3440 1997 3507 ut
2042 3435 2200 3528 ipsi
2240 3436 2610 3517 vendant,
2675 3439 2753 3506 et
2807 3434 2947 3507 alii
3007 3438 3282 3509 emant
3332 3453 3461 3506 ac-

1908 3555 2080 3624 tum
2137 3551 2737 3635 celebrationis
2796 3552 3274 3645 inquantum
3333 3554 3459 3624 est

1906 3669 2531 3752 sacramentale,
2596 3669 2801 3760 quod
2843 3667 3051 3741 absit
3085 3692 3099 3747 ;
3139 3667 3273 3738 sed
3308 3665 3463 3758 ipsi

1903 3787 2252 3859 vendunt
2324 3786 2712 3867 laborem,
2802 3790 2881 3857 et
2952 3784 3094 3857 alii
3182 3787 3460 3857 emunt

1903 3925 2114 3986 eum,
2164 3903 2346 3995 quia
2407 3906 2730 3994 oportet
2809 3920 3459 3992 unumquemque

1904 4020 1994 4092 de
2037 4041 2183 4091 suo
2231 4019 2511 4090 labore
2556 4017 2836 4091 taliter
2918 4016 3270 4108 qualiter
3348 4016 3462 4086 vi-

1905 4137 2197 4210 ctitare
2230 4140 2309 4209 et
2349 4135 2603 4209 vitam.
2640 4134 3092 4226 acquirere.

2353 4480 3014 4545 COMMENTARIUS.

1997 4810 2083 4897 (c)
2173 4808 2278 4874 Ad
2338 4809 2602 4874 tertium
2666 4808 2838 4887 dice,
2902 4820 3025 4872 etc.
3102 4806 3215 4873 llic
3267 4828 3457 4874 casus

1909 4937 2221 4992 tractatur
2291 4923 2372 4990 ab
2438 4923 2811 4990 auctoribus
2888 4922 3102 4989 citatis
3167 4944 3202 4987 a
3254 4923 3452 4988 Scho-

1908 5042 2127 5122 liaste;
2167 5041 2476 5108 resolutio
2510 5040 2887 5127 principalis
2919 5052 3017 5108 est
3045 5041 3445 5108 communis:

1912 5159 2091 5228 nullo
2164 5158 2352 5224 modo
2439 5179 2628 5245 posse
2688 5159 2815 5244 peti
2858 5161 3345 5225 Sacramentum
3378 5160 3458 5224 ab

1911 5297 2012 5356 ρο,
2066 5276 2177 5364 qui
2224 5296 2352 5340 non
2413 5274 2556 5341 vult
2602 5274 2918 5354 conferre,
2984 5274 3109 5340 nisi
3141 5275 3303 5341 alter
3350 5296 3458 5361 pa·

1913 5393 2198 5459 ciscatur
2272 5411 2420 5458 cum
2490 5389 2632 5476 ipso
2700 5369 3139 5476 simoniacegj'
3185 5392 3459 5457 emendo

1918 5516 2408 5579 Sacramentum
2468 5532 2595 5598 qua
2663 5509 2810 5590 tale,
2847 5521 2909 5574 et
2960 5530 3088 5596 qua
3120 5509 3461 5596 spirituale

1919 5640 2041 5707 est,
2100 5626 2250 5715 quia
2310 5647 2444 5693 non
2527 5636 2679 5692 sunt
2716 5623 3039 5710 facienda
3079 5626 3281 5705 mala,
3328 5639 3450 5692 etc,

3609 4865 3683 4920 14.
