4255 6375
1584 456 1762 518 ms't·
1807 456 1850 517 1.
1899 455 2260 531 QUAESTIO
2309 456 2358 519 1.

381 618 499 685 sed
532 618 1006 699 intentionalis,
1052 639 1127 686 ac
1173 618 1446 707 proinde
1501 618 1746 684 nullam
1814 639 1925 684 ac-

382 734 656 813 tionem,
698 734 939 801 nullam
983 733 1363 800 relationem
1389 733 1654 813 realem,
1702 753 1935 799 secun-

383 850 542 918 dum
574 852 756 918 illum
807 852 1070 919 modum
1131 850 1418 931 essendi,
1454 861 1664 937 potest
1707 850 1937 915 funda-

388 987 484 1044 re,
532 968 686 1054 quia
752 980 881 1033 tam
957 966 1184 1032 relatio
1244 967 1438 1033 realis
1497 987 1691 1053 quam
1770 965 1937 1030 actio

391 1082 671 1169 exigunt
714 1083 1128 1149 existentiam
1174 1082 1410 1148 realem
1447 1094 1758 1170 tanquam
1819 1101 1935 1146 ne-

396 1200 748 1268 cessariam
780 1199 1218 1265 conditionem
1291 1200 1353 1264 in
1396 1221 1471 1265 eo
1512 1220 1545 1264 a
1587 1220 1716 1285 quo
1755 1208 1934 1263 sunt.

63 1332 340 1393 Objectum
486 1318 810 1381 Caeterum
868 1315 1226 1382 secundum
1298 1313 1455 1379 illud
1527 1336 1664 1379 esse
1731 1313 1942 1399 ipsius

51 1398 343 1513 ωῗέιῗιῖξη,
396 1431 817 1517 cognitionis,
871 1444 934 1497 et
987 1431 1465 1518 participatum.
1510 1430 1748 1496 dicitur
1786 1449 1942 1494 cau-

64 1526 335 1647 quon‘iixio.
399 1570 567 1626 sare,
627 1560 696 1614 ut
742 1548 1002 1636 quando
1051 1549 1487 1635 apprehensio
1535 1548 1768 1635 objecti
1814 1567 1942 1611 non

401 1664 749 1731 existentis
850 1678 1073 1730 causat
1183 1664 1749 1749 compositionem,
1833 1682 1940 1728 ne-

403 1801 529 1866 que
587 1780 714 1846 alio
771 1780 962 1846 modo
1019 1780 1312 1847 scientiae
1371 1780 1575 1846 reales
1634 1778 1944 1845 dicuntur

400 1894 643 1961 habere
677 1894 983 1961 veritates
1031 1909 1328 1962 causatas
1372 1894 1452 1960 ab
1491 1894 1767 1981 objectO,
1833 1906 1944 1959 aut

402 2010 621 2097 ipsum
679 2010 1002 2097 objectum
1052 2011 1387 2077 continere
1429 2009 1800 2076 virtualiter
1831 2030 1941 2073 ve-

402 2126 627 2193 ritates
669 2127 971 2193 formales
1010 2126 1327 2202 scientiae,
1372 2124 1450 2191 ad
1497 2145 1660 2213 quas
1703 2123 1767 2189 in
1840 2125 1941 2189 in-

400 2243 663 2310 tellectu
731 2242 1150 2320 abstractim,
1188 2263 1318 2307 non
1361 2240 1554 2307 refert
1585 2262 1666 2305 an
1707 2240 1947 2306 existat

401 2374 547 2426 actu
595 2360 659 2426 in
690 2359 907 2447 aliquo
969 2358 1287 2425 inferiori.
1337 2362 1470 2423 Hoc
1508 2358 1701 2422 etiam
1756 2356 1947 2422 modo

427 2496 645 2561 genus
671 2495 886 2542 causae
917 2474 1310 2560 exemplaris
1344 2471 1676 2539 reducitur
1714 2492 1749 2538 a
1792 2475 1947 2538 Doc-

401 2604 546 2657 tore
607 2590 687 2656 ad
735 2612 996 2658 causam
1029 2589 1426 2657 efficientem
1469 2604 1542 2655 ut
1590 2587 1815 2675 dirigit
1872 2588 1950 2654 ad

398 2718 614 2790 extra,
654 2706 977 2772 mediante
1026 2706 1426 2792 cognitione.

493 2829 588 2891 Ex
622 2847 750 2913 quo
791 2837 965 2911 patet
1005 2834 1175 2889 recte
1224 2821 1376 2899 dici,
1422 2843 1556 2887 esse
1623 2819 1952 2907 cognitio-

402 2940 510 3006 nis
553 2939 923 3027 participari
992 2938 1073 3003 ab
1111 2938 1366 3023 objecto
1432 2935 1725 3022 cognitO,
1773 2932 1949 3021 quod

404 3056 639 3143 probat
668 3055 908 3141 optime
956 3058 1189 3120 Doctor
1239 3054 1619 3119 auctoritate
1694 3054 1767 3116 D.
1831 3056 1952 3116 Au-

412 3169 692 3260 gustini,
736 3172 1039 3258 superius
1075 3169 1265 3236 habel
1322 3168 1610 3235 nobilius
1673 3187 1817 3235 esse
1883 3167 1955 3231 in

77 3306 356 3372 Responsio
413 3311 506 3368 se,
545 3300 670 3358 etc.
711 3291 999 3374 Negatur
1046 3307 1203 3373 ergo
1251 3286 1491 3373 paritas
1536 3286 1702 3350 inter
1742 3290 1955 3369 Ange-

62 3374 389 3496 consgduem,
419 3406 556 3473 lum
593 3405 929 3491 cognitum
971 3404 1052 3469 ab
1092 3403 1217 3469 alio
1267 3401 1546 3488 AngeIO,
1583 3414 1646 3466 et
1689 3402 1954 3464 domum

82 3495 367 3563 Dispmm
419 3527 487 3592 in
541 3538 779 3602 mente,
818 3534 1129 3609 quantum
1166 3520 1243 3586 ad
1294 3520 1437 3598 hoc,
1478 3517 1648 3604 quod
1702 3530 1958 3582 utrum-

86 3566 215 3608 inter
245 3576 361 3611 esse

124 3626 199 3671 An
202 3624 326 3735 {1³¹ss
416 3661 549 3727 que
635 3638 839 3724 possit
886 3658 1030 3703 esse
1102 3634 1493 3721 principium
1558 3629 1954 3718 producendi

96 3749 346 3800 nrtetacti.
414 3748 708 3834 seipsum
777 3743 856 3811 ad
900 3758 1107 3821 extra,
1183 3743 1334 3829 quia
1422 3739 1716 3826 Angelus
1760 3739 1824 3804 in
1888 3760 1960 3804 se

3525 449 3606 514 67

2047 619 2405 684 formaliter
2469 630 2594 699 est,
2669 618 2918 684 moveri
3007 617 3409 684 intellectum
3484 625 3597 680 aut

2048 733 2552 801 intellectionem
2596 733 2983 811 mensurari,
3011 735 3122 800 sed
3164 745 3417 801 tantum
3466 746 3594 800 ter-

2051 851 2310 927 minari,
2335 854 2526 938 eujus
2558 852 2886 940 objectum
2921 851 3264 930 motivum,
3301 862 3367 917 et
3410 871 3598 916 meu—

2051 968 2418 1034 surativum
2481 980 2580 1034 est
2617 967 2907 1055 aliquod,
2948 967 3045 1033 vel
3084 966 3302 1053 aliqua
3363 965 3583 1045 realia,

2051 1104 2286 1169 nempe
2328 1082 2656 1170 objectum
2703 1103 2785 1149 ex
2816 1081 3055 1170 quibus
3107 1082 3436 1149 ‘causatur
3496 1080 3596 1146 in-

2052 1199 2355 1279 tellectiO,
2398 1220 2546 1286 qum
2596 1211 2812 1263 tamen
2857 1197 3207 1264 intellectio
3282 1208 3379 1264 est
3423 1218 3601 1263 men-

2055 1339 2207 1384 sura
2240 1330 2303 1384 et
2335 1320 2496 1384 ratio
2548 1316 2825 1384 faciendi
2860 1318 3127 1384 domum
3161 1317 3239 1383 ad
3267 1328 3475 1393 extra,
3531 1327 3600 1382 ut

2054 1434 2375 1521 contingit
2417 1435 2480 1499 in
2520 1434 2829 1499 omnibus
2868 1433 3220 1511 artefactis,
3277 1446 3592 1521 quantum

2052 1551 2130 1616 ad
2165 1572 2238 1616 ea
2279 1572 2427 1637 quae
2474 1572 2582 1617 ars
2631 1551 3007 1638 superaddit
3079 1563 3352 1628 naturae,
3427 1548 3599 1636 quod

2055 1667 2344 1753 cognitio
2411 1668 2578 1733 sicut
2630 1668 2769 1753 ipsa
2809 1678 3032 1732 causat
3069 1664 3439 1752 dirigendo,
3504 1665 3600 1731 sic

2054 1767 2248 1850 etiam
2285 1798 2639 1852 mensurat.
2695 1788 2741 1849 E
2780 1797 3004 1849 contra
3052 1782 3122 1849 sit
3164 1784 3226 1848 in
3266 1782 3595 1868 cognitio-

2057 1921 2161 1981 ne,
2211 1915 2279 1966 ut
2337 1900 2615 1966 refertur
2669 1899 2748 1965 ad
2807 1900 3132 1986 objectum
3168 1898 3509 1977 motivum,
3556 1918 3591 1963 a
3647 1917 3921 1990 Exemplar

2056 2037 2186 2102 quo
2241 2031 2569 2094 causatur,
2623 2037 2772 2104 quae
2828 2030 2930 2083 est
2968 2017 3258 2083 doctrina
3301 2016 3592 2083 Doctoris
3651 1996 3820 2095 menig
3845 2048 3924 2093 est

2058 2133 2188 2211 liic,
2253 2147 2317 2199 et
2354 2133 2498 2200 aliis
2541 2134 2605 2199 in
2655 2134 2838 2214 locis,
2920 2146 2984 2198 ct
3027 2133 3190 2199 ratio
3229 2143 3328 2199 est
3391 2132 3588 2212 clara,
3653 2120 3910 2221 ζξξέςζξῖἲ,

2059 2250 2211 2335 quia
2243 2271 2544 2316 mensura
2578 2272 2836 2337 semper
2857 2263 2957 2317 est
2991 2249 3166 2335 prior
3196 2261 3593 2327 mensurato,

2061 2386 2219 2452 ergo
2252 2366 2423 2432 sicut
2451 2367 2741 2454 cognitio
2790 2345 2973 2447 artis,
3030 2388 3143 2454 per
3210 2385 3403 2451 quam
3481 2366 3604 2432 for-

2063 2498 2278 2550 matur
2353 2484 2764 2562 artefactum,
2820 2499 2920 2551 est
2980 2485 3179 2571 prior,
3253 2484 3337 2549 ita
3407 2483 3602 2550 etiam

2064 2620 2371 2666 mensura
2441 2603 2586 2680 erit,
2659 2601 2811 2688 quia
2841 2600 2920 2666 ad
2982 2599 3410 2666 imitationem
3463 2601 3609 2687 ejus

2065 2715 2381 2782 formatur
2418 2714 2650 2781 domus
2681 2714 2758 2780 ad
2808 2729 3013 2794 extra,
3078 2712 3231 2800 quia
3270 2714 3477 2780 forma
3536 2726 3606 2781 ut

2063 2844 2163 2898 est
2204 2832 2267 2898 in
2303 2843 2518 2898 mente
2547 2831 2906 2898 secundum
2941 2831 3395 2917 perfectiorem
3466 2851 3605 2895 mo-

2064 2949 2217 3014 dum
2251 2947 2533 3024 essendi,
2572 2960 2669 3012 est
2714 2967 3015 3013 mensura
3049 2957 3348 3032 respectu
3401 2946 3605 3032 parti-

2064 3065 2422 3150 cipantium
2457 3064 2628 3129 illam
2673 3064 2737 3128 in
2763 3062 3053 3129 inferiori
3079 3062 3285 3149 gradu
3317 3061 3603 3128 essendi.

2067 3181 2172 3247 Sic
2212 3180 2403 3247 etiam
2446 3192 2762 3246 creaturae
2805 3180 2867 3245 in
2915 3191 3132 3245 mente
3171 3177 3394 3245 divina
3454 3187 3606 3245 sunt

2066 3297 2462 3382 exemplaria
2528 3309 2591 3362 et
2657 3296 2963 3374 rationeS,
3025 3294 3381 3360 secundum
3442 3314 3604 3381 quas
3663 3309 3929 3382 tdpaesunt

2070 3413 2521 3499 producuntur
2551 3412 2629 3477 ad
2663 3426 2883 3490 extra;
2924 3412 2987 3476 in
3021 3432 3145 3498 qua
3180 3410 3606 3496 productione
3632 3368 3958 3484 ζῗέὲῗέιῗωῐιῗ-

2070 3528 2362 3616 cognitio
2392 3528 2616 3594 divina
2660 3528 2853 3594 habet
2892 3528 3209 3594 rationem
3280 3547 3609 3593 mensurae

2071 3661 2134 3710 et
2191 3645 2609 3731 exemplaris,
2681 3656 2976 3711 creatura
3043 3665 3200 3710 vero
3288 3643 3606 3710 rationem

2075 3761 2429 3826 mensurati
2480 3774 2545 3826 et
2600 3760 2974 3845 exemplati.
3017 3759 3331 3825 Videatur
3385 3763 3617 3825 Doctor

414 3864 711 3929 existens
751 3861 951 3927 habet
1027 3860 1380 3948 perfectius
1420 3880 1576 3939 esse,
1650 3876 1844 3942 quam
1896 3866 1966 3921 ut
2076 3878 2152 3941 in
2195 3881 2255 3944 1.
2315 3876 2383 3941 d,
2427 3880 2536 3941 35,
2574 3879 2680 3942 35,
2728 3887 2789 3941 et
2858 3877 2926 3943 d,
2981 3879 3090 3943 39,
3180 3885 3241 3940 et
3287 3878 3352 3941 2,
3416 3874 3485 3940 d,
3553 3877 3612 3939 1,

412 3980 639 4046 existit
703 3980 767 4044 in
852 3976 1182 4044 intellectu
1251 3976 1544 4054 alteriue,
1598 3973 1748 4061 quia
1809 3993 1956 4037 esse

412 4092 843 4162 substantiale
899 4091 1240 4180 spirituale
1296 4090 1693 4178 completum
1759 4088 1957 4155 habet

2078 3994 2153 4058 in
2183 3996 2247 4059 4.
2284 3992 2352 4058 d.
2400 3996 2508 4058 50.
2545 4002 2769 4079 quoesl.
2808 3996 2872 4058 3.

193 5052 271 5102 72.

124 5114 372 5179 Objectio.

420 4212 486 4278 in
520 4233 592 4277 se
614 4209 907 4277 existens
939 4231 954 4288 ;
991 4209 1055 4274 in
1100 4207 1428 4275 intellectu
1471 4228 1627 4273 vero
1684 4205 1962 4272 alterius

411 4326 611 4393 creati
674 4347 808 4391 esse
846 4323 1269 4401 accidentale,
1315 4321 1692 4408 dependens
1754 4331 1818 4384 et
1870 4319 1967 4382 in-

413 4442 835 4531 completum,
882 4441 1052 4530 quod
1084 4452 1181 4508 est
1218 4440 1412 4526 longe
1454 4436 1901 4524 imperfectius
1943 4458 1958 4513 ;
2155 4447 2377 4504 Probat
2409 4447 2719 4516 Angelum
2752 4459 2874 4502 non
2904 4444 3264 4515 intelligere
3296 4460 3409 4516 per
3448 4461 3625 4502 suam

414 4573 479 4626 at
509 4580 546 4625 e
610 4572 833 4625 contra
894 4559 1128 4623 domus
1196 4555 1260 4620 in
1308 4567 1523 4622 niente
1582 4553 1777 4619 habet
1822 4572 1964 4636 per·
2082 4546 2514 4610 substantiam,
2549 4545 2696 4615 quia
2729 4549 3100 4614 sequeretur
3124 4558 3258 4599 6836
3291 4543 3624 4612 infinitam,

420 4676 655 4742 sectius
686 4696 841 4754 esse,
889 4694 1083 4761 quam
1151 4671 1307 4738 illud
1386 4669 1553 4757 quod
1613 4666 1972 4732 formaliter
2082 4647 2249 4715 (0⁰⁰¹
2319 4642 2561 4698 infinita
2595 4643 3233 4752 syncategorematioe
3291 4642 3628 4713 intelligat)

2054 4743 2190 4800 'sed
2225 4758 2336 4815 per
2368 4742 2823 4798 intellectiones
2852 4740 3289 4810 accidentaleS‚
3320 4741 3484 4813 quod
3515 4744 3632 4799 tri-

2050 4843 2326 4915 —pliciter
2355 4839 2592 4912 probat,
2625 4838 2702 4895 de
2730 4854 2852 4909 quo
2883 4839 3087 4909 primo
3117 4837 3175 4894 d.
3208 4841 3263 4894 2.
3287 4854 3344 4910 q.
3371 4842 3426 4894 2.
3456 4854 3631 4899 num.

2084 4941 2180 4997 30.
2211 4943 2271 4995 et
2299 4941 2354 4995 2.
2388 4938 2447 4994 d.
2480 4939 2534 4994 3.
2576 4952 2636 5008 q.
2667 4938 2722 4993 9.
2757 4942 2817 4994 et
2861 4938 2947 4994 10.
2999 4942 3059 4995 et
3086 4938 3139 4992 3.
3174 4935 3231 4994 d.
3263 4938 3352 4995 14.
3384 4952 3444 5008 q.
3475 4941 3528 4993 2.

2676 4239 3076 4296 SCHOLIUM.

418 4793 486 4858 in
527 4815 600 4859 se
639 4791 834 4858 habet
872 4790 949 4856 ad
983 4801 1190 4869 extra,
1238 4808 1471 4873 nempe
1519 4785 1751 4873 figurae
1783 4782 1964 4861 artis,

422 4910 599 4998 quod
643 4909 819 4975 nullo
861 4907 1053 4974 modo
1094 4917 1193 4972 est
1226 4904 1423 4972 reale.

516 5025 726 5105 Dices,
761 5024 995 5090 domus
1047 5020 1125 5086 ad
1160 5032 1341 5087 extra
1389 5029 1635 5096 causat,
1673 5027 1735 5082 et
1793 5035 1969 5080 men-

420 5153 607 5207 surat
640 5139 1082 5227 cognitionem
1118 5135 1218 5203 sui
1262 5135 1493 5222 ipsine,
1550 5133 1719 5199 sicut
1759 5137 1970 5217 Ange·
2177 5117 2541 5192 Sec-unda.
2580 5117 3033 5209 propositio
3076 5119 3178 5206 (ο)
3231 5118 3632 5212 principa·

423 5259 568 5335 lus;
614 5276 773 5341 ergo
803 5253 927 5319 erit
967 5250 1311 5339 perfectior
1367 5249 1446 5314 ad
1506 5258 1712 5326 extra,
1777 5265 1971 5332 quam
2083 5233 2186 5305 lis
2223 5231 2597 5325 superius
2644 5232 2911 5325 posita
2964 5232 3418 5306 ostenditur
3487 5236 3629 5325 Sic,

422 5374 493 5438 in
538 5382 781 5436 mente.
2088 5351 2277 5443 quia
2312 5352 2427 5418 lib.
2461 5352 2527 5421 2.
2568 5353 2721 5418 dist.
2759 5352 2824 5421 3.
2861 5373 2922 5438 q.
2955 5353 3022 5422 9.
3061 5353 3168 5422 10.
3210 5351 3633 5441 probatur,

512 5489 888 5572 Respondet
930 5488 1183 5562 Doctor,
1224 5480 1521 5568 negando
1553 5478 1967 5554 antecedens,

20 5563 23 5568 ἡ
2089 5467 2294 5560 quod
2347 5487 2507 5538 non
2552 5470 2953 5557 repugnat
3009 5465 3461 5539 intellectui
3492 5470 3640 5540 An-

20 5581 23 5674 ἕ
125 5601 363 5654 Solvitur.
424 5603 728 5692 negando
816 5601 1010 5668 etiam
1090 5600 1170 5666 ab
1244 5597 1592 5678 artificiali,
1646 5615 1773 5682 qua
1847 5592 1973 5658 tale
2083 5584 2242 5678 geli
2283 5583 2661 5657 distincte
2713 5581 3172 5675 intelligere
3206 5585 3637 5679 quodcum-
