4255 6375
697 390 777 473 94
1847 408 1993 479 1213.
2042 409 2141 472 iv,
2190 405 2795 470 smnmffluu

693 567 890 641 sitio
957 568 1463 642 necessitans
1521 568 1956 642 secundum
2034 566 2243 659 quid,

691 689 771 758 et
804 685 957 759 hoc
990 688 1113 758 est
1193 705 1293 757 ex
1341 684 1614 758 divina
1679 683 2242 777 dispositione.

639 804 795 899 ,Et
903 801 1018 876 sic
1089 805 1358 896 potest
1444 801 1736 893 exponi
1817 800 2240 891 Magister,

694 918 902 1012 quod
940 920 1156 993 Deus
1226 922 1501 1012 posset
1553 921 1744 990 dare
1815 918 2061 992 talem
2115 937 2247 1010 po-

688 1038 1074 1109 testatem
1111 1034 1519 1118 ministr0,
1568 1038 1653 1108 ut
1681 1034 1848 1127 ipse
1883 1035 2244 1127 aliquam

687 1151 1307 1244 dispositionem
1358 1158 1740 1227 causaret
1800 1154 1883 1226 in
1941 1153 2239 1236 anima,

692 1289 868 1361 quae
910 1273 1126 1343 esset
1155 1270 1658 1344 necessitans
1708 1271 1808 1343 ad·
1854 1269 2239 1360 gratiam,

693 1383 846 1459 hoc
886 1387 1146 1468 mod0,
1188 1388 1392 1478 quod
1433 1387 1648 1461 Deus
1707 1385 2245 1479 disposuisset

700 1502 1279 1576 universaliter
1364 1503 1479 1577 sic
1570 1503 1965 1596 disposito
2051 1503 2244 1574 dare

350 1636 674 1708 Organizatio
699 1619 1081 1711 gratiam.
1165 1618 1293 1693 Sic
1369 1619 1620 1694 etiam
1734 1617 2244 1710 organizatio

381 1709 643 1838 αῑεροξῑιῑο
699 1755 843 1808 001
854 1734 1076 1827 poris
1114 1739 1241 1808 est
1269 1733 1697 1827 dispositio
1732 1735 1827 1807 ad
1885 1733 2245 1807 animam

353 1831 667 1943 ‘¹⁰⁰⁶{3m'
698 1851 1285 1925 intellectivam
1350 1850 1881 1932 necessitans,
1944 1853 2024 1924 et
2075 1849 2243 1922 haec

353 1968 644 2076 “22¹3ssss
697 1972 1062 2061 potestas
1096 1972 1220 2042 est
1255 1968 1657 2060 superior,
1698 1987 1939 2059 quam
1971 1966 2241 2060 aliqua

348 2086 881 2191 defflffimalia,
956 2106 1130 2177 quae
1199 2085 1306 2157 sit
1358 2084 1533 2176 jam
1600 2084 1788 2157 data
1864 2082 2245 2157 ministro

394 2202 625 2327 2233ss
699 2202 1124 2282 Ecclesiae;
1161 2199 1361 2273 nihil
1412 2200 1629 2274 enim
1664 2206 2058 2292 operatur
2100 2199 2248 2272 mi-

403 2329 610 2394 gratiae:
694 2318 956 2391 nister
989 2317 1070 2390 in
1103 2316 1376 2390 anima
1420 2316 1763 2390 mediate
1805 2317 1931 2388 vel
1974 2316 2248 2388 imme-

692 2434 931 2516 diate,
993 2433 1088 2507 ad
1158 2433 1366 2525 quod
1421 2432 1912 2525 simpliciter
1977 2453 2249 2506 neces·

692 2551 916 2623 sario
957 2549 1440 2623 conferatur
1522 2550 1820 2641 gratia,
1893 2547 2106 2623 sicut
2167 2549 2247 2622 in

688 2666 852 2738 alia
930 2670 1164 2760 parte
1257 2667 1351 2740 de
1449 2667 1974 2740 animatione.
2082 2669 2247 2740 Nec

688 2786 1015 2875 oportet
1058 2783 1477 2875 imponere
1542 2783 1973 2874 Magistro,
2039 2783 2246 2874 quod

690 2897 1043 2972 senserit
1082 2901 1342 2973 Deum
1416 2919 1654 2991 posse
1720 2898 1913 2971 dare
1975 2898 2245 2970 minis·

685 3014 847 3091 tro,
893 3016 984 3087 ut
1054 3017 1340 3105 ageret
1390 3014 1485 3085 ad
1545 3013 1929 3105 gratiam,
2005 3014 2245 3088 attin-

691 3130 946 3221 gendo
989 3128 1239 3204 istum
1295 3128 1701 3211 effectum,
1738 3130 1929 3222 quia
1976 3128 2247 3204 minis·

696 3250 826 3321 ter
910 3267 1071 3318 non
1135 3252 1262 3321 est
1293 3267 1553 3340 capax
1612 3247 1850 3321 istius
1907 3247 2246 3322 virtutis

691 3363 1007 3444 activae,
1046 3364 1233 3455 quia
1281 3384 1426 3456 per
1466 3363 1826 3456 gratiam
1874 3364 1999 3436 vel
2067 3364 2249 3438 cha-

697 3479 1056 3560 ritatem,
1100 3486 1223 3553 est
1285 3482 1558 3554 anima
1617 3478 2086 3555 sormaliter
2126 3501 2249 3555 ac-

694 3600 931 3690 cepta
998 3600 1164 3671 Deo
1243 3602 1799 3690 acceptatione
1885 3597 2246 3691 speciali,

702 3717 1087 3804 tanquam
1125 3712 1366 3804 digna
1396 3713 1568 3788 vita
1627 3717 1979 3796 aeterna;
2029 3734 2249 3787 crea·

694 3833 886 3903 tura
920 3832 1193 3902 autem
1235 3848 1395 3900 non
1431 3833 1701 3923 potest
1755 3828 2052 3903 habere
2091 3829 2254 3901 vir-

698 3948 961 4018 tutem
1037 3946 1419 4026 activam,
1483 3949 1570 4019 ut
1638 3944 1892 4019 faciat
1949 3945 2252 4038 aliquid

692 4058 1025 4150 dignum
1080 4058 1570 4153 hujusmodi.
1641 4061 1768 4133 vel
1850 4061 1954 4135 sit
2030 4082 2251 4135 acce-

690 4177 921 4266 ptum
965 4177 1160 4247 Deo.
1211 4177 1382 4248 Hoc
1452 4177 1703 4248 etiam
1757 4180 2005 4269 patet,
2063 4181 2253 4270 quia

688 4289 872 4362 finis
904 4293 983 4363 et
1034 4289 1395 4364 efficiens
1464 4291 1913 4384 respiciunt
1957 4313 2040 4364 se
2085 4313 2250 4366 mu-

690 4411 860 4490 tuo,
907 4407 1023 4480 ita
1055 4409 1263 4500 quod
1301 4408 1680 4501 superius
1714 4428 1962 4499 agens
1996 4409 2252 4485 efficit

693 4530 1041 4619 propter
1099 4527 1340 4600 finem
1403 4527 1965 4620 superiorem;
2050 4548 2251 4621 ergo

692 4642 902 4734 quod
954 4644 1414 4719 immediate
1454 4644 1835 4738 disponit,
1884 4645 2008 4718 vel
2044 4647 2252 4719 ordi·

687 4762 830 4833 nat
872 4760 968 4832 ad
1028 4761 1271 4835 finem
1318 4762 1729 4844 ultimum,
1786 4763 2252 4839 immediate

689 4881 814 4950 est
864 4895 912 4947 a
963 4877 1230 4970 primo
1280 4876 1723 4959 efficiente;
1784 4878 2253 4971 hujusmodi

690 4995 820 5065 est
874 4993 1178 5083 gratia..
1255 4995 1839 5075 confirmatur,
1914 4994 2101 5086 quia
2182 4993 2252 5065 si

698 5114 979 5200 posset
1018 5132 1198 5184 esse
1259 5111 1357 5183 ab
1407 5111 1681 5203 aliquo
1724 5115 2016 5202 agente
2061 5108 2255 5184 infe-

694 5226 924 5310 riori,
992 5228 1411 5304 videretur
1457 5248 1694 5320 posse
1761 5247 1940 5302 esse
1982 5229 2079 5302 ad
2110 5228 2255 5301 ali-

693 5362 931 5436 quem
980 5343 1227 5417 finem
1291 5342 1797 5418 inferiorem.

783 5453 936 5527 Sed
1005 5453 1190 5527 istae
1274 5454 1640 5529 rationes
1690 5474 1854 5527 non
1905 5456 2255 5529 multum

691 5572 1023 5662 cogunt.
1088 5570 1367 5645 Prima
1416 5592 1600 5654 non,
1647 5571 1839 5665 quia
1869 5575 2258 5648 creatura

2370 567 2645 656 potest
2721 586 2900 638 esse
2980 565 3356 639 formalis
3428 564 3648 639 ratio
3734 562 3929 639 talis

2359 681 2976 774 acceptationis,
3003 685 3088 755 ut
3112 683 3583 757 conceditur
3615 682 3708 755 de
3741 679 3933 754 cha-

2360 795 2672 880 ritate;
2754 818 3008 890 quare
3099 819 3301 891 ergo
3396 819 3560 872 non
3644 799 3764 873 ita
3821 792 3932 870 ef·

2354 911 2655 986 fectiva
2721 915 2939 989 ratio
2999 916 3595 1008 acceptationis
3632 919 3669 985 ⁴?
3754 934 3928 986 non

2355 1029 2676 1103 videtur
2747 1031 2987 1105 ratio.
3035 1032 3395 1105 Secunda
3451 1031 3711 1105 etiam
3754 1050 3921 1102 non

2354 1145 2596 1230 valet,
2651 1147 2841 1239 quia
2885 1147 3040 1221 etsi
3078 1165 3327 1240 agens
3372 1149 3734 1242 primum
3768 1166 3932 1218 non

2355 1266 2547 1353 agat
2615 1263 2773 1336 nisi
2824 1269 3161 1357 propter
3211 1264 3452 1337 finem
3516 1264 3926 1345 ultimum,

2358 1382 2632 1451 tamen
2696 1383 3021 1473 oportet
3080 1401 3314 1453 omne
3385 1400 3637 1471 agens
3730 1379 3924 1454 infe-

2363 1494 2533 1568 rius
2578 1495 2658 1569 in
2706 1517 3213 1589 quacumque
3279 1497 3600 1571 actione
3678 1516 3934 1587 agere

2358 1616 2704 1702 propter
2769 1612 3009 1684 finem
3072 1612 3545 1685 inferiorem
3605 1612 3926 1685 ultimo.

2359 1728 2715 1818 Angelus
2748 1728 2992 1810 enim,
3043 1729 3108 1801 si
3144 1729 3369 1803 elicit
3429 1735 3704 1803 actum
3753 1729 3932 1800 bea-

2357 1844 2691 1924 tificum,
2762 1863 2920 1916 non
2979 1843 3202 1918 elicit
3288 1848 3634 1936 propter
3683 1843 3928 1915 finem

2358 1957 2835 2031 inferiorem
2878 1959 3211 2042 ultimo;
3259 1960 3377 2033 ita
3412 1978 3612 2049 ergo
3647 1961 3929 2051 posset

2358 2075 2632 2167 gratia
2711 2074 3172 2149 immediate
3249 2076 3523 2149 creari
3578 2078 3931 2168 propter

2356 2193 2597 2265 finem
2638 2191 3043 2275 ultimum,
3097 2195 3178 2266 et
3224 2196 3497 2266 tamen
3530 2191 3628 2264 ab
3687 2209 3933 2282 agen-

2363 2313 2440 2382 te
2476 2305 2877 2380 inferiori.

2448 2423 2562 2496 Ad
2604 2425 3093 2512 argumenta
3123 2422 3221 2513 (d)
3248 2420 3770 2514 principalia.
3814 2420 3924 2492 Ad

4052 2462 4115 2512 32.

2357 2539 2717 2631 primum
2791 2538 3110 2613 dicetur
3184 2538 3529 2612 int'erius
3599 2538 3684 2609 in
3752 2540 3911 2606 dist.
3956 2524 4130 2594 Adffl'gf

2356 2658 2578 2743 istaq.
2621 2656 2689 2727 5.
2759 2654 2870 2727 Ad
2937 2654 3398 2736 secundum,
3470 2651 3919 2733 dicendum,

2357 2769 2563 2862 quod
2639 2768 2784 2841 illa
2815 2775 2939 2843 est
3008 2771 3282 2862 aliqua
3335 2788 3609 2850 causa,
3677 2789 3921 2862 quam

2361 2884 2588 2978 ponit
2648 2884 3182 2976 AugustinuS,
3243 2888 3323 2958 et
3366 2883 3919 2965 manifestior,

2358 3000 2493 3073 sed
2552 3020 2714 3072 non
2795 3001 3170 3092 praecisa.
3252 3001 3365 3074 Ad
3424 3001 3926 3074 confirmati-

2362 3138 2597 3191 onem
2656 3116 2858 3201 dico,
2907 3119 3111 3212 quod
3178 3119 3542 3194 actiones
3642 3118 3927 3192 imma·

2357 3238 2641 3306 nentes
2740 3234 3031 3307 habent
3138 3234 3463 3329 aliquod
3550 3254 3923 3327 passum,

2359 3351 2547 3440 quia
2602 3349 2947 3443 ipsamet
2996 3349 3382 3442 potentia,
3454 3351 3584 3424 cui
3629 3351 3922 3424 imma-

2356 3471 2573 3548 nent,
2653 3469 2780 3540 est
2862 3464 3228 3559 potentia
3302 3466 3723 3559 receptiva
3793 3487 3918 3540 ea·

2367 3581 2574 3654 dem.

2458 3698 2572 3771 Ad
2616 3698 3023 3772 rationem
3062 3699 3154 3771 de
3204 3698 3771 3791 adaequatione
3823 3701 3926 3773 di·

2368 3835 2488 3895 co,
2536 3815 2740 3907 quod
2784 3834 2944 3887 non
2975 3815 3361 3907 arguitur
3390 3815 3483 3887 de
3511 3816 3928 3907 aequalita-

2361 3931 2447 4001 te
2486 3930 2822 4004 effectus
2873 3932 2968 4004 ad
3001 3951 3359 4011 causam,
3400 3931 3590 4024 quia
3632 3933 3928 4026 impos-

2364 4044 2598 4119 sibile
2673 4053 2799 4122 est
2877 4047 3238 4140 aliquem
3310 4048 3690 4123 effectum
3753 4071 3930 4123 esse

2362 4165 2760 4256 aequalcm
2826 4166 3039 4248 Deo;
3112 4165 3246 4239 sed
3307 4166 3739 4258 adaequans
3793 4188 3931 4261 po-

2364 4285 2529 4357 test
2581 4283 2933 4374 intelligi
2975 4282 3084 4357 ibi
3119 4285 3551 4356 secundum
3590 4304 3931 4377 propor—

2362 4398 2674 4472 tionem
2716 4399 3173 4492 praecisam,
3221 4397 3372 4472 hoc
3410 4403 3560 4480 est,
3599 4399 3932 4475 effectus

2367 4515 2670 4589 habens
2773 4516 3020 4591 talem
3115 4516 3741 4609 proportionem
3841 4517 3931 4589 ad

2372 4652 2735 4716 causam,
2802 4632 3123 4726 qualem
3200 4633 3477 4705 nullus
3525 4632 3736 4705 alius
3802 4654 3928 4726 po-

2367 4753 2537 4824 test
2595 4750 2919 4833 habere,
2986 4754 3207 4842 puta,
3261 4749 3449 4843 quia
3503 4749 3928 4843 proximus

2369 4869 2785 4960 possibilis
2829 4868 2987 4962 ipsi
3019 4888 3325 4949 causae;
3374 4869 3441 4941 si
3478 4870 3597 4942 sic
3641 4868 3927 4942 intelli-

2367 4991 2615 5077 gatur
2690 5007 2851 5059 non
2922 4987 3351 5079 adaequans
3429 4986 3513 5059 in
3603 4985 3923 5079 majori,

2367 5123 2576 5194 nego
2609 5123 2820 5176 cam.
2866 5105 3214 5177 Tantum
3275 5103 3488 5175 enim
3530 5102 3779 5182 valet.
3841 5123 3925 5175 ac

2370 5220 2436 5292 si
2462 5218 2823 5293 diceretu
2842 5240 2903 5302 r,
2926 5219 3261 5292 effectus
3289 5219 3635 5293 inferior
3665 5219 3923 5312 primo

2382 5334 2782 5428 possibili
2843 5338 3111 5427 potest
3172 5335 3509 5429 produci
3568 5358 3615 5407 a
3657 5355 3926 5429 supre-

2372 5472 2502 5525 mo
2541 5449 2938 5545 possibili,
2996 5452 3201 5543 quod
3248 5451 3421 5523 ideo
3475 5454 3924 5543 negandum

2366 5573 2523 5654 est,
2570 5569 2758 5660 quia
2825 5567 3121 5662 aliquis
3173 5567 3518 5642 inferior
3574 5588 3738 5641 non
3800 5589 3923 5662 po-

3996 2585 4130 2653 princi1
