4255 6375
903 403 1020 465 906

899 567 1051 629 dem
1111 567 1310 629 modo
1359 572 1548 628 actus
1618 564 1971 628 ablutionis
2027 563 2217 627 factae
2257 581 2291 625 a
2349 563 2437 625 mi

896 686 1099 746 nistro
1140 683 1444 763 designat
1472 685 1790 760 seipsum,
1821 690 1895 746 ut
1928 682 2087 745 dicit
2136 682 2437 744 ordinem

899 801 982 861 ad
1011 802 1396 870 ministrum,
1433 806 1499 863 et
1552 801 1942 872 ministrum,
1987 804 2061 861 ut
2108 800 2192 861 ab
2248 816 2328 860 eo
2369 797 2439 859 fit

897 915 1273 985 visibiliter;
1321 917 1697 992 expressius
1728 932 1888 996 ergo
1921 914 2228 995 designat
2254 918 2438 977 mini·

898 1038 1102 1094 strum
1132 1032 1196 1091 in
1228 1031 1466 1110 reipsa,
1514 1049 1714 1110 quam
1740 1033 1792 1094 si
1825 1048 1941 1110 per
1979 1034 2180 1094 verba
2229 1035 2439 1112 expri-

556 1139 834 1253 vssssjiifflrt
898 1153 1210 1209 meretur.
1260 1149 1416 1209 Hinc
1448 1149 1670 1227 itaque
1701 1150 1947 1211 ablutio
1981 1148 2287 1227 designat
2326 1149 2438 1208 mi-

556 1235 850 1378 minax-mu
899 1266 1195 1336 nistrum,
1227 1266 1377 1326 hinc
1407 1263 1640 1338 forma,
1694 1282 1839 1344 quae
1888 1270 2203 1327 connotat
2251 1265 2437 1327 ablu-

899 1384 1142 1446 tionem
1173 1381 1313 1443 fleri
1352 1382 1456 1444 hic
1513 1387 1578 1443 et
1621 1398 1797 1443 nunc
1857 1383 2024 1443 circa
2069 1382 2439 1460 subjectum

900 1506 965 1560 et
1005 1514 1360 1577 personam
1402 1499 1847 1575 suscipientis,
1893 1505 2129 1578 estque
2189 1505 2441 1561 tantum

895 1615 1028 1688 illa,
1062 1632 1207 1694 quae
1234 1613 1305 1676 fit
1348 1632 1381 1675 a
1431 1615 1747 1685 ministro,
1791 1613 2198 1678 sufficienter
2227 1615 2442 1677 deno-

901 1737 1038 1794 tant
1067 1733 1391 1795 actionem
1420 1730 1560 1793 fieri
1593 1749 1629 1793 a
1667 1732 1983 1805 ministro,
2019 1736 2132 1794 aut
2171 1742 2244 1797 ιιι
2273 1737 2375 1794 est
2405 1749 2443 1794 a

897 1853 1212 1921 ministro,
1243 1864 1467 1928 neque
1511 1850 1633 1911 alia
1668 1851 1814 1930 ejus
1844 1852 2182 1928 expressio
2214 1850 2443 1928 requi-

898 1968 950 2028 ri
960 1972 1083 2031 tur.

612 1011 819 1083 aptatio

609 1090 822 1138 teipsam

555 2106 738 2176 Forma
776 2105 875 2173 Ειι-
976 2083 1180 2159 Magis
1254 2083 1489 2145 mirum
1574 2090 1672 2145 est
1739 2082 2073 2164 quomodo
2143 2081 2443 2160 praefatus

589 2168 849 2279 chggffuae
899 2204 1129 2262 auctor
1170 2199 1326 2261 velit
1386 2200 1580 2261 etiam
1621 2200 1686 2261 in
1744 2199 1949 2261 forma
1998 2201 2445 2262 consecratio-

553 2291 658 2342 desi
703 2300 786 2343 nat
815 2290 868 2339 in

581 2371 729 2404 mmo
773 2356 838 2404 εἰ,
898 2316 1022 2388 niS,
1071 2313 1369 2378 denotari
1401 2317 1751 2388 actionem,
1782 2320 1922 2378 uta
1966 2317 2263 2378 ministro
2316 2321 2439 2386 est,

553 2416 866 2537 mffiss'lffffgi·
897 2451 1018 2496 seu
1049 2434 1349 2512 exprimi,
1411 2450 1559 2495 cum
1615 2434 1909 2495 minister
1966 2449 2099 2496 non
2155 2433 2445 2512 proferat

898 2551 1173 2613 formam
1201 2551 1268 2611 in
1300 2565 1581 2628 persona
1608 2553 1892 2628 propria,
1923 2549 2045 2612 sed
2069 2553 2134 2613 in
2160 2566 2441 2628 persona

898 2668 1157 2739 Christi,
1191 2681 1412 2745 neque
1440 2666 1645 2728 ullum
1675 2670 1756 2729 sit
1803 2667 2293 2745 verbum,quod
2326 2683 2439 2728 ex-

894 2784 1209 2861 primatur
1228 2783 1513 2861 practice
1545 2784 2083 2859 autspeculative
2115 2784 2179 2843 in
2211 2783 2443 2844 ordine

890 2902 973 2964 ad
1004 2917 1359 2979 personam
1391 2902 1686 2974 ministrl;
1711 2903 1818 2964 vel
1847 2901 1899 2963 si
1917 2917 1997 2963 eo
2024 2900 2205 2980 quod
2226 2917 2445 2963 sacer·

892 3019 1011 3081 dos
1060 3018 1350 3097 proferat
1393 3019 1595 3080 verba
1637 3019 2148 3080 consecrationis
2185 3019 2250 3079 in
2298 3035 2444 3097 per·

888 3154 1052 3202 sona
1095 3137 1349 3211 Christi,
1387 3137 1658 3201 denotat
1685 3154 1757 3200 se
1801 3138 2050 3201 habere
2091 3139 2444 3201 auctorita-

893 3261 1028 3317 tem
1071 3253 1529 3328 consecrandi,
1578 3271 1780 3333 quare
1811 3257 2027 3326 etiam,
2080 3263 2153 3318 ut
2197 3254 2448 3332 profert

891 3371 1170 3433 formam
1192 3370 1527 3448 Baptismi,
1560 3379 1632 3433 ut
1673 3372 1971 3434 minister
2000 3371 2256 3440 Christi,
2309 3388 2442 3432 non

896 3487 1172 3549 denotet
1197 3501 1273 3547 se
1303 3501 1451 3549 esse
1499 3489 1894 3558 ministrum,
1964 3490 2263 3566 quamvis
2308 3502 2441 3549 non

897 3602 1302 3681 exprimatur
1331 3620 1409 3665 ex
1451 3603 1509 3664 vi
1553 3604 1910 3665 verborum
1953 3604 2283 3681 explicite.

674 3733 751 3782 22.
974 3721 1204 3798 Neque
1265 3716 1722 3792 fundamenta,
1771 3737 1914 3800 quae
1973 3721 2245 3785 adducit
2294 3739 2444 3783 con-

578 3797 855 3845 Solvuntur
1751 3837 1762 3849 ‚
2073 3837 2085 3851 ,

553 3857 848 3908 fundamen·
899 3839 993 3896 tra
1035 3836 1283 3906 Sotum,
1334 3840 1487 3898 sunt
1541 3852 1765 3913 magni
1808 3836 2147 3914 ponderis,
2202 3838 2446 3901 haerent

578 3931 834 4049 vassffioez,
896 3953 1167 4014 enimin
1221 3952 1565 4030 superficie
1621 3953 1996 4026 verborum,
2054 3956 2159 4016 vel
2215 3972 2442 4033 proce-

897 4077 1059 4142 dunt
1089 4095 1171 4140 ex
1213 4081 1556 4157 supposito
1591 4096 1721 4144 non
1768 4081 2098 4155 admisso:
2137 4083 2440 4148 concedi-

894 4211 1040 4256 mus
1093 4195 1271 4256 enim
1320 4196 1811 4258 Sacramentum
1875 4197 2181 4277 Baptismi
2236 4203 2439 4262 consi-

897 4314 1074 4371 stere
1134 4310 1195 4370 in
1270 4310 1439 4383 neri,
1514 4312 1834 4374 denotare
1907 4314 2304 4376 ablutionem
2375 4319 2443 4378 in

892 4442 1019 4486 usu
1050 4429 1466 4503 etexercitiO,
1514 4434 1585 4490 ut
1634 4434 1735 4491 est
1779 4429 2050 4504 influxu,
2096 4450 2174 4493 ac
2219 4435 2444 4510 proin-

898 4541 1007 4613 de,
1052 4545 1125 4602 ut
1158 4548 1259 4605 est
1288 4562 1324 4605 a
1370 4547 1661 4623 proxima
1692 4561 1910 4607 causa.
1961 4548 2037 4608 Et
2063 4547 2188 4608 hoc
2231 4545 2439 4609 deno-

901 4662 1073 4719 tatur
1116 4675 1234 4735 per
1272 4658 1547 4722 formam
1581 4678 2095 4742 quamcumque,
2138 4680 2281 4743 quae
2326 4682 2444 4726 ex-

898 4776 1113 4854 primit
1181 4781 1399 4837 actum
1486 4777 1856 4856 baptizandi
1940 4777 2024 4840 de
2103 4783 2443 4859 praesenti,

902 4908 1048 4954 cum
1095 4908 1378 4970 persona
1425 4895 1866 4972 suscipientis,
1913 4904 1981 4958 et
2030 4899 2446 4961 invocatione

899 5009 1222 5071 Trinitatis
1254 5026 1269 5080 ;
1305 5010 1456 5087 quia
1489 5026 1646 5090 ergo
1680 5012 1952 5075 materia
1993 5014 2303 5090 Baptismi
2348 5020 2450 5078 est

572 5144 844 5217 Da-jgnm
905 5128 1152 5188 ablutio
1184 5130 1251 5189 in
1290 5128 1460 5202 fleri,
1510 5133 1576 5189 et
1607 5127 1817 5191 forma
1862 5129 1997 5207 ,iam
2044 5135 2446 5209 praescripta,

585 5213 852 5267 ‘'mmmm''
906 5250 980 5304 ut
1020 5249 1121 5306 est
1169 5245 1235 5304 in
1292 5244 1659 5321 prolatione
1718 5248 1955 5308 actuali
2002 5265 2134 5309 non
2173 5249 2449 5311 interru-

649 5278 704 5320 ιιι
753 5290 782 5321 a

584 5342 840 5447 muxgffm
906 5368 1038 5440 pta,
1100 5366 1164 5423 et
1204 5367 1588 5440 supponunt
1633 5379 1715 5424 ex
1764 5363 2177 5426 ordinatione
2233 5367 2445 5430 divina

609 5460 826 5526 “¹9⁰⁰ss
909 5482 1340 5542 intentionem
1370 5479 1668 5556 ministri,
1703 5482 1891 5560 cujus
1936 5487 2036 5543 est
2074 5483 2208 5545 haec
2251 5485 2454 5562 appli-

744 5539 772 5572 1·

596 5538 851 5637 sorrgffln·
922 5614 1094 5669 care,
1148 5597 1499 5659 denotatur
1555 5599 1718 5659 actio
1776 5605 1847 5660 ut
1903 5616 1938 5660 a
1983 5601 2279 5663 ministro
2330 5609 2451 5687 est,

2137 401 2283 463 ΗΒ.
2318 401 2419 463 IV.
2467 395 3068 463 SENTENTtARUu

2546 577 2683 624 non
2714 561 2892 641 quod
2922 563 3049 624 hoc
3087 562 3334 626 debeat
3378 563 3720 625 necessario
3764 564 3936 639 exprimi

2547 697 2668 757 per
2720 680 2861 756 ipsa
2931 681 3131 741 verba
3208 678 3457 752 formae,
3518 697 3647 758 quae
3702 683 3941 744 verificatur

2547 797 2953 874 speculative
3015 805 3079 859 et
3126 799 3419 875 practice
3482 799 3637 859 circa
3672 799 3942 877 subjectum,
4014 832 4015 851 ι

2548 919 2613 974 et
2658 929 2791 974 non
2821 914 2986 976 circa
3012 931 3365 993 personam
3389 914 3651 976 ministri
3675 918 3945 976 necessario.
4014 886 4015 891 ἵ

2628 1032 2918 1110 Negatur
2960 1051 3121 1112 ergo
3186 1034 3395 1113 prima
3468 1033 3735 1112 sequela,
3779 1048 3837 1093 ex
3868 1034 3947 1109 iam

2549 1146 2760 1219 dictis,
2835 1164 3078 1225 nempe
3136 1149 3435 1210 denotari
3507 1151 3788 1210 actionem
3843 1151 3948 1210 illam

2549 1279 2699 1325 esse
2728 1264 2929 1325 solius
2974 1265 3115 1336 Dei,
3162 1266 3474 1344 privative
3531 1265 3611 1326 ad
3649 1282 3853 1327 causam
3890 1269 3945 1326 in·

2549 1382 3048 1443 strumentalem
3108 1389 3483 1460 utramque,
3547 1387 3665 1442 tam
3706 1380 3950 1443 ministrum

2553 1508 2748 1570 quam
2782 1494 3297 1556 Sacramentum.
3343 1497 3571 1574 Neque
3620 1496 3764 1557 illam
3808 1490 4016 1599 docuit-g

2552 1625 2704 1670 nam
2735 1610 3032 1684 admitt0,
3069 1628 3266 1690 quam
3309 1628 3389 1672 ex
3439 1613 3652 1696 Alensi
3699 1629 3793 1691 pro
3817 1610 4016 1673 sunda-sd

2552 1729 2776 1786 mento
2842 1726 3090 1801 statuit,
3143 1743 3384 1805 nempe
3430 1745 3551 1805 per
3590 1731 3853 1790 actionem
3887 1732 3953 1789 mi-

2552 1843 2739 1903 nistri
2792 1849 2972 1905 recte
3031 1841 3365 1922 designari
3422 1845 3725 1906 actionem
3782 1846 3885 1913 Dei,
3920 1858 3956 1903 uz

2554 1973 2773 2019 causae
2805 1958 3209 2037 principalis,
3241 1976 3374 2022 non
3406 1977 3443 2022 e
3494 1967 3721 2035 contra,
3759 1961 3870 2040 quia
3906 1978 3956 2021 re

2553 2076 2743 2136 lativa
2776 2074 3017 2136 eodem
3061 2074 3257 2138 modo
3286 2091 3361 2138 se
3404 2077 3643 2139 habent
3668 2077 3741 2138 ad
3765 2078 3957 2145 invicem.

2554 2198 2717 2271 quot
2790 2193 2959 2253 enim
3023 2193 3239 2254 modis
3295 2192 3531 2256 dicitur
3585 2196 3956 2256 instrumentum

2556 2311 2651 2367 tot
2689 2306 2904 2368 modis
2958 2310 3156 2369 etiam
3211 2326 3412 2371 causa
3462 2310 3827 2387 principalis.
3863 2313 3959 2370 Licet

2555 2439 2716 2502 ergo
2773 2424 2857 2485 de
2918 2426 3209 2503 potentia
3267 2426 3564 2489 absoluta
3633 2430 3783 2491 Deus
3831 2432 3951 2507 possit

2552 2543 2830 2621 gratiam
2864 2538 3165 2603 conferre
3210 2545 3351 2605 sine
3400 2546 3679 2607 ministro
3743 2550 3798 2607 et
3822 2545 3954 2606 Saen-

2552 2661 2808 2728 mento,
2861 2661 3082 2720 tamen
3129 2658 3213 2719 de
3270 2660 3564 2736 potentia
3616 2661 3953 2731 ordinariam

2554 2780 2690 2855 agit
2720 2775 3055 2838 mediante
3100 2777 3690 2859 Sacrament0,3gtt
3735 2779 3955 2841 mediante

2554 2893 2874 2965 ministr0,
2919 2898 2989 2953 ut
3018 2893 3499 2956 instrumentali
3543 2913 3758 2967 causa;
3803 2901 3853 2957 et
3892 2896 3957 2955 hor

2554 3011 2751 3073 modo
2812 3017 2982 3077 actio
3063 3015 3182 3076 Dei
3236 3009 3568 3073 mediante
3642 3016 3956 3076 Sacramenta.

2555 3144 2698 3207 quae
2728 3131 3093 3209 explicatur
3120 3134 3187 3194 in
3229 3130 3431 3196 forma
3480 3131 3782 3212 praedicta,
3813 3132 3959 3206 impor-

2557 3253 2650 3309 tat
2704 3250 3024 3312 actionem
3098 3253 3369 3314 ministri
3419 3252 3787 3316 conficientis
3820 3250 3957 3309 Sacra·

2554 3370 2878 3427 mentum.

2633 3483 2862 3561 Neque
2890 3485 3110 3548 Patres
3132 3494 3409 3568 agentes
3441 3494 3652 3553 contra
3680 3486 3954 3549 Donatista&

2558 3604 2714 3666 dum
2743 3614 3070 3685 negarent
3113 3609 3475 3672 ministrum
3523 3608 3882 3678 sanctificare,
3901 3603 3956 3662 vel

2556 3722 2715 3784 dare
2749 3723 3054 3785 effectum
3093 3725 3517 3801 sacramenti,
3555 3744 3733 3807 quem
3766 3726 3867 3786 Deo
3894 3736 3953 3781 re·

2555 3845 2822 3904 servant
2850 3843 2948 3918 (ut
2976 3840 3140 3905 infra
3162 3842 3570 3925 videbimus),
3596 3861 3670 3906 ex
3701 3844 3789 3905 illa
3811 3838 3953 3902 forma

2555 3962 2620 4018 et
2649 3958 2846 4020 modo
2878 3960 3218 4040 loquendi,
3246 3962 3597 4025 excludunt
3616 3961 3876 4023 actionem
3892 3955 3955 4011 mi·

2553 4077 2740 4136 nistri
2770 4076 3355 4151 instrumentalem,
3390 4081 3585 4140 multo
3619 4078 3800 4138 minus
3822 4069 3954 4133 exclu-

2555 4191 2727 4252 ditur
2756 4194 3067 4270 perillam
3095 4193 3397 4266 formam,
3430 4211 3566 4273 quae
3595 4191 3859 4256 exclusiva
3879 4196 3951 4245 non

2553 4312 2675 4379 est,
2703 4323 2787 4369 ex
2830 4310 2887 4370 vi
2917 4310 3266 4372 verborum
3330 4318 3395 4372 et
3428 4310 3615 4372 modo
3644 4297 3950 4388 significandi.

2550 4424 2704 4486 licet
2745 4425 3068 4502 exprimat
3129 4431 3377 4488 tantum
3445 4442 3690 4490 causam
3735 4419 3951 4501 principa·

2554 4542 2709 4616 lem,
2755 4547 2827 4603 ut
2896 4551 3207 4623 agentum
3262 4560 3381 4623 per
3422 4545 3878 4606 Sacramentum
3918 4537 3951 4589 0¹

2557 4675 2641 4720 ex
2683 4658 2782 4723 his
2814 4667 3094 4741 negatur
3124 4664 3323 4724 altera
3356 4659 3799 4741 consequentia.

2636 4775 2732 4838 Ad
2790 4775 3065 4840 formam
3108 4779 3307 4849 illam,
3353 4795 3547 4857 quam
3589 4773 3854 4855 reprobat.
3894 4778 3948 4823 re·

2559 4895 2929 4972 spondetur
2992 4915 3141 4960 esse
3209 4899 3468 4961 bonam.
3554 4899 3640 4961 Ad
3690 4884 3967 4970 improbati·

2560 5028 2779 5088 onem,
2847 5015 3289 5091 respondetur
3340 5019 3788 5094 expressionem
3827 5001 4005 5097 1118]οω

2559 5147 2700 5190 rem
2745 5130 3024 5208 alicujus
3065 5133 3129 5194 in
3174 5131 3375 5194 forma
3411 5150 3540 5195 non
3584 5131 3772 5192 vitiare
3805 5123 3943 5198 ipsam.
4004 5111 4005 5190 ἶ

2562 5248 2731 5309 sicut
2774 5249 3039 5326 quando
3073 5247 3306 5311 dicitur
3336 5269 3351 5311 :
3386 5253 3516 5327 Eyo
3547 5250 3761 5326 baptizo
3789 5247 3832 5300 te
3848 5238 3943 5295 pas-

2565 5345 2724 5438 lum,
2769 5366 2881 5427 ubi
2939 5366 3322 5444 pronomina
3393 5362 3794 5428 subintellecta
3821 5344 3941 5422 θῐΡΓῘ·

2566 5489 2877 5556 muntur;
2962 5488 3028 5546 et
3085 5485 3138 5544 si
3192 5481 3470 5546 addatur
3528 5483 3693 5546 istis:
3766 5465 3938 5549 Sfflss

2562 5604 2772 5664 sancti
2798 5602 2879 5664 ab
2923 5607 3194 5680 utroque
3237 5602 3639 5680 procedentis,
3677 5601 3774 5658 etc
3806 5589 3933 5658 noim
