4255 6375
174 2332 215 2405 ῖς

172 2410 256 2445 810.

173 3698 248 3735 ΗΓ.

172 4489 278 4538 icili-

175 4566 202 4599 o

173 4620 260 4664 eto·

173 4693 217 4726 n.

1408 454 1609 518 DlS'l'.
1644 453 1742 518 lll.
1794 454 2155 532 QUAES'rto
2203 457 2304 521 lll.

302 619 477 708 quod
551 618 794 708 aliquid
879 617 1244 686 decreverit
1316 629 1539 684 contra
1597 617 1845 684 traditi-

301 758 492 803 onem
532 758 567 802 a
625 738 953 824 Stephano
991 748 1055 802 et
1110 735 1399 802 Concilio
1460 735 1706 802 Niceno
1736 754 1843 801 as·

302 864 568 920 sertam.

389 972 525 1036 Hoc
579 989 738 1056 ergo
777 968 990 1054 posito
1040 966 1102 1034 id
1143 988 1272 1034 non
1331 968 1541 1054 potuit
1595 986 1846 1053 praesu-

305 1108 484 1153 mere
511 1085 814 1153 Nicolaus
841 1085 921 1151 de
950 1084 1200 1166 JudaeO,
1263 1084 1372 1172 qui
1418 1084 1609 1149 fidem
1666 1082 1848 1149 Chri-

303 1204 384 1270 sti
428 1223 559 1269 non
610 1202 860 1279 habuit,
907 1222 1118 1288 neque
1158 1201 1428 1288 proinde
1476 1199 1850 1267 adhaerebat

303 1318 418 1385 ulli
480 1318 852 1406 particulari
911 1317 1142 1397 errori,
1205 1328 1429 1383 contra
1506 1316 1846 1383 veritatem

303 1435 732 1515 sacramenti,
786 1456 980 1523 quem
1033 1436 1099 1501 in
1141 1434 1348 1501 forma
1406 1433 1844 1521 exprimeret:

303 1562 364 1619 et
418 1551 517 1618 sic
569 1551 918 1638 respondet
977 1551 1275 1617 Pontifex
1323 1537 1618 1616 absolute
1663 1549 1852 1635 juxta

302 1667 697 1735 sententiam
764 1668 1075 1754 Stephani
1133 1679 1196 1733 et
1266 1665 1620 1745 Ambrosii,
1703 1687 1853 1753 quoe

303 1784 651 1852 traditione
701 1792 766 1850 et
820 1782 1199 1850 definitione
1246 1782 1555 1849 Ecclesiae
1630 1782 1854 1849 fulcie-

305 1905 520 1968 batur.
566 1904 718 1968 Haec
756 1900 1097 1987 responsio
1147 1899 1358 1986 magis
1391 1899 1665 1986 quadrat
1704 1919 1852 1965 sen-

298 2019 529 2084 tentiae
603 2015 918 2083 asserenti
986 2015 1342 2081 etiamnum
1417 2014 1847 2101 Baptismum,

302 2137 428 2202 sub
473 2133 746 2222 prael'ata
798 2135 1029 2213 forma,
1073 2132 1294 2199 datum
1337 2132 1579 2198 valere.

389 2249 848 2336 Respondetur
888 2248 1100 2326 tertio,
1139 2247 1302 2314 nihil
1332 2246 1674 2313 definitum
1709 2266 1856 2312 esse

300 2389 334 2433 a
375 2367 665 2454 Pelagi0‚
711 2366 823 2433 sed
873 2364 1248 2432 decrevisse
1301 2365 1460 2430 tales
1511 2363 1855 2429 haereticos

299 2504 446 2550 esse
481 2481 999 2568 rebaptizandOS,
1035 2480 1339 2566 quamvis
1369 2480 1492 2546 hoc
1522 2481 1852 2546 decretum

300 2610 631 2685 supponat
690 2596 1091 2683 Baptismum
1126 2616 1351 2662 eorum
1385 2595 1591 2663 fuisse
1620 2594 1853 2660 invali-

299 2715 483 2791 dum,
541 2725 605 2779 et
637 2712 944 2797 baptizari
1001 2712 1238 2777 debere
1277 2712 1399 2777 sub
1442 2710 1854 2777 invocatione

302 2829 669 2908 Trinitatis,
706 2850 782 2895 ex
817 2840 1032 2895 mente
1073 2826 1426 2895 pontificis.
1473 2832 1603 2893 Hoc
1636 2841 1854 2894 autem

307 2968 436 3013 non
480 2946 758 3031 derogat
797 2946 956 3035 quin
1005 2945 1373 3030 Baptismus
1410 2942 1858 3029 dispensative

305 3064 385 3128 ab
436 3060 766 3148 Apostolis
800 3061 1000 3127 fuerit
1035 3062 1226 3128 datus
1266 3060 1331 3126 in
1374 3058 1611 3126 Christi
1656 3061 1858 3123 nomi·

308 3202 410 3262 ne,
448 3201 535 3247 ex
576 3177 841 3246 motivis
881 3199 1077 3265 supra
1120 3175 1475 3264 expressis,
1513 3175 1721 3256 Dices,
1760 3174 1858 3240 in-

306 3294 600 3362 curritur
629 3293 799 3360 idem
835 3292 1329 3366 inconveniens,
1368 3291 1515 3376 quia
1550 3291 1646 3356 sic
1678 3290 1858 3355 Pela-

307 3412 458 3498 gius
493 3409 783 3476 decrevit
811 3421 1033 3474 contra
1075 3409 1506 3495 Stephanum,
1552 3419 1616 3472 et
1659 3406 1855 3473 tradi-

308 3529 557 3594 tionem
606 3526 926 3592 firmatam
976 3526 1038 3590 in
1082 3525 1348 3591 Nicen0.
1408 3525 1863 3612 Respondetur

309 3642 650 3730 Pelagium
681 3653 979 3709 secutum
1010 3641 1216 3708 fuisse
1248 3641 1541 3728 regulam
1576 3663 1862 3728 evange-

310 3759 529 3838 licam,
564 3759 646 3826 de
675 3781 802 3848 qua
860 3760 1224 3839 constabat,
1270 3772 1332 3825 et
1363 3759 1643 3846 elegisse
1690 3762 1859 3849 quod

311 3877 517 3944 tutius
592 3887 731 3942 erat
796 3877 863 3941 in
938 3896 1092 3942 casu
1159 3876 1518 3961 propositO,
1591 3876 1657 3941 in
1734 3898 1863 3964 quo

309 3995 505 4061 etiam
547 3990 966 4078 probabiliter
1024 3991 1432 4077 interpretari
1486 3991 1717 4078 potuit,
1753 4013 1865 4059 ne-

310 4129 436 4196 que
511 4108 940 4195 Stephanum,
1002 4128 1215 4195 neque
1259 4108 1617 4174 Concilium
1689 4108 1862 4174 aliud

314 4226 697 4305 intendisse,
745 4224 1043 4312 quamvis
1073 4224 1439 4311 Cyprianus
1476 4223 1868 4290 intellexerit

318 4345 721 4430 Stephanum
792 4342 980 4429 juxta
1045 4340 1310 4408 modum
1373 4339 1681 4428 loquendi
1738 4346 1866 4407 Lu-

319 4480 412 4527 cae
480 4460 547 4524 in
620 4457 795 4524 Actis
853 4456 1342 4543 Apostolorum.
1387 4459 1597 4524 Verba
1650 4471 1868 4524 tamen

323 4563 636 4661 Stephani
732 4572 1085 4640 admittunt
1194 4573 1495 4639 eumdem
1604 4575 1869 4641 modum

326 4691 905 4779 interpretationis.
949 4712 1143 4778 quem
1185 4691 1469 4758 admittit
1506 4691 1865 4779 Scriptura,

325 4822 384 4875 et
470 4830 665 4897 quem
712 4819 975 4874 secutus
1021 4818 1122 4874 est
1170 4808 1601 4895 AugustinuS,
1647 4820 1711 4875 et
1759 4830 1872 4895 po-

327 4925 655 5005 steriores,
693 4934 930 5010 praeter
954 4925 1089 5011 jam
1120 4922 1375 5002 citatos,
1412 4935 1476 4989 et
1514 4944 1707 5011 quem
1750 4928 1871 4990 Ec-

327 5038 520 5105 clesia
558 5038 787 5105 habuit
846 5038 912 5104 in
962 5037 1191 5124 praxi;
1236 5036 1299 5103 in
1342 5038 1703 5105 ministerio
1752 5059 1871 5106 au-

327 5167 455 5220 tem
501 5160 1064 5222 sacramentorum
1098 5155 1299 5220 tutior
1347 5175 1496 5241 pars
1542 5155 1873 5242 sequenda

331 5287 448 5339 est.
513 5275 722 5354 DiceS,
770 5293 928 5359 ergo
993 5272 1219 5339 debuit
1255 5271 1538 5359 adJicere
1593 5272 1872 5338 conditi-

330 5412 541 5458 onem.
621 5390 1073 5477 Respondetur
1119 5388 1418 5477 negando
1465 5409 1874 5476 consequen-

330 5508 510 5588 tiam,
572 5507 724 5596 quia
791 5517 1004 5574 stante
1059 5506 1284 5593 regula
1351 5505 1729 5593 evangelica
1795 5506 1877 5574 de

334 5623 544 5692 dando
581 5624 910 5713 Baptismo
976 5624 1100 5691 sub
1141 5622 1554 5690 invocatione
1592 5621 1875 5690 Trinita-

3403 444 3520 519 315

1955 618 2063 697 tis,
2127 631 2192 686 et
2231 619 2562 709 sequendo
2618 619 2991 709 opinionem
3056 617 3506 707 praescriptam

1957 739 2245 816 Pati-um,
2309 737 2520 823 potuit
2560 758 2702 804 esse
2761 737 2828 803 in
2887 756 2961 802 ea
3022 733 3372 814 sententia,
3438 742 3511 799 ut

1958 861 2216 938 putaret
2301 852 2702 940 Baptismum
2771 852 2959 917 aliter
3038 849 3289 926 datum,
3361 868 3513 915 esse

1959 967 2212 1049 nullum
2244 968 2668 1056 simpliciter:
2714 979 2777 1035 et
2822 989 2859 1034 e
2901 977 3152 1047 contra,
3204 964 3512 1032 Nicolaus

1960 1084 2295 1171 sequendo
2350 1084 2764 1152 Ambrosium
2808 1096 2872 1150 et
2911 1083 3313 1170 Stephanum
3352 1082 3513 1168 jux-

1960 1211 2022 1264 ta
2063 1201 2327 1267 modum
2390 1199 2857 1288 interpretandi
2914 1197 3220 1286 Cypriani
3281 1196 3405 1263 fuit
3444 1195 3511 1261 in

1961 1315 2257 1402 opposita
2306 1316 2637 1404 opinione.
2701 1314 3136 1382 Contradictio
3199 1333 3357 1400 ergo
3398 1315 3513 1377 De-

1961 1443 2287 1498 cretorum
2337 1431 2669 1498 reducitur
2726 1431 2805 1497 ad
2861 1430 3205 1516 opiniones
3262 1440 3518 1494 contra·

1963 1548 2116 1628 riaS,
2183 1567 2459 1634 quarum
2503 1560 2730 1615 neutra
2789 1545 3057 1613 definita
3106 1555 3203 1611 est
3252 1544 3332 1610 ab
3391 1543 3517 1608 hoc

1963 1664 2067 1731 vel
2127 1663 2262 1743 illo,
2327 1678 2391 1730 et
2440 1665 2505 1730 in
2567 1665 2806 1751 quibus
2856 1663 3215 1729 etiamnum
3278 1680 3516 1748 graves

1963 1782 2277 1868 Theologi
2340 1782 2648 1848 haesitant
2715 1801 2841 1847 non
2902 1779 3314 1847 obstantibus
3373 1778 3515 1865 qui-

1966 1898 2375 1984 buscumque
2432 1897 2883 1964 determinatis
2931 1896 3012 1961 ab
3051 1894 3342 1962 Ecclesia
3390 1894 3517 1960 cir-

1965 2034 2039 2079 ca
2097 2013 2561 2093 ministerium,
2624 2024 2688 2079 et
2752 2011 3131 2079 essentialia
3197 2010 3512 2099 Baptismi

1966 2142 2284 2217 quantum
2326 2130 2406 2196 ad
2440 2131 2727 2196 valorem
2761 2128 3186 2196 Sacramenti.

2055 2248 2296 2314 Eodem
2331 2248 2521 2314 modo
2553 2247 2985 2333 respondetur
3023 2246 3101 2316 ad
3135 2246 3348 2311 locum
3393 2247 3515 2310 Za·
3547 2312 3623 2363 Ex
3660 2246 3843 2361 ἕξων

1966 2360 2235 2440 chariae,
2281 2381 2430 2427 eum
2480 2359 2639 2426 nihil
2683 2359 3018 2434 definisse,
3070 2358 3185 2424 sed
3219 2369 3512 2423 secutum
3577 2325 3846 2441 ‹iopen-emm

1969 2475 2174 2542 fuisse
2206 2477 2502 2563 regulam
2553 2479 2913 2556 canonum,
2953 2474 3018 2539 in
3079 2473 3318 2559 quibus
3351 2493 3517 2559 prae·
3569 2435 3846 2485 zaebamae'

1967 2593 2300 2673 scribitur,
2347 2604 2418 2660 ut
2467 2593 2838 2678 Baptismus
2888 2590 3000 2657 fiat
3038 2591 3160 2657 sub
3204 2591 3520 2658 invocati-

1964 2731 2091 2777 one
2119 2710 2481 2789 TrinitatiS,
2519 2711 2616 2775 sic
2665 2709 2857 2775 etiam
2893 2707 3247 2795 respondet
3280 2706 3525 2775 Bellar-

1971 2825 2192 2891 minus
2250 2823 2502 2891 nullum
2543 2844 2624 2891 ex
2668 2824 2768 2890 his
2822 2822 3035 2889 tribus
3096 2820 3524 2887 Pontificibus

1970 2941 2217 3028 aliquid
2251 2940 2654 3007 definivisse.

2057 3062 2249 3124 Forte
2289 3059 2484 3123 etiam
2531 3067 2595 3123 et
2623 3055 2926 3122 diversus
2966 3068 3066 3122 est
3114 3077 3308 3123 casus
3367 3077 3524 3143 pro-

1971 3172 2222 3261 positus
2252 3172 2607 3250 Zachariae,
2645 3192 3038 3259 quamquam
3081 3172 3255 3238 enim
3307 3171 3371 3238 in
3407 3171 3528 3238 ini·

1971 3291 2061 3356 tio
2093 3290 2323 3376 probat
2352 3289 2959 3356 determinationem
2993 3289 3261 3357 Concilii
3295 3288 3529 3377 Angli-

1970 3406 2114 3473 cani
2148 3406 2318 3472 circa
2357 3406 2631 3472 formam
2665 3406 3000 3492 Baptismi,
3038 3405 3197 3471 illud
3239 3425 3368 3471 non
3403 3403 3526 3470 fuit

1972 3521 2147 3608 quod
2192 3522 2603 3608 potissimum
2655 3521 2719 3588 in
2791 3522 3159 3611 quaestione
3221 3521 3526 3587 versaba-

1975 3646 2105 3702 tur.

2061 3751 2182 3817 Sed
2243 3750 2399 3839 quid
2466 3753 2793 3838 agendum
2854 3764 3053 3834 esset,
3117 3752 3197 3818 de
3263 3752 3344 3818 iis
3412 3752 3525 3838 qui

1975 3868 2278 3955 baptizati
2311 3881 2464 3936 sunt
2501 3889 2537 3935 a
2587 3871 2978 3957 quibusdam
3039 3870 3380 3957 sacrilegis
3427 3891 3529 3936 sa-

1974 3985 2371 4064 cer-dotibus,
2418 3986 2528 4073 qui
2580 3987 2776 4053 etiam
2833 3985 3024 4053 idolis
3076 3986 3534 4054 sacrificabant

1976 4112 2041 4167 et
2072 4100 2456 4170 dubitabant
2526 4102 2746 4189 plures
2784 4104 3176 4190 superstites
3216 4103 3271 4169 si
3314 4103 3378 4169 in
3416 4124 3533 4168 no·

1980 4215 2156 4281 mine
2198 4216 2530 4282 Trinitatis
2592 4218 2831 4283 fuerint
2880 4216 2960 4283 ab
3025 4217 3119 4284 eis
3183 4216 3529 4304 baptizati3

1981 4331 2159 4397 nulla
2213 4343 2429 4398 autem
2475 4333 2593 4399 fuit
2638 4334 2920 4420 quaestio
2975 4354 3056 4400 an
3095 4335 3217 4400 sub
3271 4333 3537 4399 nomine

1981 4449 2221 4516 Christi
2303 4449 2604 4536 baptizati
2673 4461 2881 4529 erant,
2940 4450 3047 4517 illa
3107 4461 3323 4515 autem
3384 4470 3538 4515 ver·

1985 4565 2062 4630 ba
2100 4588 2113 4630 :
2159 4566 2239 4631 Ut
2267 4567 2382 4651 qui
2423 4566 2526 4630 vel
2554 4587 2758 4631 unam
2798 4566 2880 4631 de
2919 4567 3251 4632 Trinitate
3311 4587 3538 4652 perso-

1982 4681 2243 4747 namin
2279 4682 2696 4767 Baptismum
2736 4702 2869 4747 non
2920 4682 3324 4758 nominaret,
3362 4682 3540 4747 illud

1990 4797 2333 4884 Baptisma
2384 4818 2518 4863 esse
2572 4818 2704 4863 non
2767 4819 2975 4883 posse,
3028 4789 3164 4863 etc.
3220 4798 3540 4864 Videntur

1984 4914 2403 4981 subindicare
2462 4912 2734 4979 dubium
2807 4924 3107 4978 exortum
3161 4913 3390 4990 fuisse,
3452 4935 3533 4980 an

1988 5028 2387 5117 baptizantes
2423 5030 2488 5095 in
2538 5030 2743 5095 forma
2784 5030 2908 5095 sub
2941 5029 3352 5096 invocatione
3393 5029 3532 5094 Tri-

1988 5144 2230 5220 nitatis,
2269 5159 2442 5210 recte
2484 5145 2873 5230 protulerint
2943 5145 3240 5224 formam,
3307 5142 3417 5212 vel
3452 5167 3531 5211 ex

1989 5259 2382 5347 ignorantia,
2425 5261 2528 5326 vel
2569 5259 2841 5342 incuria,
2880 5261 2982 5327 vel
3016 5273 3193 5328 certe
3219 5262 3534 5347 supersti-

1987 5376 2165 5442 tione
2212 5375 2489 5442 asfectati
2540 5376 2807 5461 erroris,
2842 5376 2947 5443 vel
2998 5376 3250 5464 aliquid
3297 5378 3537 5446 vitians

1989 5513 2258 5559 sensum
2301 5491 2754 5579 adJunxerint;
2793 5513 2941 5558 nam
3012 5514 3091 5560 ex
3170 5494 3537 5580 ignorantia

1993 5607 2198 5674 Latini
2236 5607 2559 5674 sermonis
2601 5607 2927 5694 Baptisma
2956 5610 3262 5682 collatum
3304 5613 3380 5678 in
3408 5632 3531 5679 no-

3671 3711 3753 3761 70.
