<?xml version="1.0" encoding="UTF-8"?>
<!DOCTYPE html PUBLIC "-//W3C//DTD XHTML 1.0 Transitional//EN"
    "http://www.w3.org/TR/xhtml1/DTD/xhtml1-transitional.dtd">
<html xmlns="http://www.w3.org/1999/xhtml" xml:lang="en" lang="en">
 <head>
  <title>
</title>
<meta http-equiv="Content-Type" content="text/html;charset=utf-8" />
  <meta name='ocr-system' content='tesseract 3.04.00' />
  <meta name='ocr-capabilities' content='ocr_page ocr_carea ocr_par ocr_line ocrx_word'/>
</head>
<body>
  <div class='ocr_page' id='page_1' title='image "./joannisdunsscot02waddgoog_0674.png"; bbox 0 0 4255 6375; ppageno 0'>
   <div class='ocr_carea' id='block_1_1' title="bbox 723 395 845 456">
    <p class='ocr_par' dir='ltr' id='par_1_1' title="bbox 723 395 845 456">
     <span class='ocr_line' id='line_1_1' title="bbox 723 395 845 456; baseline 0 -1"><span class='ocrx_word' id='word_1_1' title='bbox 723 395 845 456; x_wconf 75' lang='lat'>676</span> 
     </span>
    </p>
   </div>
   <div class='ocr_carea' id='block_1_2' title="bbox 356 555 2257 5539">
    <p class='ocr_par' dir='ltr' id='par_1_2' title="bbox 700 555 2253 2252">
     <span class='ocr_line' id='line_1_2' title="bbox 703 555 2243 644; baseline 0.001 -25"><span class='ocrx_word' id='word_1_2' title='bbox 703 555 858 620; x_wconf 86' lang='lat' dir='ltr'>tiam</span> <span class='ocrx_word' id='word_1_3' title='bbox 900 557 1334 642; x_wconf 75' lang='lat' dir='ltr'>obJectionem</span> <span class='ocrx_word' id='word_1_4' title='bbox 1381 559 1567 644; x_wconf 85' lang='lat' dir='ltr'>juxta</span> <span class='ocrx_word' id='word_1_5' title='bbox 1619 557 2039 622; x_wconf 83' lang='lat' dir='ltr'>fundamenta</span> <span class='ocrx_word' id='word_1_6' title='bbox 2098 557 2243 641; x_wconf 87' lang='lat' dir='ltr'>ejus</span> 
     </span>
     <span class='ocr_line' id='line_1_3' title="bbox 701 670 2248 752; baseline -0.001 -15"><span class='ocrx_word' id='word_1_7' title='bbox 701 671 988 752; x_wconf 89' lang='lat' dir='ltr'>disserit,</span> <span class='ocrx_word' id='word_1_8' title='bbox 1034 686 1096 740; x_wconf 90' lang='lat' dir='ltr'>et</span> <span class='ocrx_word' id='word_1_9' title='bbox 1157 695 1282 740; x_wconf 93' lang='lat' dir='ltr'>non</span> <span class='ocrx_word' id='word_1_10' title='bbox 1329 674 1601 740; x_wconf 83' lang='lat' dir='ltr'>resolvit</span> <span class='ocrx_word' id='word_1_11' title='bbox 1664 673 1839 738; x_wconf 88' lang='lat' dir='ltr'>illam</span> <span class='ocrx_word' id='word_1_12' title='bbox 1897 670 2248 738; x_wconf 83' lang='lat' dir='ltr'>difficulta-</span> 
     </span>
     <span class='ocr_line' id='line_1_4' title="bbox 703 789 2250 878; baseline 0.001 -26"><span class='ocrx_word' id='word_1_13' title='bbox 703 797 875 854; x_wconf 89' lang='lat' dir='ltr'>tem:</span> <span class='ocrx_word' id='word_1_14' title='bbox 911 793 1008 856; x_wconf 83' lang='grc' dir='ltr'>Αη</span> <span class='ocrx_word' id='word_1_15' title='bbox 1054 791 1481 878; x_wconf 82' lang='lat' dir='ltr'>Episcopatus</span> <span class='ocrx_word' id='word_1_16' title='bbox 1521 790 1607 856; x_wconf 91' lang='lat' dir='ltr'>sit</span> <span class='ocrx_word' id='word_1_17' title='bbox 1647 789 1817 856; x_wconf 90' lang='lat' dir='ltr'>Ordo</span> <span class='ocrx_word' id='word_1_18' title='bbox 1875 789 2180 855; x_wconf 85' lang='lat' dir='ltr'>diversus</span> <span class='ocrx_word' id='word_1_19' title='bbox 2214 808 2250 853; x_wconf 87' lang='lat' dir='ltr'>a</span> 
     </span>
     <span class='ocr_line' id='line_1_5' title="bbox 705 906 2250 992; baseline 0.001 -23"><span class='ocrx_word' id='word_1_20' title='bbox 705 906 1181 992; x_wconf 67' lang='lat' dir='ltr'><strong>presbyteratu,</strong></span> <span class='ocrx_word' id='word_1_21' title='bbox 1277 907 1673 973; x_wconf 89' lang='lat' dir='ltr'>reservando</span> <span class='ocrx_word' id='word_1_22' title='bbox 1773 906 2250 971; x_wconf 80' lang='lat' dir='ltr'>discussionem</span> 
     </span>
     <span class='ocr_line' id='line_1_6' title="bbox 704 1021 2252 1109; baseline -0.002 -20"><span class='ocrx_word' id='word_1_23' title='bbox 704 1021 846 1106; x_wconf 89' lang='lat' dir='ltr'>ejus</span> <span class='ocrx_word' id='word_1_24' title='bbox 940 1023 1019 1089; x_wconf 83' lang='lat' dir='ltr'>ad</span> <span class='ocrx_word' id='word_1_25' title='bbox 1085 1044 1275 1090; x_wconf 89' lang='lat' dir='ltr'>suum</span> <span class='ocrx_word' id='word_1_26' title='bbox 1353 1024 1568 1089; x_wconf 87' lang='lat' dir='ltr'>locum</span> <span class='ocrx_word' id='word_1_27' title='bbox 1668 1022 2001 1109; x_wconf 89' lang='lat' dir='ltr'>proprium</span> <span class='ocrx_word' id='word_1_28' title='bbox 2085 1021 2252 1087; x_wconf 83' lang='lat' dir='ltr'>infra</span> 
     </span>
     <span class='ocr_line' id='line_1_7' title="bbox 701 1135 2250 1221; baseline 0.001 -21"><span class='ocrx_word' id='word_1_29' title='bbox 701 1135 856 1202; x_wconf 75' lang='lat' dir='ltr'>dist.</span> <span class='ocrx_word' id='word_1_30' title='bbox 903 1139 1009 1202; x_wconf 70' lang='lat'>24.</span> <span class='ocrx_word' id='word_1_31' title='bbox 1058 1138 1227 1204; x_wconf 91' lang='lat' dir='ltr'>unde</span> <span class='ocrx_word' id='word_1_32' title='bbox 1261 1159 1388 1203; x_wconf 89' lang='lat' dir='ltr'>non</span> <span class='ocrx_word' id='word_1_33' title='bbox 1431 1137 1774 1217; x_wconf 76' lang='lat' dir='ltr'>assertive,</span> <span class='ocrx_word' id='word_1_34' title='bbox 1828 1137 1940 1203; x_wconf 88' lang='lat' dir='ltr'>sed</span> <span class='ocrx_word' id='word_1_35' title='bbox 1985 1158 2062 1202; x_wconf 69' lang='lat' dir='ltr'>ex</span> <span class='ocrx_word' id='word_1_36' title='bbox 2098 1156 2250 1221; x_wconf 88' lang='lat' dir='ltr'>sup·</span> 
     </span>
     <span class='ocr_line' id='line_1_8' title="bbox 705 1254 2251 1342; baseline 0.001 -22"><span class='ocrx_word' id='word_1_37' title='bbox 705 1255 1025 1342; x_wconf 84' lang='lat' dir='ltr'>positione</span> <span class='ocrx_word' id='word_1_38' title='bbox 1068 1256 1240 1323; x_wconf 90' lang='lat' dir='ltr'>illius</span> <span class='ocrx_word' id='word_1_39' title='bbox 1300 1257 1473 1323; x_wconf 88' lang='lat' dir='ltr'>modi</span> <span class='ocrx_word' id='word_1_40' title='bbox 1518 1256 1777 1324; x_wconf 76' lang='lat' dir='ltr'>dicendi</span> <span class='ocrx_word' id='word_1_41' title='bbox 1831 1255 2141 1323; x_wconf 88' lang='lat' dir='ltr'>discurrit</span> <span class='ocrx_word' id='word_1_42' title='bbox 2171 1254 2251 1321; x_wconf 89' lang='lat' dir='ltr'>ad</span> 
     </span>
     <span class='ocr_line' id='line_1_9' title="bbox 702 1369 2253 1459; baseline -0.001 -25"><span class='ocrx_word' id='word_1_43' title='bbox 702 1369 1089 1436; x_wconf 87' lang='lat' dir='ltr'>solutionem</span> <span class='ocrx_word' id='word_1_44' title='bbox 1158 1372 1509 1459; x_wconf 87' lang='lat' dir='ltr'>objectioni</span> <span class='ocrx_word' id='word_1_45' title='bbox 1569 1373 2009 1438; x_wconf 73' lang='lat' dir='ltr'>conformem:</span> <span class='ocrx_word' id='word_1_46' title='bbox 2068 1371 2253 1436; x_wconf 81' lang='lat' dir='ltr'>Etsi</span> 
     </span>
     <span class='ocr_line' id='line_1_10' title="bbox 704 1486 2252 1576; baseline 0 -25"><span class='ocrx_word' id='word_1_47' title='bbox 704 1489 901 1568; x_wconf 79' lang='lat' dir='ltr'>istud,</span> <span class='ocrx_word' id='word_1_48' title='bbox 945 1488 1180 1576; x_wconf 89' lang='lat' dir='ltr'>inquit,</span> <span class='ocrx_word' id='word_1_49' title='bbox 1227 1501 1318 1554; x_wconf 79' lang='lat' dir='ltr'>est</span> <span class='ocrx_word' id='word_1_50' title='bbox 1378 1510 1626 1566; x_wconf 83' lang='lat' dir='ltr'>verum,</span> <span class='ocrx_word' id='word_1_51' title='bbox 1685 1501 1813 1561; x_wconf 76' lang='lat' dir='ltr'>etc,</span> <span class='ocrx_word' id='word_1_52' title='bbox 1878 1508 2115 1573; x_wconf 87' lang='lat' dir='ltr'>nempe</span> <span class='ocrx_word' id='word_1_53' title='bbox 2150 1486 2252 1551; x_wconf 90' lang='lat' dir='ltr'>di-</span> 
     </span>
     <span class='ocr_line' id='line_1_11' title="bbox 701 1604 2247 1691; baseline 0.001 -23"><span class='ocrx_word' id='word_1_54' title='bbox 701 1604 1141 1685; x_wconf 88' lang='lat' dir='ltr'>stinctionem,</span> <span class='ocrx_word' id='word_1_55' title='bbox 1190 1626 1316 1671; x_wconf 91' lang='lat' dir='ltr'>non</span> <span class='ocrx_word' id='word_1_56' title='bbox 1366 1627 1511 1672; x_wconf 90' lang='lat' dir='ltr'>esse</span> <span class='ocrx_word' id='word_1_57' title='bbox 1577 1606 1746 1672; x_wconf 87' lang='lat' dir='ltr'>inter</span> <span class='ocrx_word' id='word_1_58' title='bbox 1786 1606 2247 1691; x_wconf 72' lang='lat' dir='ltr'>Presbyterum</span> 
     </span>
     <span class='ocr_line' id='line_1_12' title="bbox 708 1722 2253 1810; baseline 0 -24"><span class='ocrx_word' id='word_1_59' title='bbox 708 1733 770 1787; x_wconf 91' lang='lat' dir='ltr'>et</span> <span class='ocrx_word' id='word_1_60' title='bbox 812 1722 1253 1809; x_wconf 78' lang='lat' dir='ltr'>Episcopum:</span> <span class='ocrx_word' id='word_1_61' title='bbox 1308 1723 1548 1790; x_wconf 88' lang='lat' dir='ltr'>iterum</span> <span class='ocrx_word' id='word_1_62' title='bbox 1593 1723 1798 1790; x_wconf 82' lang='lat' dir='ltr'>infra:</span> <span class='ocrx_word' id='word_1_63' title='bbox 1838 1723 2013 1810; x_wconf 79' lang='lat' dir='ltr'>qnod</span> <span class='ocrx_word' id='word_1_64' title='bbox 2054 1724 2113 1787; x_wconf 82' lang='lat' dir='ltr'>si</span> <span class='ocrx_word' id='word_1_65' title='bbox 2154 1743 2253 1786; x_wconf 82' lang='lat' dir='ltr'>ve·</span> 
     </span>
     <span class='ocr_line' id='line_1_13' title="bbox 702 1838 2250 1917; baseline 0 -14"><span class='ocrx_word' id='word_1_66' title='bbox 702 1860 848 1903; x_wconf 76' lang='lat' dir='ltr'>rum</span> <span class='ocrx_word' id='word_1_67' title='bbox 888 1851 1003 1917; x_wconf 82' lang='lat' dir='ltr'>cst,</span> <span class='ocrx_word' id='word_1_68' title='bbox 1041 1852 1165 1904; x_wconf 89' lang='lat' dir='ltr'>etc.</span> <span class='ocrx_word' id='word_1_69' title='bbox 1205 1860 1332 1905; x_wconf 91' lang='lat' dir='ltr'>non</span> <span class='ocrx_word' id='word_1_70' title='bbox 1376 1863 1537 1907; x_wconf 85' lang='lat' dir='ltr'>esse</span> <span class='ocrx_word' id='word_1_71' title='bbox 1595 1854 1814 1906; x_wconf 89' lang='lat' dir='ltr'>autem</span> <span class='ocrx_word' id='word_1_72' title='bbox 1875 1860 2097 1905; x_wconf 76' lang='lat' dir='ltr'>veram</span> <span class='ocrx_word' id='word_1_73' title='bbox 2159 1838 2250 1904; x_wconf 88' lang='lat' dir='ltr'>di·</span> 
     </span>
     <span class='ocr_line' id='line_1_14' title="bbox 700 1953 2244 2042; baseline -0.001 -23"><span class='ocrx_word' id='word_1_74' title='bbox 700 1967 867 2020; x_wconf 87' lang='lat' dir='ltr'>ctam</span> <span class='ocrx_word' id='word_1_75' title='bbox 899 1954 1273 2040; x_wconf 85' lang='lat' dir='ltr'>opinionem</span> <span class='ocrx_word' id='word_1_76' title='bbox 1325 1954 1466 2042; x_wconf 90' lang='lat' dir='ltr'>ipse</span> <span class='ocrx_word' id='word_1_77' title='bbox 1501 1955 1665 2021; x_wconf 79' lang='lat' dir='ltr'>infra</span> <span class='ocrx_word' id='word_1_78' title='bbox 1692 1955 1842 2024; x_wconf 76' lang='lat' dir='ltr'>dise.</span> <span class='ocrx_word' id='word_1_79' title='bbox 1886 1959 1994 2021; x_wconf 66' lang='lat'>24.</span> <span class='ocrx_word' id='word_1_80' title='bbox 2032 1953 2244 2019; x_wconf 88' lang='lat' dir='ltr'>docet.</span> 
     </span>
     <span class='ocr_line' id='line_1_15' title="bbox 706 2067 2249 2155; baseline 0 -23"><span class='ocrx_word' id='word_1_81' title='bbox 706 2070 827 2134; x_wconf 88' lang='lat' dir='ltr'>Sed</span> <span class='ocrx_word' id='word_1_82' title='bbox 869 2068 949 2134; x_wconf 91' lang='lat' dir='ltr'>de</span> <span class='ocrx_word' id='word_1_83' title='bbox 982 2069 1102 2134; x_wconf 87' lang='lat' dir='ltr'>hoc</span> <span class='ocrx_word' id='word_1_84' title='bbox 1133 2067 1462 2154; x_wconf 89' lang='lat' dir='ltr'>agendum</span> <span class='ocrx_word' id='word_1_85' title='bbox 1495 2068 1619 2134; x_wconf 88' lang='lat' dir='ltr'>erit</span> <span class='ocrx_word' id='word_1_86' title='bbox 1650 2069 1713 2135; x_wconf 91' lang='lat' dir='ltr'>in</span> <span class='ocrx_word' id='word_1_87' title='bbox 1757 2089 2026 2155; x_wconf 86' lang='lat' dir='ltr'>corpore</span> <span class='ocrx_word' id='word_1_88' title='bbox 2066 2088 2249 2155; x_wconf 81' lang='lat' dir='ltr'>quae-</span> 
     </span>
     <span class='ocr_line' id='line_1_16' title="bbox 708 2184 967 2252; baseline 0.015 -4"><span class='ocrx_word' id='word_1_89' title='bbox 708 2184 967 2252; x_wconf 84' lang='lat' dir='ltr'>stioniS.</span> 
     </span>
    </p>

    <p class='ocr_par' dir='ltr' id='par_1_3' title="bbox 481 2301 2257 3083">
     <span class='ocr_line' id='line_1_17' title="bbox 481 2301 2251 2389; baseline 0 -22"><span class='ocrx_word' id='word_1_90' title='bbox 481 2328 559 2379; x_wconf 79' lang='lat'>38.</span> <span class='ocrx_word' id='word_1_91' title='bbox 794 2302 1057 2368; x_wconf 76' lang='lat' dir='ltr'>Interim</span> <span class='ocrx_word' id='word_1_92' title='bbox 1127 2302 1445 2389; x_wconf 91' lang='lat' dir='ltr'>objiciunt</span> <span class='ocrx_word' id='word_1_93' title='bbox 1497 2302 1761 2368; x_wconf 78' lang='lat' dir='ltr'>Armeni</span> <span class='ocrx_word' id='word_1_94' title='bbox 1835 2301 1942 2367; x_wconf 85' lang='lat' dir='ltr'>illa</span> <span class='ocrx_word' id='word_1_95' title='bbox 1982 2301 2120 2367; x_wconf 88' lang='lat' dir='ltr'>loca</span> <span class='ocrx_word' id='word_1_96' title='bbox 2171 2322 2251 2368; x_wconf 85' lang='lat' dir='ltr'>ex</span> 
     </span>
     <span class='ocr_line' id='line_1_18' title="bbox 706 2415 2252 2501; baseline 0 -20"><span class='ocrx_word' id='word_1_97' title='bbox 706 2417 881 2482; x_wconf 85' lang='lat' dir='ltr'>Actis</span> <span class='ocrx_word' id='word_1_98' title='bbox 955 2416 1115 2482; x_wconf 91' lang='lat' dir='ltr'>nihil</span> <span class='ocrx_word' id='word_1_99' title='bbox 1184 2415 1592 2495; x_wconf 74' lang='lat' dir='ltr'>concludere,</span> <span class='ocrx_word' id='word_1_100' title='bbox 1660 2416 2074 2501; x_wconf 86' lang='lat' dir='ltr'>potissimum</span> <span class='ocrx_word' id='word_1_101' title='bbox 2123 2416 2252 2501; x_wconf 90' lang='lat' dir='ltr'>pri·</span> 
     </span>
     <span class='ocr_line' id='line_1_19' title="bbox 706 2531 2253 2621; baseline 0 -24"><span class='ocrx_word' id='word_1_102' title='bbox 706 2553 883 2598; x_wconf 91' lang='lat' dir='ltr'>mum</span> <span class='ocrx_word' id='word_1_103' title='bbox 916 2534 1156 2613; x_wconf 90' lang='lat' dir='ltr'>locum,</span> <span class='ocrx_word' id='word_1_104' title='bbox 1211 2533 1361 2620; x_wconf 90' lang='lat' dir='ltr'>quia</span> <span class='ocrx_word' id='word_1_105' title='bbox 1410 2533 1749 2621; x_wconf 83' lang='lat' dir='ltr'>Philippus</span> <span class='ocrx_word' id='word_1_106' title='bbox 1805 2531 1926 2597; x_wconf 82' lang='lat' dir='ltr'>fuit</span> <span class='ocrx_word' id='word_1_107' title='bbox 1978 2553 2105 2597; x_wconf 89' lang='lat' dir='ltr'>non</span> <span class='ocrx_word' id='word_1_108' title='bbox 2150 2553 2253 2597; x_wconf 87' lang='lat' dir='ltr'>so·</span> 
     </span>
     <span class='ocr_line' id='line_1_20' title="bbox 704 2648 2257 2735; baseline -0.001 -21"><span class='ocrx_word' id='word_1_109' title='bbox 704 2649 839 2714; x_wconf 92' lang='lat' dir='ltr'>lum</span> <span class='ocrx_word' id='word_1_110' title='bbox 872 2648 1216 2729; x_wconf 60' lang='lat' dir='ltr'>Diae-onus,</span> <span class='ocrx_word' id='word_1_111' title='bbox 1254 2648 1367 2715; x_wconf 89' lang='lat' dir='ltr'>sed</span> <span class='ocrx_word' id='word_1_112' title='bbox 1400 2661 1461 2714; x_wconf 86' lang='lat' dir='ltr'>et</span> <span class='ocrx_word' id='word_1_113' title='bbox 1486 2649 1861 2735; x_wconf 78' lang='lat' dir='ltr'>ApostoluS,</span> <span class='ocrx_word' id='word_1_114' title='bbox 1900 2648 2010 2735; x_wconf 90' lang='lat' dir='ltr'>qui</span> <span class='ocrx_word' id='word_1_115' title='bbox 2045 2648 2257 2734; x_wconf 89' lang='lat' dir='ltr'>potuit</span> 
     </span>
     <span class='ocr_line' id='line_1_21' title="bbox 700 2763 2255 2844; baseline -0.001 -14"><span class='ocrx_word' id='word_1_116' title='bbox 700 2763 1112 2844; x_wconf 84' lang='lat' dir='ltr'>confirmare,</span> <span class='ocrx_word' id='word_1_117' title='bbox 1161 2764 1329 2832; x_wconf 87' lang='lat' dir='ltr'>sieut</span> <span class='ocrx_word' id='word_1_118' title='bbox 1358 2777 1421 2831; x_wconf 90' lang='lat' dir='ltr'>et</span> <span class='ocrx_word' id='word_1_119' title='bbox 1465 2764 1709 2842; x_wconf 64' lang='lat' dir='ltr'>creteri,</span> <span class='ocrx_word' id='word_1_120' title='bbox 1750 2776 1965 2830; x_wconf 88' lang='lat' dir='ltr'>tamen</span> <span class='ocrx_word' id='word_1_121' title='bbox 2013 2763 2255 2829; x_wconf 88' lang='lat' dir='ltr'>missus</span> 
     </span>
     <span class='ocr_line' id='line_1_22' title="bbox 700 2879 2252 2966; baseline -0.003 -18"><span class='ocrx_word' id='word_1_122' title='bbox 700 2893 797 2948; x_wconf 88' lang='lat' dir='ltr'>est</span> <span class='ocrx_word' id='word_1_123' title='bbox 836 2881 913 2947; x_wconf 87' lang='lat' dir='ltr'>ad</span> <span class='ocrx_word' id='word_1_124' title='bbox 954 2882 1340 2948; x_wconf 83' lang='lat' dir='ltr'>Eunuchum</span> <span class='ocrx_word' id='word_1_125' title='bbox 1373 2880 1685 2947; x_wconf 83' lang='lat' dir='ltr'>Candacis</span> <span class='ocrx_word' id='word_1_126' title='bbox 1726 2880 2022 2966; x_wconf 61' lang='lat' dir='ltr'>Reginae,</span> <span class='ocrx_word' id='word_1_127' title='bbox 2073 2892 2143 2944; x_wconf 89' lang='lat' dir='ltr'>ut</span> <span class='ocrx_word' id='word_1_128' title='bbox 2194 2879 2252 2945; x_wconf 89' lang='lat' dir='ltr'>ei</span> 
     </span>
     <span class='ocr_line' id='line_1_23' title="bbox 700 2995 2249 3083; baseline -0.001 -21"><span class='ocrx_word' id='word_1_129' title='bbox 700 2996 1084 3083; x_wconf 62' lang='lat' dir='ltr'>praedicaret</span> <span class='ocrx_word' id='word_1_130' title='bbox 1128 2997 1485 3077; x_wconf 77' lang='lat' dir='ltr'>Christum,</span> <span class='ocrx_word' id='word_1_131' title='bbox 1539 3009 1602 3063; x_wconf 91' lang='lat' dir='ltr'>et</span> <span class='ocrx_word' id='word_1_132' title='bbox 1659 3017 1807 3063; x_wconf 87' lang='lat' dir='ltr'>eum</span> <span class='ocrx_word' id='word_1_133' title='bbox 1874 2995 2249 3081; x_wconf 84' lang='lat' dir='ltr'>baptizaret.</span> 
     </span>
    </p>

    <p class='ocr_par' dir='ltr' id='par_1_4' title="bbox 356 3113 2255 4485">
     <span class='ocr_line' id='line_1_24' title="bbox 356 3113 2248 3216; baseline -0.001 -35"><span class='ocrx_word' id='word_1_134' title='bbox 356 3140 647 3216; x_wconf 81' lang='lat' dir='ltr'>Philippum</span> <span class='ocrx_word' id='word_1_135' title='bbox 701 3114 1148 3202; x_wconf 82' lang='lat' dir='ltr'>Respondetur</span> <span class='ocrx_word' id='word_1_136' title='bbox 1178 3135 1324 3180; x_wconf 85' lang='lat' dir='ltr'>eum</span> <span class='ocrx_word' id='word_1_137' title='bbox 1365 3115 1574 3180; x_wconf 87' lang='lat' dir='ltr'>solum</span> <span class='ocrx_word' id='word_1_138' title='bbox 1618 3115 1820 3180; x_wconf 82' lang='lat' dir='ltr'>fuisse</span> <span class='ocrx_word' id='word_1_139' title='bbox 1869 3113 2248 3195; x_wconf 79' lang='lat' dir='ltr'>Diaconum,</span> 
     </span>
     <span class='ocr_line' id='line_1_25' title="bbox 368 3206 2253 3321; baseline -0.001 -20"><span class='ocrx_word' id='word_1_140' title='bbox 368 3206 646 3321; x_wconf 51' lang='lat' dir='ltr'>Dizaebsrffim</span> <span class='ocrx_word' id='word_1_141' title='bbox 705 3246 773 3301; x_wconf 90' lang='lat' dir='ltr'>ut</span> <span class='ocrx_word' id='word_1_142' title='bbox 804 3245 1024 3299; x_wconf 89' lang='lat' dir='ltr'>tenent</span> <span class='ocrx_word' id='word_1_143' title='bbox 1054 3235 1578 3319; x_wconf 80' lang='lat' dir='ltr'>ChrysostomuS,</span> <span class='ocrx_word' id='word_1_144' title='bbox 1628 3232 1951 3313; x_wconf 70' lang='lat' dir='ltr'>llabanuS,</span> <span class='ocrx_word' id='word_1_145' title='bbox 1990 3232 2157 3298; x_wconf 84' lang='lat' dir='ltr'>Beda</span> <span class='ocrx_word' id='word_1_146' title='bbox 2190 3234 2253 3299; x_wconf 88' lang='lat' dir='ltr'>in</span> 
     </span>
     <span class='ocr_line' id='line_1_26' title="bbox 402 3338 2252 3435; baseline 0.002 -22"><span class='ocrx_word' id='word_1_147' title='bbox 402 3338 616 3385; x_wconf 73' lang='lat' dir='ltr'>tantum.</span> <span class='ocrx_word' id='word_1_148' title='bbox 707 3347 891 3414; x_wconf 92' lang='lat' dir='ltr'>illum</span> <span class='ocrx_word' id='word_1_149' title='bbox 943 3349 1179 3429; x_wconf 88' lang='lat' dir='ltr'>locum,</span> <span class='ocrx_word' id='word_1_150' title='bbox 1219 3364 1281 3414; x_wconf 89' lang='lat' dir='ltr'>et</span> <span class='ocrx_word' id='word_1_151' title='bbox 1322 3350 1757 3435; x_wconf 82' lang='lat' dir='ltr'>Hieronymus</span> <span class='ocrx_word' id='word_1_152' title='bbox 1791 3352 1858 3415; x_wconf 87' lang='lat' dir='ltr'>in</span> <span class='ocrx_word' id='word_1_153' title='bbox 1894 3350 2062 3415; x_wconf 72' lang='lat' dir='ltr'>dial.</span> <span class='ocrx_word' id='word_1_154' title='bbox 2100 3372 2252 3416; x_wconf 81' lang='lat' dir='ltr'>eon·</span> 
     </span>
     <span class='ocr_line' id='line_1_27' title="bbox 708 3467 2252 3556; baseline 0.001 -25"><span class='ocrx_word' id='word_1_155' title='bbox 708 3477 811 3532; x_wconf 83' lang='lat' dir='ltr'>tra</span> <span class='ocrx_word' id='word_1_156' title='bbox 844 3467 1338 3552; x_wconf 69' lang='lat' dir='ltr'>aniserianOS,</span> <span class='ocrx_word' id='word_1_157' title='bbox 1404 3467 1754 3534; x_wconf 81' lang='lat' dir='ltr'>Anacletus</span> <span class='ocrx_word' id='word_1_158' title='bbox 1788 3468 1860 3532; x_wconf 87' lang='lat' dir='ltr'>in</span> <span class='ocrx_word' id='word_1_159' title='bbox 1889 3469 2079 3556; x_wconf 82' lang='lat' dir='ltr'>epist.</span> <span class='ocrx_word' id='word_1_160' title='bbox 2136 3468 2252 3533; x_wconf 85' lang='lat' dir='ltr'>‹le-</span> 
     </span>
     <span class='ocr_line' id='line_1_28' title="bbox 704 3583 2253 3669; baseline 0.001 -22"><span class='ocrx_word' id='word_1_161' title='bbox 704 3584 961 3658; x_wconf 81' lang='lat' dir='ltr'>eretali,</span> <span class='ocrx_word' id='word_1_162' title='bbox 1001 3583 1419 3650; x_wconf 84' lang='lat' dir='ltr'>Innocentius</span> <span class='ocrx_word' id='word_1_163' title='bbox 1452 3585 1523 3648; x_wconf 85' lang='lat' dir='ltr'>in</span> <span class='ocrx_word' id='word_1_164' title='bbox 1589 3585 1779 3669; x_wconf 78' lang='lat' dir='ltr'>epist.</span> <span class='ocrx_word' id='word_1_165' title='bbox 1853 3583 1931 3648; x_wconf 91' lang='lat' dir='ltr'>ad</span> <span class='ocrx_word' id='word_1_166' title='bbox 1977 3583 2253 3650; x_wconf 78' lang='lat' dir='ltr'>Alexan-</span> 
     </span>
     <span class='ocr_line' id='line_1_29' title="bbox 699 3698 2255 3786; baseline 0.001 -22"><span class='ocrx_word' id='word_1_167' title='bbox 699 3698 930 3777; x_wconf 89' lang='lat' dir='ltr'>drum;</span> <span class='ocrx_word' id='word_1_168' title='bbox 971 3698 1141 3765; x_wconf 90' lang='lat' dir='ltr'>unde</span> <span class='ocrx_word' id='word_1_169' title='bbox 1209 3700 1288 3765; x_wconf 89' lang='lat' dir='ltr'>ab</span> <span class='ocrx_word' id='word_1_170' title='bbox 1322 3699 1684 3786; x_wconf 84' lang='lat' dir='ltr'>Epiphanio</span> <span class='ocrx_word' id='word_1_171' title='bbox 1747 3712 2255 3767; x_wconf 84' lang='lat' dir='ltr'>connumeratur</span> 
     </span>
     <span class='ocr_line' id='line_1_30' title="bbox 706 3815 2252 3903; baseline 0.001 -23"><span class='ocrx_word' id='word_1_172' title='bbox 706 3815 873 3881; x_wconf 90' lang='lat' dir='ltr'>inter</span> <span class='ocrx_word' id='word_1_173' title='bbox 913 3816 1330 3903; x_wconf 85' lang='lat' dir='ltr'>septuaginta</span> <span class='ocrx_word' id='word_1_174' title='bbox 1371 3817 1535 3883; x_wconf 89' lang='lat' dir='ltr'>duos</span> <span class='ocrx_word' id='word_1_175' title='bbox 1566 3815 1943 3902; x_wconf 76' lang='lat' dir='ltr'>discipulos,</span> <span class='ocrx_word' id='word_1_176' title='bbox 1982 3819 2056 3881; x_wconf 86' lang='lat' dir='ltr'>Et</span> <span class='ocrx_word' id='word_1_177' title='bbox 2082 3816 2252 3882; x_wconf 89' lang='lat' dir='ltr'>dicta</span> 
     </span>
     <span class='ocr_line' id='line_1_31' title="bbox 696 3931 2250 4020; baseline 0.001 -23"><span class='ocrx_word' id='word_1_178' title='bbox 696 3933 858 3997; x_wconf 90' lang='lat' dir='ltr'>ratio</span> <span class='ocrx_word' id='word_1_179' title='bbox 892 3931 1291 4016; x_wconf 85' lang='lat' dir='ltr'>infirmatur,</span> <span class='ocrx_word' id='word_1_180' title='bbox 1337 3933 1487 4020; x_wconf 91' lang='lat' dir='ltr'>quia</span> <span class='ocrx_word' id='word_1_181' title='bbox 1537 3953 1615 3998; x_wconf 83' lang='lat' dir='ltr'>ex</span> <span class='ocrx_word' id='word_1_182' title='bbox 1651 3945 1831 3998; x_wconf 83' lang='lat' dir='ltr'>textu</span> <span class='ocrx_word' id='word_1_183' title='bbox 1902 3933 2059 3998; x_wconf 90' lang='lat' dir='ltr'>satis</span> <span class='ocrx_word' id='word_1_184' title='bbox 2100 3954 2250 4018; x_wconf 86' lang='lat' dir='ltr'>sup·</span> 
     </span>
     <span class='ocr_line' id='line_1_32' title="bbox 696 4048 2249 4136; baseline 0 -22"><span class='ocrx_word' id='word_1_185' title='bbox 696 4048 962 4133; x_wconf 90' lang='lat' dir='ltr'>ponitur</span> <span class='ocrx_word' id='word_1_186' title='bbox 1030 4048 1396 4136; x_wconf 79' lang='lat' dir='ltr'>Philippus,</span> <span class='ocrx_word' id='word_1_187' title='bbox 1430 4049 1642 4114; x_wconf 86' lang='lat' dir='ltr'>adhuc</span> <span class='ocrx_word' id='word_1_188' title='bbox 1680 4049 1884 4114; x_wconf 84' lang='lat' dir='ltr'>fuisse</span> <span class='ocrx_word' id='word_1_189' title='bbox 1917 4048 1980 4115; x_wconf 90' lang='lat' dir='ltr'>in</span> <span class='ocrx_word' id='word_1_190' title='bbox 2022 4050 2249 4115; x_wconf 85' lang='lat' dir='ltr'>Sama-</span> 
     </span>
     <span class='ocr_line' id='line_1_33' title="bbox 700 4166 2254 4254; baseline 0.003 -24"><span class='ocrx_word' id='word_1_191' title='bbox 700 4166 817 4245; x_wconf 89' lang='lat' dir='ltr'>ria,</span> <span class='ocrx_word' id='word_1_192' title='bbox 856 4167 1119 4254; x_wconf 88' lang='lat' dir='ltr'>quaudo</span> <span class='ocrx_word' id='word_1_193' title='bbox 1188 4169 1451 4233; x_wconf 83' lang='lat' dir='ltr'>fuerunt</span> <span class='ocrx_word' id='word_1_194' title='bbox 1490 4167 1856 4234; x_wconf 81' lang='lat' dir='ltr'>confirmati</span> <span class='ocrx_word' id='word_1_195' title='bbox 1916 4168 2254 4234; x_wconf 90' lang='lat' dir='ltr'>credentes</span> 
     </span>
     <span class='ocr_line' id='line_1_34' title="bbox 699 4282 2250 4371; baseline 0.001 -24"><span class='ocrx_word' id='word_1_196' title='bbox 699 4282 1002 4369; x_wconf 86' lang='lat' dir='ltr'>baptizati</span> <span class='ocrx_word' id='word_1_197' title='bbox 1036 4304 1149 4369; x_wconf 89' lang='lat' dir='ltr'>per</span> <span class='ocrx_word' id='word_1_198' title='bbox 1199 4284 1568 4371; x_wconf 57' lang='lat' dir='ltr'>Apostolos</span> <span class='ocrx_word' id='word_1_199' title='bbox 1633 4296 1696 4351; x_wconf 92' lang='lat' dir='ltr'>et</span> <span class='ocrx_word' id='word_1_200' title='bbox 1756 4306 1907 4351; x_wconf 82' lang='lat' dir='ltr'>mox</span> <span class='ocrx_word' id='word_1_201' title='bbox 1956 4283 2250 4350; x_wconf 86' lang='lat' dir='ltr'>admoni-</span> 
     </span>
     <span class='ocr_line' id='line_1_35' title="bbox 698 4399 2247 4485; baseline 0.002 -24"><span class='ocrx_word' id='word_1_202' title='bbox 698 4407 834 4462; x_wconf 89' lang='lat' dir='ltr'>tum</span> <span class='ocrx_word' id='word_1_203' title='bbox 866 4420 901 4464; x_wconf 93' lang='lat' dir='ltr'>a</span> <span class='ocrx_word' id='word_1_204' title='bbox 934 4399 1177 4485; x_wconf 88' lang='lat' dir='ltr'>Spiritu</span> <span class='ocrx_word' id='word_1_205' title='bbox 1229 4413 1475 4479; x_wconf 89' lang='lat' dir='ltr'>sanet0,</span> <span class='ocrx_word' id='word_1_206' title='bbox 1524 4411 1591 4465; x_wconf 91' lang='lat' dir='ltr'>ut</span> <span class='ocrx_word' id='word_1_207' title='bbox 1624 4400 1879 4466; x_wconf 79' lang='lat' dir='ltr'>veniret.</span> <span class='ocrx_word' id='word_1_208' title='bbox 1917 4399 1982 4465; x_wconf 90' lang='lat' dir='ltr'>in</span> <span class='ocrx_word' id='word_1_209' title='bbox 2022 4420 2247 4466; x_wconf 89' lang='lat' dir='ltr'>occur-</span> 
     </span>
    </p>

    <p class='ocr_par' dir='ltr' id='par_1_5' title="bbox 701 4516 1395 4584">
     <span class='ocr_line' id='line_1_36' title="bbox 701 4516 1395 4584; baseline 0.006 -4"><span class='ocrx_word' id='word_1_210' title='bbox 701 4536 845 4582; x_wconf 85' lang='lat' dir='ltr'>sum</span> <span class='ocrx_word' id='word_1_211' title='bbox 882 4516 1031 4582; x_wconf 84' lang='lat' dir='ltr'>dicti</span> <span class='ocrx_word' id='word_1_212' title='bbox 1069 4517 1395 4584; x_wconf 88' lang='lat' dir='ltr'>Eunuchi.</span> 
     </span>
    </p>

    <p class='ocr_par' dir='ltr' id='par_1_6' title="bbox 360 4631 2252 4952">
     <span class='ocr_line' id='line_1_37' title="bbox 468 4631 2237 4724; baseline -0.001 -24"><span class='ocrx_word' id='word_1_213' title='bbox 468 4675 545 4724; x_wconf 71' lang='lat'>32).</span> <span class='ocrx_word' id='word_1_214' title='bbox 786 4633 1021 4720; x_wconf 86' lang='lat' dir='ltr'>Objicit</span> <span class='ocrx_word' id='word_1_215' title='bbox 1062 4635 1349 4701; x_wconf 89' lang='lat' dir='ltr'>seeundo</span> <span class='ocrx_word' id='word_1_216' title='bbox 1406 4635 1856 4701; x_wconf 85' lang='lat' dir='ltr'>Armachanus</span> <span class='ocrx_word' id='word_1_217' title='bbox 1903 4640 1960 4700; x_wconf 87' lang='lat'>1.</span> <span class='ocrx_word' id='word_1_218' title='bbox 2017 4631 2095 4699; x_wconf 89' lang='lat' dir='ltr'>ad</span> <span class='ocrx_word' id='word_1_219' title='bbox 2136 4633 2237 4699; x_wconf 84' lang='lat' dir='ltr'>Ti·</span> 
     </span>
     <span class='ocr_line' id='line_1_38' title="bbox 389 4736 2252 4849; baseline 0.001 -35"><span class='ocrx_word' id='word_1_220' title='bbox 389 4736 611 4849; x_wconf 62' lang='lat' dir='ltr'>T³¹}¹u⁰i{h·</span> <span class='ocrx_word' id='word_1_221' title='bbox 700 4751 905 4817; x_wconf 89' lang='lat' dir='ltr'>moth.</span> <span class='ocrx_word' id='word_1_222' title='bbox 961 4753 1023 4814; x_wconf 74' lang='lat'>4.</span> <span class='ocrx_word' id='word_1_223' title='bbox 1069 4750 1225 4815; x_wconf 84' lang='lat' dir='ltr'>Noli</span> <span class='ocrx_word' id='word_1_224' title='bbox 1278 4763 1689 4817; x_wconf 78' lang='lat' dir='ltr'>contemnere</span> <span class='ocrx_word' id='word_1_225' title='bbox 1744 4754 2056 4839; x_wconf 72' lang='lat' dir='ltr'>qratiam,</span> <span class='ocrx_word' id='word_1_226' title='bbox 2107 4774 2252 4838; x_wconf 69' lang='lat' dir='ltr'>quse</span> 
     </span>
     <span class='ocr_line' id='line_1_39' title="bbox 360 4862 2245 4952; baseline 0.002 -24"><span class='ocrx_word' id='word_1_227' title='bbox 360 4862 658 4929; x_wconf 79' lang='lat' dir='ltr'>Episcopus.</span> <span class='ocrx_word' id='word_1_228' title='bbox 699 4876 789 4930; x_wconf 82' lang='lat' dir='ltr'>est</span> <span class='ocrx_word' id='word_1_229' title='bbox 832 4867 903 4930; x_wconf 82' lang='lat' dir='ltr'>in</span> <span class='ocrx_word' id='word_1_230' title='bbox 936 4877 990 4931; x_wconf 84' lang='lat' dir='ltr'>te</span> <span class='ocrx_word' id='word_1_231' title='bbox 1023 4888 1143 4952; x_wconf 82' lang='lat' dir='ltr'>per</span> <span class='ocrx_word' id='word_1_232' title='bbox 1173 4867 1659 4952; x_wconf 74' lang='lat' dir='ltr'>impositionem</span> <span class='ocrx_word' id='word_1_233' title='bbox 1724 4890 2037 4934; x_wconf 75' lang='lat' dir='ltr'>manttmn</span> <span class='ocrx_word' id='word_1_234' title='bbox 2080 4868 2245 4933; x_wconf 77' lang='lat' dir='ltr'>Pre-</span> 
     </span>
    </p>

    <p class='ocr_par' dir='ltr' id='par_1_7' title="bbox 687 4982 2247 5539">
     <span class='ocr_line' id='line_1_40' title="bbox 695 4982 2246 5070; baseline 0.003 -24"><span class='ocrx_word' id='word_1_235' title='bbox 695 4982 967 5068; x_wconf 77' lang='lat' dir='ltr'>sbyteri.</span> <span class='ocrx_word' id='word_1_236' title='bbox 1033 4983 1484 5070; x_wconf 70' lang='lat' dir='ltr'>ltespondetur</span> <span class='ocrx_word' id='word_1_237' title='bbox 1551 4984 1964 5050; x_wconf 87' lang='lat' dir='ltr'>Timotheum</span> <span class='ocrx_word' id='word_1_238' title='bbox 2043 4984 2246 5050; x_wconf 80' lang='lat' dir='ltr'>fuisse</span> 
     </span>
     <span class='ocr_line' id='line_1_41' title="bbox 699 5100 2246 5188; baseline 0.001 -24"><span class='ocrx_word' id='word_1_239' title='bbox 699 5100 1113 5186; x_wconf 85' lang='lat' dir='ltr'>Episcopum.</span> <span class='ocrx_word' id='word_1_240' title='bbox 1168 5122 1250 5166; x_wconf 80' lang='lat' dir='ltr'>ex</span> <span class='ocrx_word' id='word_1_241' title='bbox 1300 5121 1449 5187; x_wconf 88' lang='lat' dir='ltr'>cap.</span> <span class='ocrx_word' id='word_1_242' title='bbox 1504 5104 1573 5166; x_wconf 85' lang='lat'>3.</span> <span class='ocrx_word' id='word_1_243' title='bbox 1636 5101 1906 5188; x_wconf 78' lang='lat' dir='ltr'>Oportet</span> <span class='ocrx_word' id='word_1_244' title='bbox 1967 5102 2246 5187; x_wconf 77' lang='lat' dir='ltr'>Episco-</span> 
     </span>
     <span class='ocr_line' id='line_1_42' title="bbox 687 5216 2247 5305; baseline 0.003 -26"><span class='ocrx_word' id='word_1_245' title='bbox 687 5238 844 5303; x_wconf 75' lang='lat' dir='ltr'>pum</span> <span class='ocrx_word' id='word_1_246' title='bbox 880 5216 1529 5302; x_wconf 73' lang='lat' dir='ltr'>irreprehensibilem</span> <span class='ocrx_word' id='word_1_247' title='bbox 1587 5240 1739 5293; x_wconf 78' lang='lat' dir='ltr'>esse,</span> <span class='ocrx_word' id='word_1_248' title='bbox 1812 5230 1934 5283; x_wconf 89' lang='lat' dir='ltr'>etc.</span> <span class='ocrx_word' id='word_1_249' title='bbox 1971 5216 2247 5305; x_wconf 90' lang='lat' dir='ltr'>ideoque</span> 
     </span>
     <span class='ocr_line' id='line_1_43' title="bbox 694 5334 2238 5422; baseline 0 -21"><span class='ocrx_word' id='word_1_250' title='bbox 694 5335 987 5422; x_wconf 87' lang='lat' dir='ltr'>plerique</span> <span class='ocrx_word' id='word_1_251' title='bbox 1029 5335 1412 5421; x_wconf 84' lang='lat' dir='ltr'>interpretes</span> <span class='ocrx_word' id='word_1_252' title='bbox 1471 5334 1629 5401; x_wconf 88' lang='lat' dir='ltr'>illud</span> <span class='ocrx_word' id='word_1_253' title='bbox 1691 5334 2116 5422; x_wconf 65' lang='lat' dir='ltr'>Apocalypsis</span> <span class='ocrx_word' id='word_1_254' title='bbox 2175 5338 2238 5402; x_wconf 73' lang='lat'>2.</span> 
     </span>
     <span class='ocr_line' id='line_1_44' title="bbox 690 5451 2242 5539; baseline -0.001 -22"><span class='ocrx_word' id='word_1_255' title='bbox 690 5463 750 5517; x_wconf 88' lang='lat' dir='ltr'>et</span> <span class='ocrx_word' id='word_1_256' title='bbox 790 5453 1041 5539; x_wconf 68' lang='lat' dir='ltr'>Anqelo</span> <span class='ocrx_word' id='word_1_257' title='bbox 1074 5453 1339 5538; x_wconf 78' lang='lat' dir='ltr'>Ephesi,</span> <span class='ocrx_word' id='word_1_258' title='bbox 1380 5464 1501 5517; x_wconf 88' lang='lat' dir='ltr'>ete.</span> <span class='ocrx_word' id='word_1_259' title='bbox 1573 5451 1848 5539; x_wconf 84' lang='lat' dir='ltr'>intelligi</span> <span class='ocrx_word' id='word_1_260' title='bbox 1911 5452 1990 5518; x_wconf 90' lang='lat' dir='ltr'>de</span> <span class='ocrx_word' id='word_1_261' title='bbox 2020 5452 2242 5517; x_wconf 90' lang='lat' dir='ltr'>Timo-</span> 
     </span>
    </p>
   </div>
   <div class='ocr_carea' id='block_1_3' title="bbox 688 5568 2241 5656">
    <p class='ocr_par' dir='ltr' id='par_1_8' title="bbox 688 5568 2241 5656">
     <span class='ocr_line' id='line_1_45' title="bbox 688 5568 2241 5656; baseline 0.001 -23"><span class='ocrx_word' id='word_1_262' title='bbox 688 5568 843 5634; x_wconf 85' lang='lat' dir='ltr'>theo</span> <span class='ocrx_word' id='word_1_263' title='bbox 881 5568 1130 5649; x_wconf 88' lang='lat' dir='ltr'>dicunt,</span> <span class='ocrx_word' id='word_1_264' title='bbox 1168 5580 1230 5634; x_wconf 90' lang='lat' dir='ltr'>et</span> <span class='ocrx_word' id='word_1_265' title='bbox 1262 5590 1377 5655; x_wconf 87' lang='lat' dir='ltr'>per</span> <span class='ocrx_word' id='word_1_266' title='bbox 1429 5583 1679 5655; x_wconf 89' lang='lat' dir='ltr'>septem</span> <span class='ocrx_word' id='word_1_267' title='bbox 1721 5570 2005 5656; x_wconf 87' lang='lat' dir='ltr'>Angelos</span> <span class='ocrx_word' id='word_1_268' title='bbox 2044 5568 2241 5635; x_wconf 88' lang='lat' dir='ltr'>dieta·</span> 
     </span>
    </p>
   </div>
   <div class='ocr_carea' id='block_1_4' title="bbox 3777 120 4113 232">
    <p class='ocr_par' dir='ltr' id='par_1_9' title="bbox 3777 120 4113 232">
     <span class='ocr_line' id='line_1_46' title="bbox 3777 120 4113 232; baseline 0 -29"><span class='ocrx_word' id='word_1_269' title='bbox 3777 120 4113 232; x_wconf 62' lang='grc' dir='ltr'>-ι</span> 
     </span>
    </p>
   </div>
   <div class='ocr_carea' id='block_1_5' title="bbox 1970 394 2878 459">
    <p class='ocr_par' dir='ltr' id='par_1_10' title="bbox 1970 394 2878 459">
     <span class='ocr_line' id='line_1_47' title="bbox 1970 394 2878 459; baseline 0.002 -5"><span class='ocrx_word' id='word_1_270' title='bbox 1970 396 2113 456; x_wconf 87' lang='lat' dir='ltr'>LIB.</span> <span class='ocrx_word' id='word_1_271' title='bbox 2147 395 2240 458; x_wconf 82' lang='lat' dir='ltr'>lv,</span> <span class='ocrx_word' id='word_1_272' title='bbox 2278 394 2878 459; x_wconf 68' lang='lat' dir='ltr'>SEN&#39;I‘ENTIARUM</span> 
     </span>
    </p>
   </div>
   <div class='ocr_carea' id='block_1_6' title="bbox 2360 549 4105 4844">
    <p class='ocr_par' dir='ltr' id='par_1_11' title="bbox 2364 549 3900 1805">
     <span class='ocr_line' id='line_1_48' title="bbox 2369 549 3892 639; baseline -0.004 -19"><span class='ocrx_word' id='word_1_273' title='bbox 2369 575 2518 621; x_wconf 87' lang='lat' dir='ltr'>rum</span> <span class='ocrx_word' id='word_1_274' title='bbox 2561 555 2995 622; x_wconf 85' lang='lat' dir='ltr'>Ecclesiarum</span> <span class='ocrx_word' id='word_1_275' title='bbox 3050 554 3332 639; x_wconf 87' lang='lat' dir='ltr'>intelligi</span> <span class='ocrx_word' id='word_1_276' title='bbox 3369 552 3722 639; x_wconf 82' lang='lat' dir='ltr'>Episcopos</span> <span class='ocrx_word' id='word_1_277' title='bbox 3749 549 3892 615; x_wconf 85' lang='lat' dir='ltr'>ordi-</span> 
     </span>
     <span class='ocr_line' id='line_1_49' title="bbox 2373 669 3889 760; baseline -0.004 -24"><span class='ocrx_word' id='word_1_278' title='bbox 2373 686 2558 737; x_wconf 88' lang='lat' dir='ltr'>natos</span> <span class='ocrx_word' id='word_1_279' title='bbox 2610 672 2673 736; x_wconf 91' lang='lat' dir='ltr'>in</span> <span class='ocrx_word' id='word_1_280' title='bbox 2727 672 2914 759; x_wconf 91' lang='lat' dir='ltr'>ipsis.</span> <span class='ocrx_word' id='word_1_281' title='bbox 2977 671 3216 760; x_wconf 88' lang='lat' dir='ltr'>Objicit</span> <span class='ocrx_word' id='word_1_282' title='bbox 3279 681 3601 756; x_wconf 76' lang='lat' dir='ltr'>praeterea</span> <span class='ocrx_word' id='word_1_283' title='bbox 3673 670 3802 732; x_wconf 75' lang='lat' dir='ltr'>Act.</span> <span class='ocrx_word' id='word_1_284' title='bbox 3837 669 3889 733; x_wconf 79' lang='lat'>9.</span> 
     </span>
     <span class='ocr_line' id='line_1_50' title="bbox 2371 783 3890 860; baseline -0.004 -8"><span class='ocrx_word' id='word_1_285' title='bbox 2371 787 2641 853; x_wconf 89' lang='lat' dir='ltr'>Paulum</span> <span class='ocrx_word' id='word_1_286' title='bbox 2703 788 2904 854; x_wconf 80' lang='lat' dir='ltr'>fuisse</span> <span class='ocrx_word' id='word_1_287' title='bbox 2956 789 3036 855; x_wconf 89' lang='lat' dir='ltr'>ab</span> <span class='ocrx_word' id='word_1_288' title='bbox 3110 786 3366 853; x_wconf 81' lang='lat' dir='ltr'>Anania</span> <span class='ocrx_word' id='word_1_289' title='bbox 3441 783 3890 860; x_wconf 81' lang='lat' dir='ltr'>confirmatum,</span> 
     </span>
     <span class='ocr_line' id='line_1_51' title="bbox 2365 898 3894 991; baseline -0.004 -23"><span class='ocrx_word' id='word_1_290' title='bbox 2365 902 2474 989; x_wconf 89' lang='lat' dir='ltr'>qui</span> <span class='ocrx_word' id='word_1_291' title='bbox 2505 903 2563 969; x_wconf 91' lang='lat' dir='ltr'>ei</span> <span class='ocrx_word' id='word_1_292' title='bbox 2600 924 2830 971; x_wconf 91' lang='lat' dir='ltr'>manus</span> <span class='ocrx_word' id='word_1_293' title='bbox 2864 904 3202 991; x_wconf 88' lang='lat' dir='ltr'>imposuit,</span> <span class='ocrx_word' id='word_1_294' title='bbox 3239 923 3528 989; x_wconf 89' lang='lat' dir='ltr'>eumque</span> <span class='ocrx_word' id='word_1_295' title='bbox 3553 898 3894 986; x_wconf 78' lang='lat' dir='ltr'>baptizavit.</span> 
     </span>
     <span class='ocr_line' id='line_1_52' title="bbox 2368 1015 3892 1105; baseline -0.004 -21"><span class='ocrx_word' id='word_1_296' title='bbox 2368 1019 2818 1105; x_wconf 84' lang='lat' dir='ltr'>Respondetur</span> <span class='ocrx_word' id='word_1_297' title='bbox 2896 1019 3071 1085; x_wconf 90' lang='lat' dir='ltr'>illam</span> <span class='ocrx_word' id='word_1_298' title='bbox 3147 1039 3383 1086; x_wconf 88' lang='lat' dir='ltr'>manus</span> <span class='ocrx_word' id='word_1_299' title='bbox 3436 1015 3892 1103; x_wconf 85' lang='lat' dir='ltr'>impositionem</span> 
     </span>
     <span class='ocr_line' id='line_1_53' title="bbox 2366 1132 3896 1222; baseline -0.004 -22"><span class='ocrx_word' id='word_1_300' title='bbox 2366 1134 2641 1221; x_wconf 87' lang='lat' dir='ltr'>intelligi</span> <span class='ocrx_word' id='word_1_301' title='bbox 2693 1134 2775 1202; x_wconf 93' lang='lat' dir='ltr'>de</span> <span class='ocrx_word' id='word_1_302' title='bbox 2830 1135 3039 1222; x_wconf 78' lang='lat' dir='ltr'>gratia</span> <span class='ocrx_word' id='word_1_303' title='bbox 3089 1134 3484 1213; x_wconf 86' lang='lat' dir='ltr'>curationis,</span> <span class='ocrx_word' id='word_1_304' title='bbox 3540 1153 3659 1198; x_wconf 86' lang='lat' dir='ltr'>seu</span> <span class='ocrx_word' id='word_1_305' title='bbox 3723 1132 3896 1218; x_wconf 79' lang='lat' dir='ltr'>gratis</span> 
     </span>
     <span class='ocr_line' id='line_1_54' title="bbox 2364 1247 3899 1334; baseline -0.001 -21"><span class='ocrx_word' id='word_1_306' title='bbox 2364 1247 2532 1327; x_wconf 88' lang='lat' dir='ltr'>data,</span> <span class='ocrx_word' id='word_1_307' title='bbox 2571 1249 2735 1316; x_wconf 85' lang='lat' dir='ltr'>facta</span> <span class='ocrx_word' id='word_1_308' title='bbox 2773 1250 2948 1316; x_wconf 90' lang='lat' dir='ltr'>enim</span> <span class='ocrx_word' id='word_1_309' title='bbox 2996 1250 3118 1316; x_wconf 77' lang='lat' dir='ltr'>fuit</span> <span class='ocrx_word' id='word_1_310' title='bbox 3150 1266 3303 1316; x_wconf 85' lang='lat' dir='ltr'>ante</span> <span class='ocrx_word' id='word_1_311' title='bbox 3344 1248 3777 1334; x_wconf 87' lang='lat' dir='ltr'>Baptismum,</span> <span class='ocrx_word' id='word_1_312' title='bbox 3809 1267 3899 1312; x_wconf 84' lang='lat' dir='ltr'>ne-</span> 
     </span>
     <span class='ocr_line' id='line_1_55' title="bbox 2364 1363 3900 1455; baseline -0.003 -24"><span class='ocrx_word' id='word_1_313' title='bbox 2364 1387 2488 1453; x_wconf 88' lang='lat' dir='ltr'>que</span> <span class='ocrx_word' id='word_1_314' title='bbox 2517 1366 2802 1453; x_wconf 86' lang='lat' dir='ltr'>alioquin</span> <span class='ocrx_word' id='word_1_315' title='bbox 2869 1366 3062 1455; x_wconf 82' lang='lat' dir='ltr'>signa</span> <span class='ocrx_word' id='word_1_316' title='bbox 3117 1365 3659 1434; x_wconf 75' lang='lat' dir='ltr'>confirmationis</span> <span class='ocrx_word' id='word_1_317' title='bbox 3704 1363 3900 1428; x_wconf 74' lang='lat' dir='ltr'>visibi-</span> 
     </span>
     <span class='ocr_line' id='line_1_56' title="bbox 2364 1481 3890 1571; baseline -0.001 -23"><span class='ocrx_word' id='word_1_318' title='bbox 2364 1483 2444 1548; x_wconf 87' lang='lat' dir='ltr'>lia</span> <span class='ocrx_word' id='word_1_319' title='bbox 2533 1483 2770 1550; x_wconf 89' lang='lat' dir='ltr'>ibidem</span> <span class='ocrx_word' id='word_1_320' title='bbox 2857 1484 3139 1551; x_wconf 76' lang='lat' dir='ltr'>resertur</span> <span class='ocrx_word' id='word_1_321' title='bbox 3213 1485 3557 1571; x_wconf 88' lang='lat' dir='ltr'>accepisse</span> <span class='ocrx_word' id='word_1_322' title='bbox 3628 1481 3890 1558; x_wconf 84' lang='lat' dir='ltr'>Paulum,</span> 
     </span>
     <span class='ocr_line' id='line_1_57' title="bbox 2365 1597 3889 1686; baseline -0.002 -24"><span class='ocrx_word' id='word_1_323' title='bbox 2365 1618 2597 1683; x_wconf 89' lang='lat' dir='ltr'>nempe</span> <span class='ocrx_word' id='word_1_324' title='bbox 2653 1597 2830 1686; x_wconf 89' lang='lat' dir='ltr'>loqui</span> <span class='ocrx_word' id='word_1_325' title='bbox 2906 1599 3108 1665; x_wconf 90' lang='lat' dir='ltr'>variis</span> <span class='ocrx_word' id='word_1_326' title='bbox 3159 1599 3432 1686; x_wconf 86' lang='lat' dir='ltr'>linguis,</span> <span class='ocrx_word' id='word_1_327' title='bbox 3481 1598 3603 1664; x_wconf 89' lang='lat' dir='ltr'>sed</span> <span class='ocrx_word' id='word_1_328' title='bbox 3668 1609 3889 1663; x_wconf 79' lang='lat' dir='ltr'>tantum</span> 
     </span>
     <span class='ocr_line' id='line_1_58' title="bbox 2365 1714 3312 1805; baseline 0.005 -27"><span class='ocrx_word' id='word_1_329' title='bbox 2365 1714 2690 1801; x_wconf 88' lang='lat' dir='ltr'>recepisse</span> <span class='ocrx_word' id='word_1_330' title='bbox 2743 1716 2986 1782; x_wconf 80' lang='lat' dir='ltr'>visum.</span> <span class='ocrx_word' id='word_1_331' title='bbox 3301 1791 3312 1805; x_wconf 91' lang='lat'><strong>.</strong></span> 
     </span>
    </p>

    <p class='ocr_par' dir='ltr' id='par_1_12' title="bbox 2450 1832 4065 1921">
     <span class='ocr_line' id='line_1_59' title="bbox 2450 1832 4065 1921; baseline 0 -23"><span class='ocrx_word' id='word_1_332' title='bbox 2450 1832 2681 1918; x_wconf 89' lang='lat' dir='ltr'>Objicit</span> <span class='ocrx_word' id='word_1_333' title='bbox 2722 1833 2933 1913; x_wconf 81' lang='lat' dir='ltr'>tertie,</span> <span class='ocrx_word' id='word_1_334' title='bbox 2973 1834 3191 1921; x_wconf 89' lang='lat' dir='ltr'>plures</span> <span class='ocrx_word' id='word_1_335' title='bbox 3230 1853 3519 1900; x_wconf 78' lang='lat' dir='ltr'>canones</span> <span class='ocrx_word' id='word_1_336' title='bbox 3554 1832 3892 1898; x_wconf 84' lang='lat' dir='ltr'>Toletan.l.</span> <span class='ocrx_word' id='word_1_337' title='bbox 3969 1849 4065 1898; x_wconf 65' lang='lat' dir='ltr'>itm</span> 
     </span>
    </p>

    <p class='ocr_par' dir='ltr' id='par_1_13' title="bbox 2360 1923 4084 4240">
     <span class='ocr_line' id='line_1_60' title="bbox 2360 1923 4084 2029; baseline 0.001 -21"><span class='ocrx_word' id='word_1_338' title='bbox 2360 1966 2507 2010; x_wconf 78' lang='lat' dir='ltr'>can.</span> <span class='ocrx_word' id='word_1_339' title='bbox 2554 1949 2661 2011; x_wconf 69' lang='lat'>20.</span> <span class='ocrx_word' id='word_1_340' title='bbox 2693 1945 2800 2012; x_wconf 90' lang='lat' dir='ltr'>ubi</span> <span class='ocrx_word' id='word_1_341' title='bbox 2844 1946 3536 2029; x_wconf 68' lang='lat' dir='ltr'>statuiturDiaconum</span> <span class='ocrx_word' id='word_1_342' title='bbox 3586 1944 3762 2011; x_wconf 88' lang='lat' dir='ltr'>nullo</span> <span class='ocrx_word' id='word_1_343' title='bbox 3789 1965 3896 2008; x_wconf 86' lang='lat' dir='ltr'>mo-</span> <span class='ocrx_word' id='word_1_344' title='bbox 3952 1923 4084 2021; x_wconf 58' lang='grc' dir='ltr'>’Ξῖῗ</span> 
     </span>
     <span class='ocr_line' id='line_1_61' title="bbox 2362 2041 4063 2151; baseline 0 -24"><span class='ocrx_word' id='word_1_345' title='bbox 2362 2060 2444 2127; x_wconf 91' lang='lat' dir='ltr'>do</span> <span class='ocrx_word' id='word_1_346' title='bbox 2503 2063 2861 2129; x_wconf 85' lang='lat' dir='ltr'>chrismare</span> <span class='ocrx_word' id='word_1_347' title='bbox 2901 2085 3117 2151; x_wconf 87' lang='lat' dir='ltr'>posse,</span> <span class='ocrx_word' id='word_1_348' title='bbox 3172 2064 3284 2129; x_wconf 91' lang='lat' dir='ltr'>sed</span> <span class='ocrx_word' id='word_1_349' title='bbox 3325 2062 3639 2150; x_wconf 84' lang='lat' dir='ltr'>Episcopi</span> <span class='ocrx_word' id='word_1_350' title='bbox 3695 2062 3756 2127; x_wconf 91' lang='lat' dir='ltr'>in</span> <span class='ocrx_word' id='word_1_351' title='bbox 3811 2063 3902 2128; x_wconf 86' lang='lat' dir='ltr'>ab-</span> <span class='ocrx_word' id='word_1_352' title='bbox 3962 2041 4063 2144; x_wconf 43' lang='grc' dir='ltr'>Αἲξ</span> 
     </span>
     <span class='ocr_line' id='line_1_62' title="bbox 2361 2165 4074 2270; baseline 0 -25"><span class='ocrx_word' id='word_1_353' title='bbox 2361 2179 2567 2245; x_wconf 90' lang='lat' dir='ltr'>sentia</span> <span class='ocrx_word' id='word_1_354' title='bbox 2600 2182 3084 2268; x_wconf 85' lang='lat' dir='ltr'>Presbyterum,</span> <span class='ocrx_word' id='word_1_355' title='bbox 3132 2181 3233 2248; x_wconf 83' lang='lat' dir='ltr'>vel</span> <span class='ocrx_word' id='word_1_356' title='bbox 3268 2181 3333 2246; x_wconf 92' lang='lat' dir='ltr'>in</span> <span class='ocrx_word' id='word_1_357' title='bbox 3377 2183 3526 2268; x_wconf 86' lang='lat' dir='ltr'>ejus</span> <span class='ocrx_word' id='word_1_358' title='bbox 3576 2180 3901 2268; x_wconf 73' lang='lat' dir='ltr'>praesentia</span> <span class='ocrx_word' id='word_1_359' title='bbox 3944 2165 4074 2270; x_wconf 52' lang='lat'>⁰¹¹?</span> 
     </span>
     <span class='ocr_line' id='line_1_63' title="bbox 2365 2294 3903 2383; baseline 0 -24"><span class='ocrx_word' id='word_1_360' title='bbox 2365 2294 2659 2382; x_wconf 91' lang='lat' dir='ltr'>dejussu</span> <span class='ocrx_word' id='word_1_361' title='bbox 2691 2295 3016 2382; x_wconf 87' lang='lat' dir='ltr'>Episcopi.</span> <span class='ocrx_word' id='word_1_362' title='bbox 3084 2299 3221 2362; x_wconf 87' lang='lat' dir='ltr'>Huc</span> <span class='ocrx_word' id='word_1_363' title='bbox 3277 2308 3539 2383; x_wconf 82' lang='lat' dir='ltr'>spectat</span> <span class='ocrx_word' id='word_1_364' title='bbox 3578 2319 3788 2363; x_wconf 79' lang='lat' dir='ltr'>canon</span> <span class='ocrx_word' id='word_1_365' title='bbox 3850 2299 3903 2360; x_wconf 72' lang='lat'>2.</span> 
     </span>
     <span class='ocr_line' id='line_1_64' title="bbox 2367 2411 3906 2500; baseline 0.001 -24"><span class='ocrx_word' id='word_1_366' title='bbox 2367 2411 2558 2498; x_wconf 89' lang='lat' dir='ltr'>primi</span> <span class='ocrx_word' id='word_1_367' title='bbox 2590 2412 2974 2479; x_wconf 72' lang='lat' dir='ltr'>Arausicani</span> <span class='ocrx_word' id='word_1_368' title='bbox 3020 2414 3126 2479; x_wconf 93' lang='lat' dir='ltr'>ubi</span> <span class='ocrx_word' id='word_1_369' title='bbox 3186 2414 3248 2478; x_wconf 89' lang='lat' dir='ltr'>in</span> <span class='ocrx_word' id='word_1_370' title='bbox 3292 2415 3598 2480; x_wconf 86' lang='lat' dir='ltr'>absentia</span> <span class='ocrx_word' id='word_1_371' title='bbox 3633 2411 3906 2500; x_wconf 82' lang='lat' dir='ltr'>Episcopi</span> 
     </span>
     <span class='ocr_line' id='line_1_65' title="bbox 2365 2527 3908 2618; baseline 0 -26"><span class='ocrx_word' id='word_1_372' title='bbox 2365 2527 2672 2594; x_wconf 83' lang='lat' dir='ltr'>tribuitur</span> <span class='ocrx_word' id='word_1_373' title='bbox 2729 2530 3183 2596; x_wconf 77' lang='lat' dir='ltr'>Sacerdotibus</span> <span class='ocrx_word' id='word_1_374' title='bbox 3280 2533 3393 2618; x_wconf 89' lang='lat' dir='ltr'>jus</span> <span class='ocrx_word' id='word_1_375' title='bbox 3495 2531 3908 2598; x_wconf 83' lang='lat' dir='ltr'>reconcilian-</span> 
     </span>
     <span class='ocr_line' id='line_1_66' title="bbox 2361 2642 3909 2734; baseline 0.005 -27"><span class='ocrx_word' id='word_1_376' title='bbox 2361 2642 2424 2708; x_wconf 93' lang='lat' dir='ltr'>di</span> <span class='ocrx_word' id='word_1_377' title='bbox 2492 2643 2862 2724; x_wconf 71' lang='lat' dir='ltr'>hfereticos,</span> <span class='ocrx_word' id='word_1_378' title='bbox 2937 2647 3001 2711; x_wconf 91' lang='lat' dir='ltr'>in</span> <span class='ocrx_word' id='word_1_379' title='bbox 3073 2647 3300 2712; x_wconf 85' lang='lat' dir='ltr'>mortis</span> <span class='ocrx_word' id='word_1_380' title='bbox 3357 2647 3746 2714; x_wconf 80' lang='lat' dir='ltr'>discrimine</span> <span class='ocrx_word' id='word_1_381' title='bbox 3819 2670 3909 2734; x_wconf 89' lang='lat' dir='ltr'>po-</span> 
     </span>
     <span class='ocr_line' id='line_1_67' title="bbox 2366 2758 3910 2841; baseline 0.004 -17"><span class='ocrx_word' id='word_1_382' title='bbox 2366 2758 2517 2841; x_wconf 85' lang='lat' dir='ltr'>site,</span> <span class='ocrx_word' id='word_1_383' title='bbox 2561 2782 2709 2827; x_wconf 89' lang='lat' dir='ltr'>cum</span> <span class='ocrx_word' id='word_1_384' title='bbox 2767 2762 3120 2828; x_wconf 86' lang='lat' dir='ltr'>chrismate</span> <span class='ocrx_word' id='word_1_385' title='bbox 3173 2778 3235 2829; x_wconf 91' lang='lat' dir='ltr'>et</span> <span class='ocrx_word' id='word_1_386' title='bbox 3286 2763 3752 2831; x_wconf 87' lang='lat' dir='ltr'>benedictione</span> <span class='ocrx_word' id='word_1_387' title='bbox 3782 2785 3910 2830; x_wconf 86' lang='lat' dir='ltr'>eon·</span> 
     </span>
     <span class='ocr_line' id='line_1_68' title="bbox 2368 2876 3904 2968; baseline 0.001 -26"><span class='ocrx_word' id='word_1_388' title='bbox 2368 2876 2640 2963; x_wconf 90' lang='lat' dir='ltr'>signari.</span> <span class='ocrx_word' id='word_1_389' title='bbox 2679 2878 2784 2944; x_wconf 87' lang='lat' dir='ltr'>Sic</span> <span class='ocrx_word' id='word_1_390' title='bbox 2816 2880 3233 2946; x_wconf 89' lang='lat' dir='ltr'>Innocentius</span> <span class='ocrx_word' id='word_1_391' title='bbox 3267 2882 3313 2945; x_wconf 91' lang='lat'>1.</span> <span class='ocrx_word' id='word_1_392' title='bbox 3352 2881 3553 2966; x_wconf 76' lang='lat' dir='ltr'>epist.</span> <span class='ocrx_word' id='word_1_393' title='bbox 3601 2882 3665 2951; x_wconf 91' lang='lat'>1.</span> <span class='ocrx_word' id='word_1_394' title='bbox 3694 2884 3904 2968; x_wconf 67' lang='grc' dir='ltr'>σαμὸ.</span> 
     </span>
     <span class='ocr_line' id='line_1_69' title="bbox 2369 2992 3908 3082; baseline 0.001 -21"><span class='ocrx_word' id='word_1_395' title='bbox 2369 2995 2479 3061; x_wconf 90' lang='lat' dir='ltr'>ubi</span> <span class='ocrx_word' id='word_1_396' title='bbox 2518 2992 2675 3060; x_wconf 89' lang='lat' dir='ltr'>dicit</span> <span class='ocrx_word' id='word_1_397' title='bbox 2723 2996 3113 3082; x_wconf 90' lang='lat' dir='ltr'>Episcopum</span> <span class='ocrx_word' id='word_1_398' title='bbox 3166 3018 3360 3082; x_wconf 87' lang='lat' dir='ltr'>posse</span> <span class='ocrx_word' id='word_1_399' title='bbox 3400 2996 3554 3064; x_wconf 88' lang='lat' dir='ltr'>dare</span> <span class='ocrx_word' id='word_1_400' title='bbox 3601 2998 3908 3065; x_wconf 84' lang='lat' dir='ltr'>lie-entiam</span> 
     </span>
     <span class='ocr_line' id='line_1_70' title="bbox 2374 3113 3909 3206; baseline 0.001 -28"><span class='ocrx_word' id='word_1_401' title='bbox 2374 3113 2760 3200; x_wconf 77' lang='lat' dir='ltr'>Presbytero</span> <span class='ocrx_word' id='word_1_402' title='bbox 2794 3115 3168 3202; x_wconf 88' lang='lat' dir='ltr'>imponendi</span> <span class='ocrx_word' id='word_1_403' title='bbox 3204 3137 3463 3201; x_wconf 81' lang='lat' dir='ltr'>manuS‚</span> <span class='ocrx_word' id='word_1_404' title='bbox 3510 3131 3572 3184; x_wconf 91' lang='lat' dir='ltr'>et</span> <span class='ocrx_word' id='word_1_405' title='bbox 3626 3115 3909 3206; x_wconf 83' lang='lat' dir='ltr'>signandi</span> 
     </span>
     <span class='ocr_line' id='line_1_71' title="bbox 2375 3231 3900 3322; baseline 0.004 -28"><span class='ocrx_word' id='word_1_406' title='bbox 2375 3231 2929 3309; x_wconf 80' lang='lat' dir='ltr'>Catecliumenos;</span> <span class='ocrx_word' id='word_1_407' title='bbox 2974 3244 3037 3298; x_wconf 89' lang='lat' dir='ltr'>et</span> <span class='ocrx_word' id='word_1_408' title='bbox 3111 3254 3256 3320; x_wconf 81' lang='lat' dir='ltr'>cap.</span> <span class='ocrx_word' id='word_1_409' title='bbox 3329 3234 3531 3299; x_wconf 85' lang='lat' dir='ltr'>Omni</span> <span class='ocrx_word' id='word_1_410' title='bbox 3617 3246 3900 3322; x_wconf 77' lang='lat' dir='ltr'>tempore.</span> 
     </span>
     <span class='ocr_line' id='line_1_72' title="bbox 2376 3346 3903 3441; baseline 0.004 -30"><span class='ocrx_word' id='word_1_411' title='bbox 2376 3346 2530 3413; x_wconf 73' lang='lat' dir='ltr'>ctist.</span> <span class='ocrx_word' id='word_1_412' title='bbox 2569 3351 2630 3412; x_wconf 71' lang='lat'>4.</span> <span class='ocrx_word' id='word_1_413' title='bbox 2676 3349 3031 3433; x_wconf 77' lang='lat' dir='ltr'>Presbyter</span> <span class='ocrx_word' id='word_1_414' title='bbox 3065 3364 3390 3436; x_wconf 67' lang='lat' dir='ltr'>praesente</span> <span class='ocrx_word' id='word_1_415' title='bbox 3420 3354 3757 3441; x_wconf 78' lang='lat' dir='ltr'>Episcopo</span> <span class='ocrx_word' id='word_1_416' title='bbox 3794 3375 3903 3419; x_wconf 81' lang='lat' dir='ltr'>non</span> 
     </span>
     <span class='ocr_line' id='line_1_73' title="bbox 2367 3465 3903 3557; baseline 0.003 -28"><span class='ocrx_word' id='word_1_417' title='bbox 2367 3465 2578 3551; x_wconf 71' lang='lat' dir='ltr'>siynet</span> <span class='ocrx_word' id='word_1_418' title='bbox 2638 3466 2952 3548; x_wconf 64' lang='lat' dir='ltr'>infantae,</span> <span class='ocrx_word' id='word_1_419' title='bbox 3032 3468 3167 3533; x_wconf 82' lang='lat' dir='ltr'>nisi</span> <span class='ocrx_word' id='word_1_420' title='bbox 3224 3470 3403 3551; x_wconf 81' lang='lat' dir='ltr'>sorte</span> <span class='ocrx_word' id='word_1_421' title='bbox 3459 3470 3542 3534; x_wconf 85' lang='lat' dir='ltr'>ab</span> <span class='ocrx_word' id='word_1_422' title='bbox 3596 3471 3903 3557; x_wconf 68' lang='lat' dir='ltr'>Episcopo</span> 
     </span>
     <span class='ocr_line' id='line_1_74' title="bbox 2364 3582 3895 3673; baseline 0.007 -27"><span class='ocrx_word' id='word_1_423' title='bbox 2364 3582 2575 3666; x_wconf 74' lang='lat' dir='ltr'>faerit</span> <span class='ocrx_word' id='word_1_424' title='bbox 2617 3582 2724 3645; x_wconf 79' lang='lat' dir='ltr'>illi</span> <span class='ocrx_word' id='word_1_425' title='bbox 2757 3594 3159 3668; x_wconf 59' lang='lat' dir='ltr'>pram-eptam</span> <span class='ocrx_word' id='word_1_426' title='bbox 3239 3597 3304 3649; x_wconf 91' lang='lat' dir='ltr'>et</span> <span class='ocrx_word' id='word_1_427' title='bbox 3332 3607 3480 3672; x_wconf 83' lang='lat' dir='ltr'>cap.</span> <span class='ocrx_word' id='word_1_428' title='bbox 3534 3588 3895 3673; x_wconf 71' lang='lat' dir='ltr'>Presbyter,</span> 
     </span>
     <span class='ocr_line' id='line_1_75' title="bbox 2367 3696 3900 3771; baseline 0.005 -9"><span class='ocrx_word' id='word_1_429' title='bbox 2367 3696 2522 3763; x_wconf 79' lang='lat' dir='ltr'>dist.</span> <span class='ocrx_word' id='word_1_430' title='bbox 2568 3700 2676 3764; x_wconf 75' lang='lat'>95.</span> <span class='ocrx_word' id='word_1_431' title='bbox 2715 3699 3099 3767; x_wconf 79' lang='lat' dir='ltr'>Ambrosius</span> <span class='ocrx_word' id='word_1_432' title='bbox 3132 3701 3245 3767; x_wconf 77' lang='lat' dir='ltr'>tib.</span> <span class='ocrx_word' id='word_1_433' title='bbox 3290 3705 3355 3767; x_wconf 85' lang='lat'>3.</span> <span class='ocrx_word' id='word_1_434' title='bbox 3400 3704 3484 3768; x_wconf 83' lang='lat' dir='ltr'>de</span> <span class='ocrx_word' id='word_1_435' title='bbox 3516 3706 3900 3771; x_wconf 79' lang='lat' dir='ltr'>Sacramen-</span> 
     </span>
     <span class='ocr_line' id='line_1_76' title="bbox 2367 3815 3905 3903; baseline 0.004 -25"><span class='ocrx_word' id='word_1_436' title='bbox 2367 3815 2474 3893; x_wconf 67' lang='grc' dir='ltr'>εἰς,</span> <span class='ocrx_word' id='word_1_437' title='bbox 2519 3837 2663 3901; x_wconf 83' lang='lat' dir='ltr'>cap.</span> <span class='ocrx_word' id='word_1_438' title='bbox 2711 3818 2773 3881; x_wconf 67' lang='grc' dir='ltr'>ἓ.</span> <span class='ocrx_word' id='word_1_439' title='bbox 2841 3815 3017 3896; x_wconf 87' lang='lat' dir='ltr'>dicit,</span> <span class='ocrx_word' id='word_1_440' title='bbox 3088 3819 3420 3903; x_wconf 79' lang='lat' dir='ltr'>Spiritum</span> <span class='ocrx_word' id='word_1_441' title='bbox 3470 3835 3797 3897; x_wconf 71' lang='lat' dir='ltr'>sanetum,</span> <span class='ocrx_word' id='word_1_442' title='bbox 3855 3831 3905 3884; x_wconf 77' lang='lat' dir='ltr'>et</span> 
     </span>
     <span class='ocr_line' id='line_1_77' title="bbox 2363 3931 3904 4016; baseline 0.008 -23"><span class='ocrx_word' id='word_1_443' title='bbox 2363 3931 2779 4016; x_wconf 73' lang='lat' dir='ltr'>siffltaenlnm</span> <span class='ocrx_word' id='word_1_444' title='bbox 2812 3933 2970 3999; x_wconf 77' lang='lat' dir='ltr'>dari</span> <span class='ocrx_word' id='word_1_445' title='bbox 3016 3934 3107 3999; x_wconf 81' lang='lat' dir='ltr'>od</span> <span class='ocrx_word' id='word_1_446' title='bbox 3155 3938 3648 4004; x_wconf 80' lang='lat' dir='ltr'>invocationem</span> <span class='ocrx_word' id='word_1_447' title='bbox 3699 3941 3904 4004; x_wconf 75' lang='lat' dir='ltr'>Sacer·</span> 
     </span>
     <span class='ocr_line' id='line_1_78' title="bbox 2365 4046 3901 4141; baseline 0.004 -30"><span class='ocrx_word' id='word_1_448' title='bbox 2365 4046 2560 4114; x_wconf 84' lang='lat' dir='ltr'>dotis.</span> <span class='ocrx_word' id='word_1_449' title='bbox 2610 4048 2898 4135; x_wconf 88' lang='lat' dir='ltr'>Ignatius</span> <span class='ocrx_word' id='word_1_450' title='bbox 2955 4052 3146 4136; x_wconf 72' lang='lat' dir='ltr'>epist.</span> <span class='ocrx_word' id='word_1_451' title='bbox 3209 4052 3313 4117; x_wconf 78' lang='lat'>13.</span> <span class='ocrx_word' id='word_1_452' title='bbox 3373 4073 3607 4120; x_wconf 87' lang='lat' dir='ltr'>manus</span> <span class='ocrx_word' id='word_1_453' title='bbox 3660 4053 3901 4141; x_wconf 88' lang='lat' dir='ltr'>imposi-</span> 
     </span>
     <span class='ocr_line' id='line_1_79' title="bbox 2366 4162 3813 4240; baseline 0.007 -13"><span class='ocrx_word' id='word_1_454' title='bbox 2366 4162 2607 4229; x_wconf 88' lang='lat' dir='ltr'>tionem</span> <span class='ocrx_word' id='word_1_455' title='bbox 2643 4163 2812 4231; x_wconf 89' lang='lat' dir='ltr'>inter</span> <span class='ocrx_word' id='word_1_456' title='bbox 2853 4187 3121 4233; x_wconf 91' lang='lat' dir='ltr'>munera</span> <span class='ocrx_word' id='word_1_457' title='bbox 3162 4170 3531 4237; x_wconf 89' lang='lat' dir='ltr'>Sacerdotis</span> <span class='ocrx_word' id='word_1_458' title='bbox 3562 4172 3813 4240; x_wconf 83' lang='lat' dir='ltr'>statuit.</span> 
     </span>
    </p>

    <p class='ocr_par' dir='ltr' id='par_1_14' title="bbox 2360 4279 4105 4844">
     <span class='ocr_line' id='line_1_80' title="bbox 2454 4279 4081 4381; baseline 0.005 -38"><span class='ocrx_word' id='word_1_459' title='bbox 2454 4279 2814 4366; x_wconf 78' lang='lat' dir='ltr'>Respondet</span> <span class='ocrx_word' id='word_1_460' title='bbox 2869 4283 3129 4365; x_wconf 84' lang='lat' dir='ltr'>Suarez,</span> <span class='ocrx_word' id='word_1_461' title='bbox 3189 4283 3624 4353; x_wconf 90' lang='lat' dir='ltr'>Bellarminus</span> <span class='ocrx_word' id='word_1_462' title='bbox 3673 4302 3740 4353; x_wconf 89' lang='lat' dir='ltr'>et</span> <span class='ocrx_word' id='word_1_463' title='bbox 3782 4286 3894 4362; x_wconf 87' lang='lat' dir='ltr'>alii,</span> <span class='ocrx_word' id='word_1_464' title='bbox 3933 4284 4081 4381; x_wconf 46' lang='lat' dir='ltr'>kf&amp;</span> 
     </span>
     <span class='ocr_line' id='line_1_81' title="bbox 2362 4359 4105 4488; baseline 0.005 -28"><span class='ocrx_word' id='word_1_465' title='bbox 2362 4393 2567 4461; x_wconf 86' lang='lat' dir='ltr'>dictos</span> <span class='ocrx_word' id='word_1_466' title='bbox 2605 4418 2885 4464; x_wconf 87' lang='lat' dir='ltr'>canones</span> <span class='ocrx_word' id='word_1_467' title='bbox 2927 4398 3152 4465; x_wconf 83' lang='lat' dir='ltr'>referri</span> <span class='ocrx_word' id='word_1_468' title='bbox 3203 4399 3281 4466; x_wconf 90' lang='lat' dir='ltr'>ad</span> <span class='ocrx_word' id='word_1_469' title='bbox 3336 4403 3639 4488; x_wconf 72' lang='lat' dir='ltr'>quaedam</span> <span class='ocrx_word' id='word_1_470' title='bbox 3704 4359 4105 4471; x_wconf 54' lang='lat' dir='ltr'>saera-ffil</span> 
     </span>
     <span class='ocr_line' id='line_1_82' title="bbox 2364 4513 3934 4598; baseline 0.01 -21"><span class='ocrx_word' id='word_1_471' title='bbox 2364 4513 2668 4580; x_wconf 90' lang='lat' dir='ltr'>mentalia</span> <span class='ocrx_word' id='word_1_472' title='bbox 2725 4536 2839 4581; x_wconf 91' lang='lat' dir='ltr'>seu</span> <span class='ocrx_word' id='word_1_473' title='bbox 2892 4515 3083 4598; x_wconf 88' lang='lat' dir='ltr'>ritus,</span> <span class='ocrx_word' id='word_1_474' title='bbox 3128 4536 3255 4582; x_wconf 89' lang='lat' dir='ltr'>non</span> <span class='ocrx_word' id='word_1_475' title='bbox 3322 4532 3542 4586; x_wconf 88' lang='lat' dir='ltr'>autem</span> <span class='ocrx_word' id='word_1_476' title='bbox 3585 4523 3664 4589; x_wconf 90' lang='lat' dir='ltr'>ad</span> <span class='ocrx_word' id='word_1_477' title='bbox 3722 4522 3934 4593; x_wconf 86' lang='lat' dir='ltr'>mini·.</span> 
     </span>
     <span class='ocr_line' id='line_1_83' title="bbox 2361 4630 4103 4763; baseline 0.005 -67"><span class='ocrx_word' id='word_1_478' title='bbox 2361 4630 2632 4699; x_wconf 89' lang='lat' dir='ltr'>sterium</span> <span class='ocrx_word' id='word_1_479' title='bbox 2687 4634 3107 4700; x_wconf 87' lang='lat' dir='ltr'>Sacramenti.</span> <span class='ocrx_word' id='word_1_480' title='bbox 3162 4635 3547 4705; x_wconf 83' lang='lat' dir='ltr'>Toletanum</span> <span class='ocrx_word' id='word_1_481' title='bbox 3590 4661 3750 4727; x_wconf 89' lang='lat' dir='ltr'>ergo</span> <span class='ocrx_word' id='word_1_482' title='bbox 3804 4641 3891 4705; x_wconf 89' lang='lat' dir='ltr'>in·</span> <span class='ocrx_word' id='word_1_483' title='bbox 4097 4666 4103 4763; x_wconf 65' lang='grc' dir='ltr'>Ι</span> 
     </span>
     <span class='ocr_line' id='line_1_84' title="bbox 2360 4746 3888 4844; baseline 0.006 -31"><span class='ocrx_word' id='word_1_484' title='bbox 2360 4746 2678 4834; x_wconf 90' lang='lat' dir='ltr'>telligitur</span> <span class='ocrx_word' id='word_1_485' title='bbox 2705 4748 2785 4815; x_wconf 91' lang='lat' dir='ltr'>de</span> <span class='ocrx_word' id='word_1_486' title='bbox 2831 4752 3139 4818; x_wconf 88' lang='lat' dir='ltr'>unctione</span> <span class='ocrx_word' id='word_1_487' title='bbox 3176 4752 3243 4818; x_wconf 90' lang='lat' dir='ltr'>in</span> <span class='ocrx_word' id='word_1_488' title='bbox 3278 4755 3549 4834; x_wconf 86' lang='lat' dir='ltr'>vertice,</span> <span class='ocrx_word' id='word_1_489' title='bbox 3589 4777 3738 4844; x_wconf 82' lang='lat' dir='ltr'>quae</span> <span class='ocrx_word' id='word_1_490' title='bbox 3765 4755 3888 4821; x_wconf 76' lang='lat' dir='ltr'>fieri</span> 
     </span>
    </p>
   </div>
   <div class='ocr_carea' id='block_1_7' title="bbox 2357 4863 4098 5662">
    <p class='ocr_par' dir='ltr' id='par_1_15' title="bbox 2357 4863 4098 5662">
     <span class='ocr_line' id='line_1_85' title="bbox 2361 4863 4082 4964; baseline 0.008 -33"><span class='ocrx_word' id='word_1_491' title='bbox 2361 4863 2523 4931; x_wconf 90' lang='lat' dir='ltr'>solet</span> <span class='ocrx_word' id='word_1_492' title='bbox 2563 4864 2629 4930; x_wconf 90' lang='lat' dir='ltr'>in</span> <span class='ocrx_word' id='word_1_493' title='bbox 2689 4866 2979 4933; x_wconf 88' lang='lat' dir='ltr'>Ecclesia</span> <span class='ocrx_word' id='word_1_494' title='bbox 3045 4868 3294 4937; x_wconf 88' lang='lat' dir='ltr'>Latina.</span> <span class='ocrx_word' id='word_1_495' title='bbox 3376 4874 3703 4940; x_wconf 82' lang='lat' dir='ltr'>Caeterum</span> <span class='ocrx_word' id='word_1_496' title='bbox 3767 4874 4082 4964; x_wconf 53' lang='lat' dir='ltr'>haecgffla</span> 
     </span>
     <span class='ocr_line' id='line_1_86' title="bbox 2360 4977 4064 5080; baseline 0.006 -25"><span class='ocrx_word' id='word_1_497' title='bbox 2360 4988 2596 5055; x_wconf 88' lang='lat' dir='ltr'>solutio</span> <span class='ocrx_word' id='word_1_498' title='bbox 2626 5010 2755 5055; x_wconf 90' lang='lat' dir='ltr'>non</span> <span class='ocrx_word' id='word_1_499' title='bbox 2790 4991 3020 5077; x_wconf 88' lang='lat' dir='ltr'>placet,</span> <span class='ocrx_word' id='word_1_500' title='bbox 3049 4993 3200 5080; x_wconf 88' lang='lat' dir='ltr'>quia</span> <span class='ocrx_word' id='word_1_501' title='bbox 3230 5005 3294 5059; x_wconf 90' lang='lat' dir='ltr'>et</span> <span class='ocrx_word' id='word_1_502' title='bbox 3325 4996 3650 5065; x_wconf 87' lang='lat' dir='ltr'>Diaconus</span> <span class='ocrx_word' id='word_1_503' title='bbox 3674 4999 3887 5065; x_wconf 86' lang='lat' dir='ltr'>solem·</span> <span class='ocrx_word' id='word_1_504' title='bbox 3926 4977 4064 5077; x_wconf 50' lang='grc' dir='ltr'>’ξ’</span> 
     </span>
     <span class='ocr_line' id='line_1_87' title="bbox 2357 5086 4098 5195; baseline 0.006 -25"><span class='ocrx_word' id='word_1_505' title='bbox 2357 5105 2421 5170; x_wconf 90' lang='lat' dir='ltr'>ni</span> <span class='ocrx_word' id='word_1_506' title='bbox 2465 5105 2593 5171; x_wconf 90' lang='lat' dir='ltr'>ritu</span> <span class='ocrx_word' id='word_1_507' title='bbox 2635 5105 2960 5193; x_wconf 89' lang='lat' dir='ltr'>baptizare</span> <span class='ocrx_word' id='word_1_508' title='bbox 3020 5121 3227 5195; x_wconf 77' lang='lat' dir='ltr'>potest</span> <span class='ocrx_word' id='word_1_509' title='bbox 3292 5132 3374 5176; x_wconf 82' lang='lat' dir='ltr'>cx</span> <span class='ocrx_word' id='word_1_510' title='bbox 3441 5115 3880 5181; x_wconf 66' lang='lat' dir='ltr'>cammissione</span> <span class='ocrx_word' id='word_1_511' title='bbox 4095 5086 4098 5093; x_wconf 33' lang='grc' dir='ltr'>Ι</span> 
     </span>
     <span class='ocr_line' id='line_1_88' title="bbox 2357 5221 3882 5314; baseline 0.006 -28"><span class='ocrx_word' id='word_1_512' title='bbox 2357 5221 2659 5308; x_wconf 91' lang='lat' dir='ltr'>Episcopi</span> <span class='ocrx_word' id='word_1_513' title='bbox 2695 5222 2758 5287; x_wconf 90' lang='lat' dir='ltr'>in</span> <span class='ocrx_word' id='word_1_514' title='bbox 2799 5222 3092 5290; x_wconf 87' lang='lat' dir='ltr'>absentia</span> <span class='ocrx_word' id='word_1_515' title='bbox 3135 5227 3536 5314; x_wconf 85' lang='lat' dir='ltr'>Presbyteri,</span> <span class='ocrx_word' id='word_1_516' title='bbox 3577 5246 3639 5297; x_wconf 87' lang='lat' dir='ltr'>et</span> <span class='ocrx_word' id='word_1_517' title='bbox 3677 5251 3882 5297; x_wconf 81' lang='lat' dir='ltr'>eonse-</span> 
     </span>
     <span class='ocr_line' id='line_1_89' title="bbox 2358 5339 3876 5428; baseline 0.008 -24"><span class='ocrx_word' id='word_1_518' title='bbox 2358 5352 2632 5425; x_wconf 87' lang='lat' dir='ltr'>quenter</span> <span class='ocrx_word' id='word_1_519' title='bbox 2686 5339 2992 5408; x_wconf 87' lang='lat' dir='ltr'>adhibere</span> <span class='ocrx_word' id='word_1_520' title='bbox 3051 5343 3343 5412; x_wconf 87' lang='lat' dir='ltr'>chrisma</span> <span class='ocrx_word' id='word_1_521' title='bbox 3424 5348 3876 5428; x_wconf 68' lang='lat' dir='ltr'>caeremoniale,</span> 
     </span>
     <span class='ocr_line' id='line_1_90' title="bbox 2357 5456 3881 5549; baseline 0.005 -26"><span class='ocrx_word' id='word_1_522' title='bbox 2357 5473 2480 5524; x_wconf 84' lang='lat' dir='ltr'>Seu</span> <span class='ocrx_word' id='word_1_523' title='bbox 2523 5456 2896 5524; x_wconf 87' lang='lat' dir='ltr'>unctionem</span> <span class='ocrx_word' id='word_1_524' title='bbox 2947 5458 3012 5523; x_wconf 92' lang='lat' dir='ltr'>in</span> <span class='ocrx_word' id='word_1_525' title='bbox 3062 5460 3298 5546; x_wconf 88' lang='lat' dir='ltr'>capite.</span> <span class='ocrx_word' id='word_1_526' title='bbox 3366 5465 3548 5531; x_wconf 90' lang='lat' dir='ltr'>Unde</span> <span class='ocrx_word' id='word_1_527' title='bbox 3590 5465 3881 5549; x_wconf 72' lang='lat' dir='ltr'>Hierony·</span> 
     </span>
     <span class='ocr_line' id='line_1_91' title="bbox 2361 5572 3893 5662; baseline 0.007 -26"><span class='ocrx_word' id='word_1_528' title='bbox 2361 5572 2602 5639; x_wconf 84' lang='lat' dir='ltr'>musio</span> <span class='ocrx_word' id='word_1_529' title='bbox 2633 5573 3182 5662; x_wconf 69' lang='lat' dir='ltr'>dialogis&#39;contra</span> <span class='ocrx_word' id='word_1_530' title='bbox 3231 5580 3715 5651; x_wconf 74' lang='lat' dir='ltr'>Luciferianos:</span> <span class='ocrx_word' id='word_1_531' title='bbox 3785 5583 3893 5647; x_wconf 80' lang='lat' dir='ltr'>Ec·</span> 
     </span>
    </p>
   </div>
   <div class='ocr_carea' id='block_1_8' title="bbox 4106 2987 4113 3803">
    <p class='ocr_par' dir='ltr' id='par_1_16' title="bbox 4106 2987 4113 3803">
     <span class='ocr_line' id='line_1_92' title="bbox 4106 2987 4113 3803; baseline 0 0"><span class='ocrx_word' id='word_1_532' title='bbox 4106 2987 4113 3803; x_wconf 95' lang='lat' dir='ltr'> </span> 
     </span>
    </p>
   </div>
   <div class='ocr_carea' id='block_1_9' title="bbox 4100 2987 4113 4666">
    <p class='ocr_par' dir='ltr' id='par_1_17' title="bbox 4100 2987 4113 4666">
     <span class='ocr_line' id='line_1_93' title="bbox 4100 2987 4113 4666; baseline 0 0"><span class='ocrx_word' id='word_1_533' title='bbox 4100 2987 4113 4666; x_wconf 95' lang='lat' dir='ltr'> </span> 
     </span>
    </p>
   </div>
   <div class='ocr_carea' id='block_1_10' title="bbox 4099 2987 4113 4860">
    <p class='ocr_par' dir='ltr' id='par_1_18' title="bbox 4099 2987 4113 4860">
     <span class='ocr_line' id='line_1_94' title="bbox 4099 2987 4113 4860; baseline 0 0"><span class='ocrx_word' id='word_1_534' title='bbox 4099 2987 4113 4860; x_wconf 95' lang='lat' dir='ltr'> </span> 
     </span>
    </p>
   </div>
  </div>
 </body>
</html>
