4255 6375
798 439 916 503 282

1235 720 1680 803 QUAESTIO
1780 723 1883 794 II.

792 982 1027 1050 Utrum
1064 983 1198 1048 lzoec
1234 984 1322 1047 sit
1365 984 1654 1069 praecisa
1690 984 1917 1068 forma
1947 984 2281 1071 Baptismi
2310 1007 2333 1049 .·

877 1100 1048 1190 Ego
1086 1097 1407 1191 baptizo
1440 1101 1521 1172 te
1571 1097 1651 1170 in
1690 1098 2016 1171 nomine
2059 1100 2331 1173 Patris

874 1220 955 1288 et
1005 1214 1192 1288 Filii
1234 1221 1314 1289 et
1358 1214 1712 1309 Spiritus
1747 1216 2036 1290 sancti.

801 1530 976 1587 Alens.
1007 1532 1059 1587 4.
1089 1546 1144 1599 p.
1167 1548 1216 1600 q.
1241 1531 1326 1587 13.
1351 1547 1427 1586 m.
1451 1530 1502 1587 3.
1523 1546 1618 1600 per
1638 1536 1883 1599 quatuor
1902 1539 2012 1589 art.
2041 1533 2102 1587 D.
2134 1534 2334 1588 Bonav.

858 1603 947 1656 hic
995 1607 1110 1659 art.
1157 1606 1210 1658 2.
1262 1618 1357 1669 per
1404 1608 1600 1659 totum.
1641 1600 1896 1659 Richard.
1940 1610 2049 1658 art.
2095 1606 2147 1658 2.
2194 1620 2247 1674 q.
2284 1605 2336 1660 3.

857 1672 1149 1816 gikg'hzofi.
1181 1690 1238 1746 ς.
1273 1675 1477 1731 2.οε3.
1509 1692 1565 1745 p.
1596 1692 1646 1744 q.
1681 1676 1770 1732 66.
1803 1682 1914 1732 art.
1941 1678 1992 1731 5.
2023 1677 2120 1729 ubi
2138 1677 2336 1732 Suarez

877 2004 990 2077 Ad
1032 2004 1464 2078 secundum
1524 2007 1625 2095 (a)
1686 2004 2163 2098 principale,
2217 2005 2333 2079 sic

796 2122 1280 2214 proceditur,
1326 2126 1406 2194 et
1451 2121 1859 2212 arguitur,
1906 2122 2110 2213 quod
2161 2122 2330 2196 haec

786 2256 945 2309 non
980 2236 1087 2310 sit
1116 2233 1387 2309 forma
1414 2235 1867 2328 Baptismi:
1904 2240 2046 2326 qu
2068 2240 2332 2327 baptizo

785 2366 844 2421 te
893 2357 968 2422 in
1005 2357 1277 2423 nomine
1312 2357 1539 2423 Patris
1587 2366 1649 2421 et
1698 2355 1870 2422 Filii
1927 2368 1988 2423 et
2034 2358 2332 2445 Spiritus

780 2474 1022 2542 sancti.
1107 2470 1411 2552 Primo,
1485 2472 1675 2563 quia
1749 2471 2332 2565 cujuscumque

785 2585 1153 2660 habentis
1251 2587 1683 2661 materiam
1771 2592 1851 2662 et
1945 2587 2327 2671 formam,

782 2699 1050 2775 forma
1117 2703 1293 2795 ejiis
1369 2705 1492 2776 est
1572 2704 1653 2776 in
1733 2704 2122 2787 materia;
2197 2708 2329 2779 sed

779 2818 948 2891 haec
979 2818 1227 2891 verba
1258 2839 1419 2891 non
1454 2823 1641 2893 sunt
1673 2819 1756 2892 in
1788 2840 2023 2913 aqua,
2068 2842 2212 2896 nec
2248 2824 2329 2896 in

778 2933 1214 3017 ablutione,
1269 2939 1358 3008 ut
1399 2933 1480 3006 in
1514 2935 1902 3029 subjecto,
1943 2942 2189 3031 patet.

871 3052 1255 3133 Secundo,
1320 3051 1509 3143 quia
1585 3052 1963 3127 Christus
2033 3057 2332 3123 Matthoei

779 3170 1034 3255 ultimo,
1081 3166 1547 3259 exprimens
1623 3165 1977 3242 formam
2053 3169 2331 3262 Bapti-

783 3281 964 3364 smi,
1019 3303 1180 3355 non
1231 3284 1639 3376 expressit
1681 3285 1970 3367 istam;
2028 3286 2163 3358 sed
2229 3286 2327 3358 ab

781 3401 959 3494 ipso
1024 3398 1371 3475 habetur
1427 3399 1696 3474 forma
1752 3404 2325 3476 sacramento-

778 3540 988 3606 rum,
1044 3539 1219 3613 quae
1261 3520 1656 3604 instituit;
1693 3539 1918 3612 ergo,
1956 3526 2108 3595 etc.

868 3636 1170 3721 Tertio,
1218 3637 1286 3709 si
1331 3636 1491 3711 ista
1540 3641 1664 3712 est
1704 3636 1998 3719 forma,
2053 3641 2194 3709 aut
2235 3637 2322 3708 ut

772 3772 994 3836 vera,
1067 3755 1209 3827 aut
1270 3757 1355 3825 ut
1406 3752 1641 3826 falsa.
1701 3756 1881 3826 Non
1939 3761 2027 3829 ut
2083 3751 2317 3847 falsa,

772 3871 960 3962 quia
998 3870 1202 3943 nihil
1250 3870 1644 3945 falsitatis
1709 3874 1831 3943 est
1894 3871 1973 3942 in
2035 3874 2324 3946 Sacra-

771 3988 1066 4061 mentis
1108 3988 1515 4060 veritatis.
1552 3989 1734 4060 Non
1765 3992 1854 4063 ut
1883 4009 2103 4073 vera,
2137 3990 2324 4082 quia

766 4103 1078 4179 veritas
1116 4104 1291 4197 ejus
1336 4103 1708 4198 sequitur
1758 4103 2035 4178 ordine
2083 4111 2316 4180 natu-

778 4242 889 4294 rae
923 4220 1450 4297 collationem
1503 4216 2016 4296 Sacramenti
2057 4224 2325 4318 Bapti-

774 4339 972 4422 smi;
1025 4338 1336 4413 veritas
1376 4337 1592 4410 enim
1633 4339 2035 4413 orationis
2069 4341 2328 4433 sequi-

775 4458 916 4528 tur
955 4479 1089 4524 esse
1118 4455 1324 4549 ejus,
1371 4456 1573 4548 quod
1619 4454 2132 4547 significatur
2181 4477 2327 4550 per

775 4571 1063 4664 ipsam.
1102 4573 1271 4645 Ista
1303 4574 1576 4644 autem
1610 4571 1879 4646 oratio
1922 4571 2326 4665 significat

776 4688 1299 4762 collationem
1343 4688 1852 4763 Sacramenti
1883 4689 2320 4782 Baptismi;

776 4803 1046 4877 forma
1096 4809 1398 4886 autem,
1448 4825 1544 4877 eo
1587 4806 1793 4897 quod
1843 4809 1967 4879 est
2024 4807 2319 4890 forma,

775 4942 937 4995 non
969 4924 1095 4996 est
1130 4920 1548 5014 posterior
1586 4942 1679 4993 eo
1723 4919 1950 5013 cujus
1991 4926 2117 4996 est
2156 4922 2326 4995 for-

779 5058 910 5112 ma
966 5037 1490 5120 naturaliter,
1565 5037 1698 5110 sed
1758 5037 2013 5130 prior,
2074 5041 2142 5112 7.
2187 5043 2326 5107 Me-

780 5161 960 5246 taph.
996 5168 1159 5226 text.
1200 5158 1266 5229 7.

872 5274 1103 5355 Item,
1147 5273 1238 5345 de
1289 5271 1661 5366 partibus
1730 5270 1969 5344 istius
2038 5267 2326 5344 formae

781 5390 1187 5481 arguitur,
1251 5389 1519 5482 primo
1563 5387 1680 5462 sic
1740 5411 1756 5457 ι
1816 5387 2078 5461 Graeci
2134 5408 2325 5460 vere

781 5505 1233 5596 baptizant,
1321 5508 1402 5578 et
1487 5502 1879 5597 baptizati
1976 5504 2076 5576 ab
2175 5505 2318 5594 eis,

783 5622 1096 5718 quando
1152 5622 1487 5696 veniunt
1537 5621 1634 5695 ad
1684 5639 1858 5706 nos,
1901 5640 2064 5695 non
2104 5623 2331 5697 reba-

579 2027 629 2079 1.

463 2088 739 2205 BMu'Sii

442 2214 736 2327 EUFoi.

439 2280 659 2343 Ai·n1.gu

430 3062 655 3129 Argum.
689 3065 743 3117 2.

427 3660 650 3722 Argum.
686 3660 742 3715 3.

430 5326 646 5388 Argum.
697 5322 746 5373 4.

1933 440 2076 503 Lm.
2132 437 2233 503 lV.
2265 434 2861 502 SENTENTIARUM

2444 596 2901 691 ptizantur;
2945 615 3108 669 non
3154 599 3428 671 autem
3478 600 3785 669 servant
3825 616 3944 670 no·

2447 718 2707 788 stram
2751 712 3132 795 formam,
3192 713 3325 786 sed
3366 712 3617 786 hanc:
3663 716 3943 802 Baptiza-

2443 844 2553 900 tur
2607 854 2838 899 servus
2898 834 3155 899 Christi
3202 835 3277 899 in
3322 835 3592 899 nomine
3641 832 3853 898 Patris
3889 845 3945 899 et
4086 830 4095 947 4

2440 947 2610 1014 Filii
2646 957 2708 1013 et
2745 948 3044 1034 Spiritus
3071 948 3306 1014 sancti.

2566 1063 2807 1145 Item,
2908 1064 3344 1137 secundum
3442 1062 4095 1143 priscianum&

2440 1181 2777 1255 verbum
2829 1181 3117 1274 primae
3168 1201 3536 1275 personae
3574 1180 3701 1253 dat
3747 1178 3956 1252 intel·

2442 1300 2699 1396 ligere
2773 1297 3431 1380 Nominativum;
3511 1316 3698 1390 ergo
3766 1295 3956 1369 suffi-

2444 1426 2663 1501 ceret
2694 1420 2986 1501 dicere,
3040 1421 3322 1508 Baptizo
3371 1431 3454 1499 te,
3498 1416 3790 1508 absque
3825 1413 3958 1488 hoc

2444 1542 2961 1622 Pronomine,
3038 1536 3243 1632 quod
3287 1538 3412 1608 est
3462 1558 3601 1624 eqo.
3654 1537 3753 1608 Et
3800 1553 3959 1605 con-

2442 1664 2826 1736 firmatur
2861 1677 3004 1753 pel·
3044 1654 3263 1731 illud.
3306 1658 3674 1741 Extravaq.
3720 1654 3805 1720 de
3847 1653 3958 1717 Ba-

2437 1783 2706 1871 ptismo,
2768 1781 2848 1849 et
2888 1775 3064 1868 ejus
3126 1769 3542 1845 effectibus
3604 1795 3620 1839 ε
3682 1772 3764 1837 Si
3810 1770 3954 1857 quis,

2443 1895 2579 1969 ubi
2641 1893 2838 1969 dicit
2887 1892 3190 1984 glossa,
3262 1887 3468 1981 quod
3535 1902 3962 1979 pronomen

2441 2032 2601 2085 non
2650 2013 2775 2084 est
2821 2010 2914 2083 de
2958 2003 3418 2081 substantia
3447 2000 3762 2082 formae,
3799 1997 3962 2090 quia

2444 2128 2768 2221 plenum
2812 2142 3136 2197 sensum
3206 2121 3543 2212 generat
3600 2114 3774 2188 haec
3825 2134 3961 2185 vox

2442 2239 2725 2325 baptiza,
2774 2232 2945 2304 sine
2977 2226 3491 2323 pronomine.

2534 2355 2738 2426 Item
2808 2348 3213 2442 arguitur,
3283 2346 3376 2418 de
3441 2361 3809 2417 consecr.
3872 2336 3959 2410 di·

2444 2471 2717 2546 stinct.
2761 2471 2826 2541 4.
2871 2470 3276 2547 Retulerunt,
3326 2462 3457 2535 ubi
3499 2459 3803 2534 dicitur
3842 2484 3856 2528 :
3898 2460 3959 2523 Si

2441 2593 2588 2679 quis
2660 2589 2824 2655 dicit
2875 2598 2936 2653 te
3007 2584 3293 2675 baptiza,
3375 2584 3525 2655 etc.
3607 2582 3957 2668 baptizatus

2440 2717 2556 2786 est,
2610 2727 2694 2771 ex
2741 2725 2866 2791 quo
2923 2703 3267 2789 baptizare
3305 2698 3619 2778 intendit,
3687 2694 3823 2767 sed
3873 2693 3958 2765 ibi

2439 2839 2600 2892 non
2644 2816 2977 2911 ponitur
3018 2817 3501 2887 Pronomen.

2532 2938 2760 3016 Item,
2817 2930 3298 3006 Ambrosius
3346 2933 3429 2998 de
3478 2931 3960 2998 Conse-eratione

2438 3054 2737 3121 distinct.
2798 3052 2863 3122 lt.
2910 3052 2975 3122 A
3011 3048 3353 3141 quoda-m
3401 3072 3415 3114 ε
3461 3048 3539 3114 Si
3586 3050 3664 3114 in
3725 3048 3960 3114 nomine

2447 3172 2821 3252 Trinitatis,
2878 3168 2983 3237 vel
3020 3170 3093 3235 in
3139 3167 3408 3234 nomine
3460 3165 3723 3232 Chri-sti
3770 3163 3958 3251 bapti-

2435 3290 2576 3355 zati
2612 3299 2786 3368 sunt,
2840 3308 2977 3354 non
3033 3285 3272 3353 debent
3326 3282 3770 3370 rebaptizari,
3830 3281 3960 3367 quia

2434 3408 2530 3473 sic
2593 3407 2895 3493 Apostoli
2958 3403 3407 3492 baptizabant,
3482 3403 3569 3472 ut
3642 3397 3959 3471 habetur

2435 3526 2578 3590 Act.
2621 3522 2689 3592 2.
2734 3522 2840 3594 10.
2886 3523 2964 3593 et
3007 3521 3114 3592 19.

2528 3640 2731 3712 Item
2780 3641 2853 3711 5.
2909 3638 3002 3710 de
3042 3636 3259 3709 Trin.
3306 3654 3482 3729 cap.
3533 3637 3602 3708 7.
3666 3635 3843 3702 Idem
3883 3640 4028 3725 estu

2394 3758 2703 3825 'Patrem
2749 3777 2910 3836 esse,
2981 3768 3042 3823 et
3094 3758 3435 3844 qenitum,·
3499 3773 3731 3845 aeque
3789 3765 3957 3838 ergo

2436 3893 2615 3945 esse
2655 3872 2969 3946 valeret
3008 3871 3299 3954 dicere,
3356 3871 3436 3942 in
3488 3869 3817 3943 nomine
3859 3885 3958 3958 ge-

2436 3988 2736 4063 nitoris
2803 3995 2884 4064 et
2943 3988 3223 4081 geniti,
3288 3989 3501 4062 sicut
3560 3986 3833 4062 Patris
3894 3985 3957 4054 et

2440 4107 2645 4181 Filii.
2995 4089 3001 4094 ’

2531 4225 2733 4297 Item
2803 4221 3281 4294 Ambrosius
3351 4221 3443 4294 de
3519 4218 3953 4314 Spiratione

2440 4339 2796 4431 Spiritus
2850 4338 3138 4419 sancti,
3192 4362 3340 4428 cap.
3383 4339 3449 4410 4.
3513 4341 3596 4412 et
3652 4335 3949 4430 ponitur

2440 4456 2519 4529 in
2559 4454 2844 4528 littera
2897 4479 2913 4525 ε
2962 4458 3041 4522 Si
3079 4456 3213 4540 side
3253 4458 3648 4542 mysterium
3696 4453 3949 4520 Trinita-

2439 4576 2522 4642 tis
2554 4585 2831 4653 tenetur‚
2870 4584 2931 4638 et
2968 4594 3103 4639 una
3142 4582 3399 4638 tantum
3434 4593 3723 4659 persona
3764 4567 3945 4636 nomi-

2437 4702 2655 4770 netur,
2690 4691 2962 4776 plenum
2994 4701 3086 4755 est
3126 4691 3658 4755 Sacramentum.

2528 4809 2730 4878 Item
2767 4808 2834 4877 2.
2880 4808 3416 4873 Periliermenias
3445 4828 3501 4871 c.
3551 4806 3616 4876 1.
3654 4801 3969 4876 nomina.

2436 4923 2516 4991 et
2554 4918 2803 4990 verba
2853 4917 3363 5009 transposita
3426 4917 3631 4989 idem
3685 4909 3937 5007 signifi-

2436 5038 2668 5116 cant;
2758 5054 2955 5127 ergo
3046 5034 3598 5126 aequivaleret,
3680 5032 3745 5105 si
3811 5030 3933 5101 ista
4066 5049 4077 5130 4

2434 5151 2682 5224 verba
2710 5155 2979 5225 essent
3025 5151 3556 5245 transposita;
3591 5169 3780 5242 ergo
3809 5146 3931 5218 ista

2437 5265 2707 5341 forma
2755 5289 2919 5343 non
2961 5272 3083 5341 est
3126 5269 3497 5362 praecisa.

2527 5389 2859 5468 Contra,
2896 5387 2987 5459 de
3018 5386 3464 5479 Baptismo,
3500 5388 3579 5459 et
3613 5385 3773 5479 ejus
3799 5398 3918 5453 esse
3994 5391 4076 5523 ᾗ·

2442 5504 2776 5575 Extrav.
2842 5503 2922 5578 Si
2965 5503 3144 5595 quis
3195 5529 3210 5572 ε
3253 5508 3332 5572 Si
3375 5508 3523 5593 quis
3557 5521 3812 5593 puerum
3846 5467 3978 5559 &1¹⁸⁶

2439 5624 2511 5689 in
2558 5644 2734 5711 aqua
2797 5625 3127 5704 merserit,
3190 5625 3265 5691 in
3312 5626 3580 5692 nomine
3631 5619 3826 5689 Patris
3867 5615 3915 5676 εί

3790 6141 4072 6287 ...Α
