4255 6375
1499 375 1696 439 DlST.
1744 376 1787 438 l.
1834 371 2195 451 QUAEs'rto
2239 373 2339 436 Vl.

317 543 774 609 Circumcisio
839 543 1105 630 quidem
1168 541 1459 630 prodest,
1542 541 1603 607 si
1669 540 1874 626 leyem

306 658 648 738 observes,
684 673 805 726 etc.
842 657 1077 725 deinde
1116 658 1194 724 ad
1236 662 1506 723 Roman.
1553 661 1617 725 3.
1656 666 1874 723 osten·

315 773 493 841 dens
534 774 746 862 legem
790 796 917 840 non
950 772 1338 861 justificare,
1385 773 1539 863 quia
1587 794 1671 838 ex
1738 773 1876 858 leqe

314 904 592 958 tantum
622 893 910 978 coquitio
940 892 1215 979 peccati,
1256 892 1414 977 quia
1452 912 1537 956 ex
1568 888 1876 976 operibus

314 1011 495 1096 leyis
525 1031 661 1075 non
688 1009 1177 1096 justificabitur
1214 1011 1428 1074 omnis
1466 1028 1623 1073 caro
1653 1027 1872 1072 coram

314 1127 469 1204 illo,
548 1147 668 1212 per
723 1127 928 1211 leqem
992 1126 1169 1190 enim
1236 1125 1525 1212 coffltitio
1582 1123 1875 1209 peccati,-

312 1259 506 1304 nunc
526 1250 745 1304 autem
772 1241 917 1305 sine
948 1240 1086 1326 leye
1121 1241 1397 1327 justitia
1431 1239 1557 1303 Dei
1590 1239 1874 1321 manife-

306 1364 498 1420 stata
567 1365 681 1433 εει,
740 1355 1092 1437 testificata
1157 1377 1197 1419 a
1267 1355 1406 1442 leqe
1454 1365 1515 1421 et
1581 1354 1876 1441 Prophe-

307 1471 423 1548 tis,
476 1485 612 1537 etc.
657 1471 779 1536 Ubi
821 1491 935 1557 per
967 1470 1293 1558 justitiam
1331 1468 1644 1555 intelligit
1673 1468 1878 1555 grati-

311 1608 420 1655 am
464 1589 608 1672 Dei,
657 1600 722 1653 et
752 1588 1049 1654 eamdem
1074 1587 1549 1674 condistinguit
1591 1607 1625 1652 a
1667 1586 1879 1653 littera

309 1703 517 1792 legis,
561 1705 666 1771 cui
704 1704 910 1772 Judaei
963 1705 1336 1772 tribuebant
1376 1703 1734 1771 efficaciam
1776 1723 1877 1770 sa-

313 1821 510 1889 lutis.
564 1825 641 1889 Et
683 1822 953 1890 subdit:
1007 1824 1281 1889 Just-itia
1330 1833 1548 1888 autem
1600 1823 1723 1887 Dei
1759 1842 1880 1908 per

312 1938 532 2021 sidem
590 1940 743 2004 Iesu
789 1940 1044 2005 Christi
1112 1941 1185 2005 in
1251 1961 1496 2017 omnes,
1560 1948 1619 2004 ει
1681 1958 1882 2022 super

317 2076 554 2121 omnes
594 2058 708 2143 qui
744 2056 1023 2122 credunt
1053 2059 1127 2123 in
1165 2078 1333 2136 eum,
1382 2077 1514 2122 non
1566 2057 1743 2120 enim
1789 2066 1882 2120 est

320 2171 675 2237 distinctio
736 2171 1014 2261 (supple
1082 2172 1576 2259 personarum,)
1635 2171 1873 2249 Judcei,

319 2300 443 2355 aut
486 2289 726 2370 Grceci,
771 2303 893 2359 etc.
928 2305 993 2357 et
1024 2290 1188 2357 ratio
1235 2301 1335 2357 est
1371 2312 1384 2355 :
1436 2310 1660 2356 omncs
1706 2291 1884 2354 enim

322 2417 793 2492 peccaverunt,
837 2419 899 2473 ct
937 2420 1127 2496 eqent
1167 2409 1390 2495 qtoria
1434 2407 1578 2472 Dei.
1623 2407 1882 2490 Iustiti-

321 2525 465 2588 cati
502 2525 659 2590 estis
689 2523 861 2609 (non
907 2546 987 2591 ex
1038 2527 1269 2592 merito
1308 2524 1557 2592 scilicet
1606 2536 1878 2603 naturae,

324 2638 524 2725 legiS,
562 2652 673 2706 aut
701 2640 1255 2720 CircumcisioniS‚
1293 2653 1404 2708 aut
1434 2641 1733 2728 operum)
1764 2663 1887 2729 per

324 2755 877 2841 redemptionem,
915 2779 1058 2844 quoe
1106 2769 1198 2823 εει
1240 2759 1311 2824 in
1357 2758 1644 2837 Christe,
1692 2778 1886 2846 quem

327 2875 687 2958 proposuit
735 2874 907 2940 Deus
935 2876 1489 2961 propitiationem
1525 2895 1648 2961 per
1683 2876 1883 2958 sidem

330 2990 406 3054 in
424 2991 759 3076 sanquine
783 2991 1017 3076 ipsius,
1045 2990 1137 3057 ad
1156 2994 1591 3058 ostensionem
1600 2993 1888 3079 justitia·

330 3129 470 3172 suae
502 3105 781 3194 (supple
820 3106 1074 3194 gratiae,
1112 3129 1260 3195 quae
1283 3107 1672 3196 intelligitur
1694 3109 1886 3198 justi·

333 3225 449 3304 tia,
490 3244 823 3311 perquam
850 3223 1625 3313 justificamur->propter
1652 3229 1883 3293 remis-

330 3342 589 3407 sionem
648 3341 1162 3427 praecedentium
1214 3343 1626 3422 delictorum,
1682 3355 1751 3409 ut
1797 3345 1885 3408 sit

333 3460 478 3544 ipse
496 3461 742 3545 justus,
778 3468 837 3523 ει
874 3459 1257 3544 justificans
1306 3480 1472 3538 eum,
1511 3463 1627 3546 qui
1671 3472 1762 3525 est
1803 3482 1887 3525 ea:

331 3574 470 3657 lide
496 3576 653 3640 Iesu
694 3575 970 3640 Christi.
1007 3574 1347 3642 Concludit
1380 3600 1393 3643 :
1448 3577 1571 3642 Ubi
1608 3588 1700 3643 εει
1732 3599 1885 3664 cryc

333 3692 658 3777 qloriatio
718 3703 828 3756 tua
856 3691 888 3756 ‚9
916 3694 1185 3759 exclusa
1217 3704 1332 3771 cst,
1365 3714 1489 3779 per
1543 3715 1740 3780 quam
1797 3695 1889 3759 lc-

334 3806 529 3893 yem?
559 3809 892 3891 factorum
913 3807 945 3870 ἶ)
973 3828 1129 3887 non,
1165 3809 1280 3873 scd
1305 3830 1428 3894 per
1460 3809 1661 3895 leqem
1693 3808 1882 3892 fidei,

338 3924 490 4011 quia
525 3944 760 4010 nempe
792 3923 957 3990 tollit
975 3923 1430 4011 gloriationem
1461 3925 1772 4008 hominis,
1802 3925 1888 3991 si·

343 4060 420 4106 ve
461 4060 579 4126 per
617 4037 854 4125 legem,
909 4038 1050 4105 sive
1081 4061 1195 4126 per
1233 4060 1431 4126 opera
1491 4056 1764 4123 naturae,
1821 4056 1892 4111 ut

347 4176 471 4221 non
538 4154 858 4242 glorietur
913 4155 1128 4220 omnis
1185 4176 1334 4222 caro
1401 4155 1462 4223 in
1536 4171 1888 4245 conspectu

347 4272 522 4357 ejus;
563 4280 627 4336 et
656 4273 973 4336 rationem
997 4269 1250 4339 subdit:
1279 4273 1692 4339 arbitramur
1711 4276 1889 4341 enim

336 4384 709 4466 justificari
730 4386 1061 4450 hominem
1074 4406 1198 4470 per
1229 4386 1429 4468 fidem
1467 4390 1612 4454 sinc
1667 4393 1890 4476 operi-

348 4500 458 4566 bus
494 4501 681 4587 leqis.
719 4503 822 4567 An
861 4512 921 4566 et
958 4501 1339 4567 Judaeorum
1373 4504 1546 4570 Deus
1579 4517 1833 4572 tantum
1859 4510 1892 4575 ἶ)

351 4618 477 4682 imo
519 4628 580 4681 ει
639 4617 969 4683 Gentium.
1031 4620 1357 4694 Quoniam
1416 4622 1681 4708 quidem
1723 4645 1891 4690 unus

347 4746 435 4799 εει
493 4735 687 4812 Deus,
742 4735 860 4820 qui
905 4736 1238 4821 justificat
1300 4737 1890 4807 Circumcisionem

348 4869 427 4912 ca:
471 4847 631 4930 fide,
679 4859 739 4913 et
767 4851 1175 4935 praeputium
1214 4872 1337 4937 per
1371 4852 1596 4936 sidem.
1654 4855 1890 4941 Leqcm

350 4963 747 5030 destruimus
788 4987 914 5052 per
939 4967 1196 5050 sidem?
1265 4970 1458 5048 absit,
1518 4970 1636 5036 sed
1687 4974 1892 5060 leqem

352 5084 719 5161 statuimus,
759 5094 882 5149 etc.

441 5199 787 5283 Postquam
839 5218 997 5283 ergo
1045 5198 1283 5265 Paulus
1330 5199 1550 5267 docuit
1616 5204 1891 5271 salutem

360 5332 500 5378 esse
539 5334 668 5379 non
701 5336 782 5380 ex
812 5315 1022 5381 littera
1064 5316 1257 5403 legiS,
1305 5338 1514 5405 neque
1564 5340 1644 5385 ex
1677 5322 1895 5407 operi-

109 5400 317 5521 &scisso
366 5428 477 5494 bus
509 5430 772 5509 nostriS,
828 5431 939 5497 sed
972 5452 1052 5497 ex
1095 5432 1243 5512 fide,
1287 5434 1496 5520 gratia
1535 5448 1599 5501 et
1647 5435 1895 5503 redem-

148 5530 276 5587 ΜΠ·
364 5546 576 5631 ptione
606 5552 759 5615 Iesu
797 5547 1058 5632 Christi,
1096 5549 1240 5618 haec
1270 5549 1682 5642 distinguens
1721 5575 1757 5620 a
1794 5553 1897 5621 lit-

3408 365 3524 428 203

1988 548 2126 604 tera
2174 536 2362 623 legis,
2410 537 2472 602 in
2522 555 2648 622 qua
2695 532 3108 601 confidebant
3143 529 3375 610 ludici,
3420 550 3525 595 se-

1986 654 2306 721 cludendo
2355 674 2617 719 omnem
2663 652 2856 718 aliam
2904 648 3419 736 redemptionem
3469 660 3532 712 et

1985 771 2289 857 gratiam,
2327 786 2566 859 praeter
2612 770 2815 837 solam
2859 766 3436 836 circumcisionem
3469 774 3533 829 et

1990 887 2233 974 legem,
2278 887 2538 955 tandem
2589 887 2776 954 docet
2843 885 3140 952 eumdem
3178 887 3380 949 Deum
3423 884 3539 947 Ju-

1989 1008 2281 1074 daeorum
2340 1018 2404 1071 et
2446 1003 2752 1070 Gentium
2811 1024 2980 1081 esse,
3044 1002 3159 1088 qui
3204 999 3538 1087 justificat

1995 1124 2584 1189 Circumcisionem
2648 1142 2734 1186 ea:
2778 1119 2933 1202 fide,
3019 1129 3077 1183 et
3131 1118 3542 1203 proeputium

1984 1261 2108 1326 per
2135 1239 2381 1322 sidem,·
2442 1236 2619 1304 salus
2664 1257 2821 1324 ergo
2866 1256 2981 1322 per
3039 1234 3251 1321 ipsum
3313 1231 3435 1298 l'uit
3473 1231 3540 1297 in

1991 1354 2499 1422 Circumcisione
2536 1376 2614 1422 ex
2657 1354 2805 1434 fide,
2853 1374 2968 1420 seu
3017 1352 3322 1438 adjuncta
3381 1348 3532 1429 fide,

1993 1470 2056 1536 id
2089 1483 2210 1549 est,
2250 1469 2314 1535 in
2354 1471 2598 1536 virtute
2660 1469 2807 1535 fidei
2867 1480 2930 1534 et
2969 1467 3200 1554 gratiae
3256 1462 3395 1542 Dei,
3468 1482 3560 1528 ac·

1995 1593 2463 1680 redemptionis
2522 1613 2636 1678 per
2704 1591 3062 1669 Christum,
3134 1609 3209 1654 ac
3266 1583 3541 1673 proinde

1991 1709 2319 1777 concludit
2351 1708 2542 1776 fidem
2577 1728 2706 1774 non
2757 1707 3092 1773 destruere
3132 1703 3370 1790 legem,
3426 1698 3540 1766 sed

1994 1839 2302 1906 statuere,
2359 1836 2429 1891 ut
2471 1825 2623 1912 quia
2653 1844 2768 1909 per
2815 1842 2968 1909 ⁸eam
3004 1820 3127 1887 fuit
3180 1817 3409 1885 efficax
3458 1816 3536 1882 ad

1992 1942 2293 2010 salutem.

2083 2060 2306 2146 Capite
2336 2058 2528 2125 etiam
2561 2054 2859 2145 sequenti
2882 2057 3225 2141 impugnat
3252 2051 3535 2130 Judaeos,

1996 2179 2382 2264 inquantum
2491 2173 2870 2240 asserebant
2990 2167 3537 2256 repromissiones

1998 2295 2202 2362 fuisse
2243 2315 2324 2360 ex
2364 2291 2875 2360 circumcisione
2914 2300 2978 2355 et
3017 2288 3185 2375 lege,
3251 2306 3381 2352 non
3420 2307 3539 2352 au·
3635 2261 3828 2389 ζζξζξξὸ

1997 2423 2127 2476 tem
2161 2431 2242 2476 ex
2275 2408 2422 2490 fide,
2461 2408 2742 2495 probans
2765 2404 3305 2500 repromissiones
3339 2402 3539 2469 factas
3584 2386 3874 2501 Reggqrpgs-

3579 2139 3868 2203 Argumen-

3672 2208 3781 2249 tum

1997 2527 2302 2607 Abralioe,
2375 2546 2502 2591 non
2572 2545 2652 2590 ex
2727 2523 3034 2609 operibus
3105 2533 3378 2598 naturae,
3430 2530 3541 2585 aut
3596 2513 3864 2626 exsffiseeet

1999 2643 2195 2709 etiam
2255 2663 2335 2708 ex
2395 2639 2931 2715 circumcisione,
2976 2637 3088 2704 sed
3130 2658 3210 2702 ex
3274 2634 3423 2716 fide,
3473 2648 3541 2702 ut
3599 2654 3852 2752 Cnrssft’iiaci

1998 2772 2172 2828 esset
2201 2771 2383 2845 pater
2412 2757 2705 2823 omnium
2739 2754 3167 2833 credentium,
3205 2752 3398 2818 etiam
3431 2751 3536 2832 iis,
3651 2765 3816 2818 sione.

2000 2878 2108 2966 qui
2151 2889 2305 2943 sunt
2334 2898 2416 2943 ex
2455 2873 2988 2952 circumcisione,
3024 2872 3410 2958 inquantum
3444 2890 3543 2934 se-

1999 3009 2260 3063 ctantur
2309 2994 2588 3080 vestigia
2638 2990 2811 3058 fidei.
2870 2990 2977 3057 Sic
3029 2989 3222 3054 etiam
3273 2986 3363 3052 ad
3411 2986 3546 3051 Ga-

2004 3115 2119 3180 lat.
2158 3116 2222 3204 2.
2266 3123 2327 3177 ει
2369 3115 2431 3176 3.
2478 3119 2696 3177 servat
2739 3105 3032 3174 eamdem
3085 3102 3545 3189 contrapositi-

2005 3206 2195 3298 onem
2239 3228 2429 3315 legiS‚
2487 3225 2695 3315 quoad
2747 3224 3049 3304 litteram,
3100 3233 3163 3287 et
3196 3233 3539 3309 praecepta,

2004 3350 2082 3416 ad
2125 3348 2318 3414 fidem
2359 3358 2422 3413 et
2459 3344 2760 3431 gratiam.
2805 3346 3009 3418 Quam
3060 3338 3543 3405 distinctionem
3604 3363 3880 3439 Djstincuo

1999 3464 2299 3552 sequitur
2336 3463 2746 3550 Augustinus
2787 3458 2989 3525 variis
3025 3457 3087 3523 in
3127 3455 3287 3522 locis
3322 3464 3545 3520 contra
3626 3431 3832 3542 huzon,

2001 3581 2407 3667 Pelagianos,
2464 3593 2526 3646 et
2573 3577 2910 3665 speciatim
2968 3574 3158 3654 libro,
3204 3593 3394 3659 quem
3456 3569 3546 3635 in·
3632 3555 3831 3622 grauia».

1999 3697 2262 3782 scripsit
2293 3697 2590 3782 Spiritus
2637 3705 2696 3758 ει
2738 3695 2984 3770 littera,
3031 3689 3368 3776 explicans
3394 3685 3550 3752 illud

2002 3812 2181 3878 Pauli
2221 3834 2234 3877 :
2280 3814 2538 3879 Littera
2576 3810 2846 3886 occidit,
2882 3807 3163 3894 spiritus
3202 3816 3421 3870 autem
3453 3802 3548 3867 vi·

2003 3932 2251 4014 vificat,
2301 3927 2661 3995 extendens
2713 3924 2996 4009 idipsum
3048 3922 3125 3987 ad
3175 3940 3551 4009 quamcum-

2003 4070 2132 4139 que
2189 4047 2426 4133 legem,
2500 4043 2695 4109 etiam
2750 4040 3083 4119 moralem,
3159 4037 3549 4124 inquantum

2003 4169 2208 4234 haeret
2251 4165 2312 4230 in
2360 4160 2808 4227 mandatorum
2850 4156 3111 4235 cortice,
3166 4168 3228 4221 et
3278 4174 3405 4220 non
3454 4153 3548 4218 in-

2002 4282 2205 4351 cludit
2253 4278 2554 4366 spiritum
2603 4275 2860 4363 gratiae,
2917 4293 3031 4359 per
3080 4291 3275 4359 quam
3329 4268 3425 4347 fit,
3482 4279 3550 4335 ut

2002 4419 2272 4486 operere
2311 4394 2744 4481 compleatur3
2790 4412 2863 4457 ac
2895 4387 3255 4455 novissime
3287 4385 3546 4452 tandem

2004 4512 2457 4580 Tridentinum
2487 4530 2641 4574 εεεε.
2679 4511 2743 4574 G.
2779 4530 2834 4573 ε.
2894 4510 2954 4570 1.
2994 4502 3288 4596 eamdem
3324 4501 3547 4588 sequi-
3622 4531 3861 4585 Trident.

2003 4641 2133 4707 tur,
2189 4645 2489 4692 asserens
2521 4622 2692 4710 quod
2729 4639 2936 4707 neque
2967 4622 3202 4685 centes
3254 4638 3368 4704 per
3411 4614 3548 4681 vim

2006 4757 2279 4822 naturae,
2374 4760 2586 4826 neque
2643 4738 2836 4804 etiam
2897 4736 3103 4802 Judaei
3165 4754 3277 4822 per
3337 4733 3547 4820 ipsam

2003 4862 2197 4929 etiam
2246 4859 2525 4925 litteram
2569 4856 2737 4943 legis
2768 4854 2975 4940 Moysi
3017 4852 3278 4919 liberari
3321 4861 3549 4943 potue·

2008 4976 2140 5043 rint
2181 4996 2214 5041 a
2251 4984 2535 5062 peccato,
2581 4974 2660 5037 Et
2690 4992 2940 5037 «fanone
2975 4974 3033 5035 t.
3082 4968 3251 5034 idem
3293 4965 3545 5044 definit,

2006 5105 2069 5160 et
2100 5090 2272 5179 quod
2303 5109 2500 5177 supra
2532 5087 2887 5175 appellavit
2933 5086 3214 5152 litteram
3249 5083 3440 5168 legiS,
3487 5081 3552 5147 in

2007 5208 2234 5277 eodem
2275 5225 2524 5273 canone
2568 5204 2725 5271 dicit
2771 5203 3132 5270 doctrinam
3180 5199 3368 5287 legiS,
3407 5219 3555 5286 quae

2010 5324 2310 5392 consistit
2349 5323 2414 5389 in
2451 5320 2623 5389 nuda
2662 5322 3037 5388 ostensione
3073 5333 3136 5385 et
3177 5316 3503 5385 mandato.

2098 5440 2549 5507 Distinxerunt
2586 5453 2650 5505 et
2690 5438 2957 5525 antiqua
3004 5434 3293 5503 concilia
3331 5444 3556 5500 contra
3664 5450 3855 5502 Eadem

2010 5556 2373 5645 Pelagium,
2418 5567 2480 5622 et
2518 5566 2895 5633 sectatores
2942 5551 3222 5647 gratiam
3243 5572 3290 5649 *a
3319 5546 3556 5616 doctri·
3634 5515 3900 5646 (13ξὲζῖἙο
