4255 6375
1411 413 1610 477 DIST.
1644 413 1747 475 Vl.
1795 411 2157 488 QUAESTIO
2216 416 2295 477 X.

324 572 563 645 Istud
622 571 873 645 etiam
931 578 1055 647 est
1112 572 1610 664 generaliter
1664 572 1803 644 fal-

223 708 431 759 sum
477 687 605 763 hic
664 694 742 761 et
814 691 893 761 in
961 690 1171 774 aliis,
1232 695 1572 783 propter
1619 691 1798 761 duo.

219 804 554 890 Prim0‚
628 807 819 899 quia
874 826 1034 879 non
1103 827 1243 879 ens
1303 827 1464 879 non
1533 810 1804 900 potest

217 940 431 993 esse
493 922 1131 1005 fundamentum,
1181 924 1306 995 vel
1370 923 1583 995 ratio
1628 920 1805 993 fun-

214 1036 482 1110 dandi
525 1038 883 1131 aliquam
938 1037 1423 1111 relationem
1470 1035 1800 1118 realem,

222 1152 443 1244 quia
520 1175 665 1229 nec
727 1155 1157 1229 terminus.
1231 1157 1585 1247 Propter
1654 1151 1805 1225 hoc

220 1268 469 1341 enim
512 1269 847 1363 ponitur
906 1270 1448 1345 contradictio
1511 1269 1806 1341 relatio

224 1386 630 1468 rationis,
694 1387 883 1479 quia
925 1386 1166 1460 habet
1196 1383 1806 1459 fundamentum

221 1503 375 1577 vel
451 1505 935 1586 terminum,
1020 1509 1487 1594 manitionem,-
1576 1507 1806 1575 actus

227 1628 531 1697 autem
609 1622 1020 1697 transiens
1101 1623 1182 1694 in
1261 1621 1803 1716 praeteritum,

230 1742 690 1832 postquam
734 1738 1092 1822 transiit,
1130 1738 1619 1832 simpliciter
1648 1756 1807 1808 non

229 1860 414 1935 est;
460 1874 659 1947 ergo
715 1858 1146 1948 postquam
1182 1854 1537 1935 transiit,
1585 1852 1808 1924 nulla

233 1971 552 2044 relatio
596 1971 787 2045 talis
858 1971 1242 2043 fundatur
1300 1990 1547 2062 super
1594 1988 1805 2041 eum.

235 2089 427 2161 Hoc
464 2086 809 2160 secundo
851 2089 1099 2180 patet,
1146 2085 1334 2177 quia
1385 2085 1481 2157 ad
1528 2084 1809 2158 termi-

233 2226 448 2278 num
530 2203 1118 2277 immutabilem
1207 2223 1454 2295 super
1541 2202 1810 2274 funda-

239 2325 619 2395 mentum
676 2320 1002 2394 omnino
1066 2318 1596 2400 immutabile,
1650 2338 1807 2389 non

239 2442 530 2532 potest
568 2438 889 2511 fundari
927 2436 1247 2520 relati0,
1290 2436 1448 2508 nisi
1507 2433 1811 2526 simpli-

239 2556 471 2629 citer
512 2552 1071 2634 immutabilis,
1129 2557 1207 2625 et
1249 2553 1500 2626 etiarn
1540 2572 1813 2624 neces-

244 2673 487 2746 sario
549 2671 953 2744 inhaerens
1004 2670 1548 2743 fundamento.
1593 2669 1814 2741 Unde

246 2793 319 2865 si
387 2791 665 2883 aliqua
723 2789 1079 2862 essentia
1137 2790 1540 2860 creaturae
1598 2789 1812 2859 esset

247 2908 754 3002 simpliciter
847 2905 1405 2987 immutabilis,
1519 2905 1813 2978 relatio

246 3029 484 3102 illius
557 3027 652 3098 ad
724 3027 980 3098 Deum
1049 3030 1266 3098 esset
1337 3023 1816 3116 simpliciter

244 3142 851 3224 immutabilis;
939 3161 1138 3233 ergo
1227 3140 1294 3215 si
1381 3140 1818 3214 character

243 3265 474 3337 dicat
506 3262 859 3354 aliquem
897 3259 1378 3333 relationem
1412 3260 1505 3332 ad
1528 3262 1812 3340 Deum,

251 3382 377 3471 (de
443 3399 599 3473 quo
664 3381 911 3470 patet,
977 3376 1184 3469 quod
1231 3378 1356 3449 est
1416 3375 1817 3449 terminus

253 3495 830 3577 immutabilis,
885 3500 967 3569 et
1029 3493 1414 3568 fundatur
1485 3493 1562 3565 in
1634 3499 1814 3566 actu

260 3617 349 3686 ut
388 3612 865 3707 praeteritus
910 3616 1059 3691 est,
1105 3630 1287 3684 cum
1331 3613 1561 3683 actus
1616 3628 1819 3701 prae-

258 3729 590 3811 teritus,
656 3733 744 3803 ut
806 3726 1301 3820 praeteritus,
1358 3725 1466 3798 sit
1508 3725 1820 3817 simpli-

258 3849 397 3918 ter
442 3844 981 3925 necessarius,
1054 3842 1133 3914 in
1223 3846 1541 3916 tantum
1611 3842 1818 3934 quod

258 3963 353 4035 de
378 3962 745 4056 potentia
780 3960 1154 4033 absoluta
1185 3959 1456 4031 divina
1485 3979 1646 4030 non
1681 3978 1821 4051 po-

263 4081 427 4153 test
498 4099 677 4151 esse
737 4098 895 4149 non
965 4076 1492 4170 praeteritus),
1568 4075 1823 4169 sequi-

264 4201 408 4268 tur
484 4195 695 4288 quod
737 4195 898 4268 ista
943 4193 1241 4267 relatio
1302 4191 1549 4264 realis
1607 4197 1824 4265 esset

268 4313 600 4385 omnino
691 4310 1287 4399 immutabiliS,
1360 4310 1611 4382 etiam
1710 4309 1824 4379 lo-

268 4431 579 4521 quendo
634 4429 725 4500 dc
796 4426 1157 4520 potentia
1216 4425 1365 4499 Dei
1422 4426 1867 4498 absolutas

222 4538 441 4621 “Hoc
514 4550 790 4619 autem
846 4544 1169 4616 videtur
1223 4543 1820 4628 inconveniens

273 4666 478 4756 quod
519 4664 791 4755 aliqua
853 4662 960 4734 sit
1026 4661 1318 4734 relatio
1373 4660 1619 4733 realis
1664 4661 1828 4733 alia

274 4798 320 4851 a
367 4802 513 4853 suo
559 4779 1103 4859 fundament0‚
1163 4796 1399 4869 quam
1451 4797 1610 4849 non
1656 4798 1829 4869 pos-

278 4896 385 4970 sit
452 4899 669 4970 Deus
729 4896 819 4968 de
862 4893 1226 4987 potentia
1278 4892 1649 4966 absoluta
1707 4894 1828 4965 de-

276 5011 443 5085 lere
510 5033 556 5084 a
616 5012 1136 5084 fundamento
1199 5029 1369 5092 suo,
1437 5009 1645 5083 sicut
1700 5029 1828 5101 po-

280 5127 580 5201 sterius
633 5147 678 5197 a
731 5124 1038 5218 priori;
1096 5126 1173 5195 et
1222 5122 1381 5194 illae
1426 5123 1598 5193 duae
1646 5143 1828 5215 pro-

280 5241 653 5317 bationes
691 5241 999 5316 ultimae
1064 5240 1408 5333 probant
1475 5239 1829 5331 paterni-

288 5364 534 5436 tatem
569 5381 727 5433 non
762 5358 1082 5431 fundari
1134 5380 1377 5451 super
1413 5363 1734 5447 annuisse.

119 5451 235 5575 f‘ao.

112 5593 268 5637 'mm'
294 5598 424 5668 tra
455 5595 633 5679 hoc,
686 5598 753 5669 5.
800 5596 1088 5683 Metaph.
1134 5617 1277 5683 cap.
1315 5595 1399 5661 de
1426 5594 1516 5661 ad
1544 5593 1829 5681 aliquid,

3361 415 3481 477 627

1917 574 2165 647 Pater
2248 575 2549 649 dicitur
2642 596 2736 648 eo
2824 576 3029 668 quod
3099 577 3823 718 generat·p,2ssr¹¹,ffmffi„

1920 691 2419 783 Respondeo,
2458 699 2688 767 actus
2716 695 2980 788 potuit
3013 715 3191 767 esse
3225 712 3471 766 causa
3519 716 3802 786 proximum

1919 803 1998 875 in
2028 809 2186 890 fieri
2232 807 2488 900 ipsius
2525 810 2974 899 relationis
3032 814 3113 883 et
3154 809 3470 902 quidem
3549 792 3772 912 pfflqi.

1919 922 2233 1010 quando
2311 922 2462 997 fuit
2537 944 2808 1007 causa,
2898 930 3088 1000 tunc
3175 924 3468 998 relatio
3500 905 3816 969 3⁰¹²mt¹vffi

1920 1035 2271 1122 infiebat‚
2330 1043 2462 1114 sed
2513 1063 2672 1114 non
2725 1046 2864 1116 est-
2890 1063 3139 1116 causa
3190 1043 3270 1115 in
3310 1067 3466 1125 esse,

1920 1152 2132 1226 sicut
2172 1174 2334 1228 non
2396 1162 2690 1239 manet,
2758 1164 3132 1233 manente
3194 1159 3473 1233 relati-

1922 1289 2103 1351 one;
2145 1270 2750 1349 fundamentum
2794 1281 3065 1349 autem
3098 1297 3258 1349 non
3302 1279 3473 1348 tan-

1922 1389 2093 1458 tum
2144 1393 2270 1462 est
2323 1409 2570 1463 causa
2642 1392 2720 1464 in
2788 1396 2944 1477 sieri
3010 1393 3467 1474 relationis

1923 1504 2054 1575 sed
2116 1504 2197 1576 in
2257 1531 2414 1579 esse.
2483 1509 2680 1591 Quid
2735 1515 2860 1583 est
2927 1529 3125 1601 ergo
3198 1511 3473 1583 funda—

1925 1624 2283 1693 mentum
2339 1624 2923 1715 paternitatis‘?
2968 1627 3470 1718 Respondeo,

1922 1729 2529 1810 fundamentum
2576 1739 3041 1831 proximum
3107 1744 3236 1813 est
3296 1739 3475 1832 ipsa

1922 1851 2288 1939 potentia
2321 1854 2819 1945 generativa,
2877 1877 3032 1928 non
3078 1856 3472 1950 loquendo

1921 1964 2011 2037 de
2066 1974 2438 2060 respectu
2504 1992 2740 2063 quem
2799 1973 2892 2045 de
2941 1993 3026 2045 se
3081 1973 3275 2046 dicit
3344 1993 3475 2065 po-

1922 2083 2205 2166 tentia,
2264 2086 2394 2158 sed
2444 2087 2534 2160 de
2577 2088 2737 2161 isto
2801 2088 3202 2171 absoluto,
3269 2088 3476 2180 quod

1921 2198 2495 2276 denominatur
2533 2225 2581 2276 a
2623 2209 3025 2297 respectu.

2011 2316 2212 2390 Dico
2261 2337 2458 2410 ergo
2512 2340 2558 2391 a
2601 2321 2849 2394 simili
2908 2326 2982 2392 in
3022 2321 3472 2413 proposito,
3505 2302 3822 2414 cfflffissffi

1927 2430 1995 2502 si
2030 2431 2462 2510 character
2494 2443 2847 2530 ponatur
2882 2438 3171 2512 relatio
3208 2437 3476 2521 realis,
3503 2426 3806 2538 effiffiaiffiffi

1926 2548 2101 2639 ejus
2163 2551 2770 2629 fundamentum
2807 2555 3299 2650 proximum
3350 2559 3476 2628 est
3548 2526 3822 2678 ggtlegjgg'

1930 2663 2104 2757 ipsa
2180 2670 2387 2740 nuda
2464 2672 2761 2756 anima,
2847 2674 3014 2745 sive
3095 2674 3474 2755 essentia,

1928 2784 2098 2853 sive
2167 2788 2525 2872 potentia
2593 2789 2710 2878 (de
2769 2789 2921 2866 hoe
2975 2791 3053 2860 in
3114 2789 3483 2883 sequenti

1930 2900 2430 2993 quaestione),
2493 2904 2680 2994 quia
2729 2910 3146 2996 respectus
3181 2906 3483 2980 extrin·

1930 3036 2164 3088 secus
2249 3018 2679 3093 adveniens
2795 3025 3066 3114 potest
3167 3020 3485 3095 fundari

1933 3153 2181 3225 super
2212 3133 2847 3221 fundamentum,
2881 3159 2980 3212 ex
3013 3139 3241 3230 cuius
3280 3139 3490 3233 prin-

1934 3248 2171 3341 cipiis
2276 3252 2502 3324 nullo
2620 3255 2851 3328 modo
2955 3256 3483 3347 egrediatur;

1931 3383 2075 3436 nec
2123 3363 2734 3442 fundamentum
2784 3372 2958 3463 eius
3022 3371 3490 3464 proximum

1935 3486 2263 3572 oportet
2305 3485 2835 3559 determinari
2895 3490 2988 3561 ad
3061 3488 3288 3562 illum
3345 3489 3488 3561 ali-

1937 3617 2090 3688 quo
2141 3601 2372 3672 modo
2415 3622 2514 3673 ex
2567 3604 2886 3676 ratione
2928 3625 3074 3677 sua
3121 3607 3484 3700 propria,

1940 3714 2127 3805 quia
2224 3722 2413 3791 tunc
2506 3739 2661 3793 non
2750 3727 2964 3796 esset
3062 3729 3486 3816 respectus

1938 3831 2448 3907 extrinsecus
2552 3837 3005 3921 advenienS,
3089 3840 3223 3912 sed
3310 3846 3486 3915 tan—

1940 3951 2356 4024 tummodo
2432 3953 3027 4028 determinatur
3091 3958 3186 4029 ad
3257 3958 3488 4029 illum

1938 4066 2036 4137 ab
2068 4066 2246 4158 ipso
2299 4074 2614 4159 agente;
2663 4071 2778 4144 sic
2818 4072 2899 4143 in
2945 4074 3396 4167 proposito,

2394 4313 3029 4379 COMMENTARIUS.

2018 4531 2112 4614 (d)
2183 4535 2318 4596 Sed
2382 4541 2623 4598 restant
2679 4536 2806 4597 duo
2863 4536 3088 4609 dubia,
3150 4540 3280 4600 etc.
3355 4538 3486 4598 Hoc
3639 4560 3716 4610 12.

1943 4657 2217 4720 dubium
2266 4657 2351 4720 de
2398 4657 2829 4724 fundamento
2877 4662 3293 4736 characteriS,
3341 4678 3488 4723 mo·
3547 4623 3791 4676 Dubium.

1940 4776 2050 4833 vet
2118 4772 2437 4850 quasdam
2505 4776 2821 4851 rationes
2905 4794 3045 4856 quze
3117 4776 3489 4841 difficultate

1942 4905 2077 4950 non
2141 4895 2387 4951 carent.
2490 4893 2709 4972 Negat
2749 4894 3153 4971 Baptismum
3210 4896 3492 4971 praeteri-

1947 5021 2109 5089 turn,
2171 5015 2279 5092 qui
2341 5016 2406 5076 in
2448 5016 2743 5078 sensibili
2813 5019 3067 5080 actione
3139 5019 3492 5097 perficitur,

1944 5150 2094 5195 esse
2168 5130 2715 5207 fundamentum;
2805 5137 3040 5215 primo,
3113 5137 3265 5215 quia
3336 5141 3496 5199 ratio

1943 5250 2294 5328 fundandi,
2351 5258 2416 5312 et
2462 5254 2692 5314 relatio
2738 5258 2890 5315 sunt
2935 5255 2998 5316 in
3050 5254 3288 5317 eodem
3339 5257 3499 5317 sub-

1942 5373 2118 5448 jecto
2166 5372 2487 5447 proximo.
2523 5374 2863 5449 Susceptio
2913 5373 3224 5450 Baptismi
3269 5373 3384 5435 suit
3435 5375 3502 5436 in

376 5483 475 5552 Et
518 5478 584 5550 Si
628 5477 970 5550 adducas
1011 5474 1593 5567 Philosophum
1646 5495 1833 5547 con-
1950 5503 2252 5564 corpore,
2316 5488 2657 5550 character
2710 5492 2932 5549 autem
2992 5494 3094 5552 est
3141 5491 3208 5552 in
3259 5492 3494 5551 anima.

1952 5604 2089 5665 Haec
2119 5606 2282 5669 ratio
2314 5608 2496 5681 patet
2524 5606 2591 5666 in
2619 5604 3046 5667 relationibus
3074 5607 3264 5685 primi
3292 5607 3495 5681 modi,
