4255 6375
1417 438 1615 502 ms'r.
1661 437 1764 499 Vl.
1812 436 2174 513 QUAEsrlo
2205 438 2335 504 vn.

234 602 370 668 fert
421 606 655 669 Doctor
712 624 794 669 ex
874 603 1020 669 aliis
1070 601 1575 690 antiquioribuS,
1632 619 1793 687 quas

234 718 589 807 impugnat
622 741 637 798 ;
685 719 893 806 prima
917 732 1039 800 est,
1077 719 1228 807 quia
1259 719 1556 785 Christus
1589 717 1794 785 semel

229 846 337 900 est
393 849 712 916 mortuuS,
775 848 837 901 et
898 835 1269 921 Baptismus
1332 835 1527 901 habet
1585 834 1786 901 virtu-

228 964 369 1018 tem
404 973 483 1018 ex
514 953 819 1038 passione
855 953 1122 1034 Christi,
1152 951 1232 1019 ad
1279 958 1552 1019 Roman.
1590 955 1653 1017 6.
1719 952 1794 1017 lu

230 1079 446 1133 morte
486 1070 699 1154 ipsius
735 1069 1115 1155 baptizatus
1142 1090 1386 1148 sumus,
1435 1079 1554 1134 etc.
1616 1072 1794 1133 Hanc

228 1183 553 1249 rationem
591 1183 821 1250 merito
872 1189 1106 1250 Doctor
1160 1185 1524 1273 impugnat,
1596 1204 1676 1249 ex
1715 1205 1791 1250 eo

184 1298 410 1384 -quod
463 1319 590 1365 non
625 1313 796 1365 recte
849 1299 1165 1366 inferatur
1204 1301 1604 1386 Baptismum
1661 1320 1788 1365 non

160 1410 170 1420 ’
226 1434 430 1499 posse
461 1413 889 1500 iterari,quia
957 1414 1312 1481 efficaciam
1381 1414 1652 1481 sortitur
1709 1436 1788 1479 ex

224 1530 539 1615 passione
606 1530 873 1613 Christi,
942 1530 1095 1616 quia
1155 1531 1347 1597 etiam
1399 1529 1789 1596 Paenitentia

225 1665 313 1709 ex
346 1644 654 1731 passione
683 1647 951 1727 Christi,
987 1657 1051 1712 et
1092 1646 1340 1733 reliqua
1373 1648 1789 1725 Sacramenta

223 1759 329 1846 (ut
400 1760 559 1827 alias
599 1782 796 1848 supra
839 1762 1004 1830 dixit
1036 1763 1193 1830 dist.
1280 1769 1337 1829 1.
1384 1776 1609 1850 quoest.
1695 1764 1786 1849 1.)

223 1886 389 1942 sunt
421 1876 731 1959 efficacia,
772 1879 1079 1965 quamvis
1112 1879 1498 1946 Paenitentia
1531 1880 1616 1946 sit
1666 1880 1785 1945 ite-

224 1992 492 2060 rabilis.

317 2115 501 2178 Hanc
529 2133 687 2199 ergo
725 2116 1219 2201 congruentiam
1267 2136 1394 2181 non
1443 2117 1783 2202 impugnat

225 2231 492 2304 Doctor,
540 2228 663 2292 nisi
698 2229 908 2315 quoad
943 2229 1099 2296 illud
1134 2230 1213 2297 de
1244 2230 1532 2298 efficacia
1571 2231 1782 2318 Bapti-

182 2316 359 2407 ‘smi
417 2362 497 2407 ex
567 2344 893 2429 passione.
958 2345 1023 2410 Si
1073 2359 1286 2412 autem
1354 2347 1783 2434 congruentia

153 2438 157 2460 ’
229 2458 511 2525 ducatur
550 2481 631 2525 ex
672 2460 1105 2528 similitudine
1156 2462 1465 2549 Baptismi
1517 2474 1580 2529 et
1611 2485 1769 2529 mor-

186 2576 318 2642 ‘tis
382 2576 647 2657 Christi,
703 2597 896 2663 quam
965 2578 1244 2645 intendit
1291 2579 1641 2665 Apostolus
1717 2592 1782 2646 et

229 2692 422 2761 multi
458 2695 704 2774 Patres,
768 2715 848 2760 ex
909 2715 985 2761 eo
1014 2695 1189 2781 quod
1220 2696 1519 2764 Christus
1576 2697 1775 2763 semel

225 2823 530 2877 mortuus
562 2823 684 2890 est,
746 2810 1064 2898 colligunt
1104 2811 1505 2898 Baptismum
1547 2834 1626 2879 ex
1689 2812 1777 2877 si-

224 2926 619 3004 militudine,
667 2948 792 3014 qua
822 2939 1051 3015 typum
1085 2931 1311 2997 mortis
1352 2931 1591 2998 Christi
1635 2931 1774 2996 imi·

220 3058 420 3126 tatur,
496 3067 622 3112 non
689 3066 883 3132 posse
934 3045 1072 3113 dari
1138 3048 1263 3115 nisi
1318 3049 1543 3129 semel,
1607 3049 1776 3115 sicut

219 3162 524 3230 Christus
573 3164 774 3231 semel
826 3177 1121 3233 mortuus
1170 3176 1291 3233 est.
1358 3166 1587 3234 Melius
1618 3189 1776 3255 ergo

223 3282 388 3348 ratio
430 3280 773 3349 deducitur
802 3304 882 3349 ex
951 3286 1073 3350 hac
1111 3285 1540 3353 similitudine
1581 3308 1773 3374 quam

223 3417 303 3462 ex
364 3396 679 3480 efficacia,
761 3420 955 3487 quam
987 3403 1189 3469 trahit
1256 3406 1623 3491 Baptismus
1694 3426 1774 3470 ex

225 3525 440 3580 morte
503 3515 744 3584 Christi
813 3528 875 3583 et
941 3519 1283 3604 passione;
1331 3533 1393 3587 et
1460 3521 1556 3588 sic
1629 3543 1770 3588 eam

225 3630 427 3697 tradit
467 3633 852 3700 Ambrosius
902 3635 1015 3700 lib.
1089 3640 1151 3702 2.
1202 3637 1284 3702 de
1340 3638 1763 3717 Paenitentia,

225 3771 376 3836 cap.
416 3752 479 3814 2.
519 3747 808 3815 Isidorus
841 3751 954 3818 tib.
979 3753 1042 3816 2.
1073 3752 1154 3817 de
1184 3752 1437 3819 divinis
1476 3755 1764 3839 ΟΓΙὶσίἱε,

222 3886 370 3950 cap.
427 3864 508 3929 de
538 3866 901 3951 BaptismO,
951 3871 1390 3935 Damascenus
1424 3871 1536 3937 tib.
1591 3876 1654 3936 4.
1691 3872 1774 3936 de

219 3982 378 4062 fide,
431 4003 576 4068 cap.
661 3988 766 4051 10.
821 3998 1051 4071 estque
1099 3986 1450 4055 Clementis
1497 3991 1769 4056 Romani

221 4099 333 4165 lib.
372 4102 436 4166 6.
490 4102 1037 4168 constitutionum
1095 4126 1240 4191 cap.
1308 4110 1413 4173 15.
1452 4109 1581 4172 Hoc
1611 4128 1770 4194 crgo

226 4217 418 4283 modo
465 4217 781 4306 applicata
837 4221 1000 4286 ratio
1070 4242 1198 4286 non
1263 4222 1688 4310 impugnatur
1735 4246 1770 4291 a

226 4334 519 4412 Doctore,
583 4334 741 4419 quin
797 4335 1013 4421 potius
1073 4336 1150 4402 ad
1235 4359 1376 4404 eam
1438 4338 1771 4407 reducitur

225 4449 563 4514 commode
604 4449 790 4531 ratio,
864 4471 1055 4538 quam
1091 4452 1229 4539 ipse
1279 4454 1446 4521 infra
1500 4456 1769 4544 subjun-

224 4564 340 4648 git,
383 4577 452 4631 ut
483 4566 873 4635 videbimus.

315 4684 692 4751 Dominicus
744 4686 896 4751 Soto
941 4687 1146 4773 carpit
1194 4691 1556 4771 Doctorem,
1594 4692 1765 4778 quod

226 4817 353 4863 non
385 4797 661 4867 fideliter
700 4801 1016 4868 rationem
1059 4802 1225 4870 hanc
1272 4826 1351 4870 ex
1393 4808 1464 4871 D.
1521 4807 1765 4875 Thoma

226 4916 539 4996 retulerit,
579 4918 691 4983 sed
724 4917 1087 5003 immerito;
1120 4920 1282 4986 ratio
1314 4922 1489 4987 enim
1515 4924 1764 4990 D.Tho-

228 5051 350 5097 ma}
380 5034 453 5098 in
492 5037 555 5101 3.
588 5045 768 5120 part.
805 5046 1028 5120 quaest.
1066 5038 1173 5102 66.
1211 5049 1342 5102 art.
1380 5041 1442 5105 9.
1504 5040 1570 5104 in
1616 5062 1765 5106 ver-

228 5146 325 5214 bis
366 5170 494 5215 non
553 5149 729 5216 aliud
772 5164 995 5230 sonat;
1048 5164 1147 5217 est
1186 5153 1467 5220 secunda
1527 5156 1592 5220 in
1625 5178 1762 5222 cor-

225 5284 377 5347 pore
421 5288 433 5331 :
479 5266 806 5346 Secunda,
856 5267 1090 5353 inquit,
1127 5268 1199 5334 in
1258 5281 1464 5335 morte
1510 5271 1765 5338 Christi

227 5377 670 5466 baptizamur,
703 5403 827 5468 per
865 5404 1061 5469 qztam
1117 5386 1442 5449 morimur
1468 5401 1756 5472 peccata,

227 5507 284 5560 ct
331 5499 740 5584 resuryimus
763 5499 836 5563 in
874 5500 1168 5565 novitate
1215 5502 1370 5566 vitce
1398 5528 1422 5583 ,·
1459 5504 1765 5572 Christus

227 5626 440 5681 autem
508 5626 765 5682 tantum
800 5618 1000 5683 semel
1037 5630 1333 5684 mortuus
1363 5631 1478 5700 est,
1523 5632 1585 5686 et
1618 5623 1764 5688 ideo

3341 442 3478 508 ‘583

1911 600 2292 686 Baptismus
2359 603 2603 668 iterari
2678 625 2813 670 non
2871 604 3076 685 debet,
3143 614 3268 672 etc.
3315 609 3471 673 Haec

1904 716 2070 781 ratio
2092 715 2266 793 nihil
2301 717 2473 783 aliud
2537 729 2754 798 sonat,
2817 741 3011 806 quam
3055 721 3460 807 Baptismum

1904 851 2168 897 sumere
2226 832 2584 899 efficaciam
2636 855 2670 899 a
2738 846 2945 900 morte
3005 836 3270 917 Christi,
3346 859 3462 924 per

1904 967 2096 1032 quam
2144 949 2462 1016 morimur
2495 961 2784 1035 peccam,
2837 964 2900 1016 et
2931 952 3347 1039 resurgimus
3390 954 3455 1019 in

1907 1061 2198 1128 novitate
2227 1062 2383 1128 vitae
2436 1085 2451 1142 ;
2501 1062 2586 1128 ita
2646 1062 2839 1130 etiam
2919 1066 3348 1151 responsione
3383 1067 3461 1134 ad

1902 1178 2189 1264 primum
2223 1179 2393 1265 quod
2426 1193 2554 1247 est:
2583 1182 2965 1267 Baptismus
2996 1184 3338 1248 institutus
3368 1187 3464 1248 est

1902 1294 1979 1359 in
2043 1294 2452 1360 ablutionem
2515 1306 2956 1382 peccatorum,
3019 1297 3136 1362 sed
3183 1309 3459 1385 peccata

1902 1409 2262 1493 iterantur,
2348 1421 2471 1476 etc.
2561 1412 3040 1497 Respondetur,
3122 1413 3213 1479 ad
3301 1415 3455 1501 pri-

1901 1546 2081 1591 mum
2119 1548 2275 1612 erqo
2331 1526 2709 1608 dicendum,
2796 1529 2971 1615 quod
3067 1530 3454 1617 Baptismus

1900 1653 2218 1727 operatur
2253 1645 2324 1709 in
2358 1644 2601 1709 virtute
2635 1647 2972 1730 passionis
3015 1646 3291 1727 Christi,
3329 1650 3453 1713 sic-

1900 1767 1970 1821 ut
2027 1779 2236 1843 supra
2266 1758 2518 1824 dictum
2549 1771 2664 1840 est,
2701 1772 2761 1826 et
2792 1761 2945 1827 ideo
2975 1763 3143 1828 sicut
3173 1775 3444 1850 peccata

1898 1879 2242 1963 sequeutia
2275 1879 2592 1943 virtutem
2627 1880 2966 1963 passionis
3027 1881 3283 1946 Christi
3312 1902 3448 1947 non

1897 1993 2241 2076 auferunt,
2279 1995 2373 2059 ita
2415 1995 2614 2059 etiam
2647 2016 2783 2061 uon
2835 1996 3156 2079 auferunt
3214 1998 3449 2083 Bapti-

1896 2131 2132 2189 smum,
2181 2122 2249 2175 ut
2281 2134 2538 2177 necesse
2575 2115 2661 2178 sit
2696 2115 2911 2199 ipsum
2942 2114 3186 2180 iterari
3213 2140 3239 2195 ,·
3274 2127 3448 2182 recte

1897 2247 2054 2312 ergo
2084 2247 2227 2292 eam
2263 2227 2576 2301 rationem
2621 2232 2855 2294 Doctor
2894 2230 3093 2295 refert
3125 2241 3189 2295 et
3235 2231 3445 2318 impu-

1893 2356 2076 2428 gnat,
2117 2355 2185 2408 ut
2216 2356 2391 2430 patet
2422 2344 2730 2427 intuenti,
2788 2367 2999 2432 neque
3030 2347 3254 2432 glossa
3311 2348 3445 2413 Soti

1896 2460 2173 2546 quadrat
2206 2461 2438 2540 textui,
2477 2473 2549 2527 ut
2587 2462 2813 2529 videre
2854 2463 3028 2528 licet.

1981 2578 2278 2645 Secunda
2324 2579 2511 2659 ratic,
2551 2600 2700 2666 quae
2748 2578 3092 2646 adducitur
3139 2580 3220 2646 ab
3267 2580 3441 2666 aliis,

1890 2708 1991 2761 est
2048 2717 2126 2760 ex
2204 2717 2279 2761 eo
2347 2695 2519 2782 quod
2560 2698 3049 2763 Sacramentum
3111 2696 3441 2783 imprimat

1891 2812 2329 2877 characterem
2394 2811 2804 2878 indelebilem
2866 2813 2930 2878 in
2984 2813 3224 2879 anima.
3289 2817 3440 2880 Ilaec

1891 2928 2155 3016 quidem
2224 2928 2385 2994 ratio
2460 2949 2615 2995 vera
2683 2943 2803 3011 est,
2858 2931 2954 2998 sic
3000 2930 3261 2998 videtur
3291 2952 3433 2998 eam
3510 2964 3744 3020 Trident.

1889 3045 2340 3113 Tridentinum
2412 3046 2712 3133 amplecti
2772 3069 2925 3113 sess.
2972 3052 3035 3113 7.
3092 3048 3172 3115 de
3210 3051 3435 3115 Sacra-

1890 3164 2127 3231 mentis
2169 3163 2233 3230 in
2265 3184 2530 3251 genere,
2576 3185 2717 3231 can.
2761 3166 2826 3230 9.
2871 3166 2952 3231 Si
2988 3166 3155 3252 quis,
3198 3164 3434 3253 inquit,

1886 3282 2144 3348 dixerit
2185 3284 2254 3348 iu
2319 3282 2525 3348 tribus
2559 3283 3034 3363 Sacramentis,
3094 3286 3437 3372 Baptismo

1883 3401 2158 3478 scilicet,
2221 3401 2747 3482 Confirmatione
2804 3410 2863 3465 et
2941 3399 3217 3480 Ordine,
3303 3423 3441 3468 non

1886 3517 2191 3602 imprimi
2221 3517 2674 3582 characterem
2723 3520 2797 3582 iu
2835 3519 3089 3595 anima,
3145 3518 3266 3582 hoc
3314 3529 3430 3596 est,

1882 3634 2148 3720 siyuum
2182 3632 2513 3719 quoddam
2544 3634 2905 3719 spirituale
2945 3643 3005 3697 et
3054 3634 3429 3713 indelebile,

1880 3749 2059 3814 unde
2115 3770 2192 3814 ea
2251 3751 2494 3814 iterari
2553 3771 2690 3814 uon
2732 3751 3015 3835 possint,
3079 3751 3437 3817 anathema

1879 3867 1987 3943 sit,
2036 3875 2161 3931 etc.
2206 3866 2285 3928 Et
2322 3864 2492 3930 hanc
2523 3864 2731 3951 ipsam
2784 3863 3144 3931 doctrinam
3188 3866 3434 3953 ample·

1881 3983 2077 4048 ctitur
2124 3985 2357 4047 Doctor
2398 3983 2462 4046 in
2514 3981 2725 4061 titulO,
2762 4003 2878 4048 seu
2915 3982 3053 4069 ipsa
3085 3984 3437 4070 partitione

1882 4098 2268 4185 quaestionis
2321 4098 2697 4187 principalis
2743 4121 2756 4164 :
2805 4101 3131 4180 Secunda,
3181 4101 3416 4188 inquit,

1880 4216 1961 4281 de
2000 4218 2383 4281 charactere
2418 4227 2697 4301 propter
2736 4237 2925 4301 quem
2968 4221 3251 4304 ponitur
3291 4221 3430 4285 ini-

1881 4333 2181 4398 terabilis
2222 4335 2244 4420 (
2292 4333 2524 4418 supple
2565 4333 2934 4418 Baptismus
2966 4332 2989 4421 )
3021 4357 3265 4422 quaer-0,
3305 4349 3428 4403 etc.

1879 4465 1944 4516 et
1982 4460 2206 4537 quoest.
2233 4454 2298 4518 9.
2336 4472 2528 4538 quam
2561 4449 2690 4518 illis
2741 4451 2962 4518 verbis
3010 4452 3302 4520 insinuat
3334 4477 3432 4521 ar-

1877 4578 2191 4654 gumento
2246 4566 2324 4633 ad
2401 4567 2773 4654 oppositum
2836 4588 2870 4633 a
2931 4568 3180 4636 ratione
3221 4592 3301 4636 ex
3350 4593 3431 4638 eo

1877 4682 2046 4769 quod
2116 4683 2484 4770 Baptismus
2561 4683 2646 4750 sit
2707 4684 3120 4769 initerabilis,
3195 4688 3427 4775 prohat

1879 4799 2256 4885 imprimere
2286 4800 2724 4868 characterem
2783 4801 3222 4885 indelebilem,
3269 4807 3429 4891 quia

1875 4916 2178 5000 alioquin
2218 4915 2480 4981 nullum
2508 4915 2754 4982 habens
2794 4919 3101 5002 effectum
3166 4918 3424 4986 indele-

1875 5026 2065 5091 bilem
2108 5026 2326 5112 ipsum
2358 5035 2574 5110 posset
2604 5027 2865 5104 iterari,
2906 5027 3020 5093 sed
3056 5028 3136 5094 de
3178 5028 3298 5095 hac
3358 5029 3421 5094 in

1875 5163 1949 5210 ea
2000 5142 2363 5230 quaestione
2412 5163 2710 5229 agemus
2765 5143 2929 5218 Quid
2976 5165 3133 5232 ergo
3176 5146 3421 5232 impro-

1875 5258 1981 5323 bat
2015 5261 2120 5326 hic
2151 5260 2182 5326 ἵ)

1963 5375 2417 5460 Respondetur
2461 5397 2585 5442 non
2619 5376 2989 5463 improbare
3030 5377 3203 5444 illam
3247 5379 3415 5444 veri-

1873 5504 2093 5571 tatem,
2142 5513 2376 5580 nempe
2416 5516 2497 5560 ex
2553 5497 2927 5561 charactere
2984 5495 3165 5562 reddi
3198 5498 3420 5564 Sacra-

1875 5630 2168 5684 mentum
2203 5639 2330 5685 non
2364 5618 2676 5701 iterabile,
2721 5622 2833 5688 sed
2874 5624 3024 5710 quia
3091 5625 3233 5692 haec
3273 5647 3416 5713 pro-

3519 5459 3712 5551 Scopas

3485 5547 3736 5600 Doctoris.
3785 5605 3790 5612 ,
