4255 6375
1302 390 1500 453 DIST.
1547 392 1646 453 IV.
1691 390 2054 465 QUAESTIO
2092 393 2193 452 lx.

159 581 160 590 ¹
223 565 519 620 versatur
575 553 897 640 quomodo
975 554 1117 619 haec
1175 565 1516 638 parentum
1588 561 1761 637 pote·

158 654 162 674 ⁸
219 682 347 736 stas
376 670 464 736 sit
499 670 941 757 intelligenda.
991 674 1221 735 Doctor
1260 667 1597 734 contendit
1629 688 1761 731 non

158 821 165 851 l
218 805 361 850 esse
399 784 914 872 intelligendam,
952 783 1137 871 quasi
1170 782 1477 849 extendat
1505 803 1577 848 se
1607 802 1761 848 con-

217 912 311 966 tra
360 913 745 985 potestatem
788 899 897 966 Dei
960 899 1024 964 in
1065 899 1366 965 eumdem
1414 897 1755 973 infantem,

157 1005 273 1083 ³'et
311 1037 462 1103 quoe
505 1017 681 1084 nullo
743 1017 932 1083 modo
981 1016 1372 1083 extendatur
1415 1016 1481 1082 in
1515 1016 1760 1103 praeju-

156 1131 160 1160 ²
210 1132 450 1199 dicium
493 1132 700 1220 ipsius
742 1133 1032 1212 infantiS,
1073 1154 1285 1220 neque
1326 1131 1474 1198 fidei
1516 1133 1755 1218 eteul-

157 1277 168 1288 ·
215 1265 314 1317 tus
353 1250 588 1328 divini,
633 1251 783 1339 quia
830 1264 930 1318 est
983 1263 1269 1337 potestas
1309 1249 1751 1324 subordinate,

216 1385 327 1432 nec
358 1377 537 1432 tenet
591 1380 816 1434 contra
875 1378 1255 1452 potestatem
1299 1365 1751 1450 superiorem;

210 1503 320 1549 nec
360 1495 541 1549 tenet
580 1496 803 1550 contra
862 1485 975 1570 jus
1007 1482 1211 1562 tertii,
1259 1482 1469 1568 ipsius
1505 1481 1758 1547 scilicet

211 1598 497 1678 infantis,
553 1620 670 1666 nec
719 1613 894 1666 tenet
932 1601 1158 1666 contra
1213 1597 1507 1663 debitum
1568 1595 1750 1674 fidei,

204 1730 262 1783 et
296 1717 516 1783 cultus
574 1717 747 1803 quod
816 1716 1108 1784 strictius
1150 1716 1352 1802 ligat,
1394 1736 1511 1780 nec
1567 1725 1755 1780 tenet

206 1830 658 1897 universaliter
696 1842 922 1898 contra
954 1831 1312 1917 justitiam.
1361 1832 1433 1894 Et
1470 1831 1593 1895 hoc
1644 1828 1757 1893 vi-

202 1948 381 2015 detur
457 1969 691 2016 verum
768 1951 966 2017 etiam
1025 1948 1094 2015 in
1164 1947 1385 2014 multis
1444 1946 1612 2025 aliis,
1688 1959 1759 2012 ut

210 2075 324 2145 est,
377 2064 665 2152 exempli
727 2065 963 2152 gratia,
1033 2063 1346 2151 obligatio
1388 2075 1759 2129 contractus

214 2183 708 2251 matrimonialis
766 2184 937 2250 inter
977 2181 1305 2261 infideleS,
1352 2203 1500 2269 quae
1532 2193 1630 2247 est
1654 2180 1759 2266 ju-

218 2299 301 2365 ris
350 2300 689 2379 naturalis,
755 2320 884 2366 non
925 2312 1100 2367 tenet
1144 2300 1347 2365 altero
1397 2299 1757 2384 conjugum

219 2417 290 2482 ad
339 2416 535 2484 Iidem
597 2439 939 2498 converso,
1011 2419 1074 2483 in
1120 2416 1572 2504 praejudicium
1609 2414 1757 2480 fidei

149 2605 150 2610 γ
221 2549 281 2600 ει
316 2534 682 2623 religioniS,
737 2535 998 2623 quando
1036 2537 1262 2601 subest
1312 2534 1440 2600 tale
1509 2534 1760 2621 pericu-

148 2617 393 2732 'telum
440 2672 571 2718 non
627 2652 789 2739 ligat
845 2651 1169 2718 restitutio
1222 2650 1445 2730 debiti,
1501 2648 1760 2736 quando

147 2787 175 2822 >-
229 2782 408 2856 urget
479 2769 834 2835 necessitas
900 2768 1291 2855 gravissima
1347 2766 1750 2846 debitorem;

230 2903 350 2949 non
393 2898 586 2972 urget
633 2884 925 2952 debitum
965 2885 1309 2971 conjugale
1365 2904 1512 2948 cum
1553 2883 1759 2948 abusu

224 3012 436 3068 contra
469 3001 1005 3089 temperantiam;
1048 3022 1177 3067 non
1220 3012 1410 3088 urget
1441 2999 1581 3085 ipsa
1612 2998 1760 3065 sub·

216 3115 405 3202 jectio
456 3117 575 3184 filii
609 3119 1013 3206 parentibus,
1050 3117 1310 3206 quando
1352 3116 1650 3203 pervenit
1680 3117 1758 3182 ad

221 3253 402 3302 usum
435 3236 735 3319 rationiS,
780 3256 929 3303 cum
974 3235 1265 3323 periculo
1306 3234 1760 3302 subversionis

219 3351 532 3438 propriae;
627 3373 754 3419 non
800 3365 989 3438 urget
1048 3366 1448 3439 praeceptum
1500 3351 1579 3416 de
1631 3371 1758 3416 non

220 3467 558 3536 auferenda
600 3491 669 3536 re
708 3469 942 3546 aliena,
989 3469 1249 3555 quando
1302 3468 1615 3555 praevalet
1647 3490 1756 3534 ex-

221 3592 414 3652 trema
471 3587 851 3664 necessitas,
897 3586 954 3652 si
996 3585 1306 3652 dominus
1346 3597 1446 3652 est
1486 3584 1752 3660 nolens:

221 3716 338 3763 non
375 3714 563 3789 urget
617 3715 1014 3790 praeceptum
1076 3700 1510 3768 conservandi
1554 3700 1753 3766 vitam

224 3833 330 3897 per
369 3818 783 3898 medicinam,
821 3830 883 3884 et
912 3817 1036 3884 alia
1078 3817 1401 3904 exquisita
1445 3818 1752 3893 remedia,

228 3950 366 4016 quae
446 3934 844 4000 exhauriunt
919 3934 1246 4020 integram
1325 3934 1757 4001 substantiam

225 4047 401 4131 aegri,
458 4050 521 4117 in
573 4050 1043 4117 detrimentum
1095 4049 1320 4117 uxoris
1379 4063 1444 4116 et
1475 4049 1755 4115 filiorum

230 4173 289 4227 et
324 4164 610 4234 familiae.

313 4292 500 4359 Aliud
540 4315 698 4380 ergo
747 4305 845 4359 est
885 4305 1182 4379 parentes
1222 4294 1460 4359 habere
1493 4294 1605 4380 jus
1645 4294 1759 4359 ab·

232 4415 428 4486 solute
488 4422 553 4485 in
621 4418 828 4486 filium
893 4420 1229 4495 infantem,
1294 4432 1356 4484 et
1428 4417 1603 4484 aliud
1662 4432 1761 4483 est

225 4539 328 4622 jus
367 4543 748 4628 praedictum
808 4564 955 4609 cum
1005 4544 1183 4609 omni
1243 4543 1631 4610 limitatione
1698 4556 1761 4609 et

231 4682 644 4735 concurrente
704 4690 784 4734 ex
835 4690 962 4735 una
994 4684 1196 4756 parte,
1255 4668 1598 4757 iniquitate
1646 4691 1760 4755 pa-

234 4792 445 4878 rentis,
485 4807 546 4861 et
578 4794 723 4861 aliis
762 4796 1295 4874 circumstantiiS,
1343 4816 1504 4881 quas
1547 4798 1760 4860 hacte-

234 4933 346 4982 nus
399 4921 857 5006 explicuimus,
911 4921 1309 4998 subsistere;
1376 4941 1521 4986 nam
1593 4921 1760 4985 inter

233 5037 396 5122 ipsos
425 5045 741 5132 opposita}
782 5046 1124 5111 sententiae
1159 5049 1484 5123 DoctoreS,
1526 5044 1592 5109 in
1632 5045 1756 5109 alia

235 5172 601 5251 quaestione,
646 5171 726 5237 de
765 5171 1247 5258 dispensatione
1288 5172 1452 5260 legis
1502 5184 1757 5237 natura-

234 5285 328 5368 lis,
373 5294 527 5359 nihil
588 5307 687 5363 est
719 5294 931 5381 magis
988 5294 1262 5380 vulgare
1313 5315 1509 5381 quam
1562 5309 1756 5361 mate·

236 5413 405 5487 riam.
447 5419 614 5505 legis
668 5418 1009 5498 naturalis,
1046 5420 1394 5487 accedente
1439 5442 1606 5486 nova
1637 5422 1757 5486 cir-

234 5544 625 5621 cumstantia,
673 5542 759 5611 ita
811 5541 1078 5623 variari,
1145 5556 1215 5610 ut
1271 5544 1528 5611 desinat
1593 5544 1756 5609 obli·

3318 398 3438 461 495

1875 571 2053 635 gare,
2125 572 2238 636 per
2280 553 2421 619 brec
2496 553 2813 621 solvendo
2881 558 3203 644 exempla,
3279 581 3428 647 quae

1871 666 2433 751 dispensationem
2476 685 2742 736 sonant.

1959 782 2272 856 Quamvis
2349 806 2507 870 ergo
2587 800 2890 873 parentes
2967 791 3249 858 habeant
3319 793 3430 879 jus

1869 895 2190 976 absolute,
2251 897 2406 966 illud
2470 921 2599 967 non
2639 904 3016 973 extenditur
3055 908 3134 973 ad
3172 909 3429 973 materi-

1870 1028 1999 1087 am,
2048 1009 2114 1075 in
2185 1015 2421 1097 quavis
2479 1015 2991 1098 circumstantia,
3076 1042 3226 1108 quas
3286 1043 3429 1088 eam

1870 1125 2139 1190 omnino
2191 1141 2420 1209 mutat,
2480 1131 2690 1215 qualis
2732 1147 2831 1199 est
2873 1135 3184 1221 quaelibet
3216 1158 3297 1203 ex
3327 1137 3427 1203 di-

1868 1240 2010 1305 ctis,
2077 1240 2183 1306 Sic
2241 1243 2548 1329 Princeps
2599 1246 2795 1312 habet
2848 1252 2959 1335 jus
3006 1251 3072 1316 in
3116 1272 3424 1337 regnum,

1869 1355 2038 1439 quod
2111 1358 2326 1441 potius
2394 1372 2619 1427 estex
2680 1362 2834 1444 fine,
2884 1386 3076 1452 quam
3137 1367 3430 1453 parentis

1866 1468 1933 1534 in
1978 1470 2169 1550 lilios,
2236 1473 2389 1560 quia
2429 1476 2484 1542 si
2531 1481 2887 1547 necessitas
2927 1482 3155 1548 subest
3190 1484 3431 1569 Reipu-

1871 1586 2085 1664 blicae,
2155 1604 2365 1674 potest
2407 1593 2668 1678 privare
2709 1610 3071 1680 parentem,
3122 1619 3429 1686 separan-

1867 1699 2204 1788 dosiilium
2247 1726 2323 1771 eo
2369 1707 2603 1789 invit0,
2650 1723 2712 1775 ει
2753 1713 3142 1798 exponendo
3176 1736 3290 1800 pro
3323 1738 3429 1783 sa-

1863 1816 1997 1885 lute
2042 1820 2488 1907 Reipublicae,
2562 1828 2673 1894 sed
2712 1830 2824 1915 jus
2882 1853 3012 1897 non
3064 1835 3281 1914 babet,
3363 1856 3431 1903 ut

1869 1940 2209 2021 tyrannice
2240 1962 2315 2005 co
2358 1955 2599 2023 utatur,
2663 1958 2726 2013 ει
2784 1964 3010 2016 contra
3054 1949 3252 2019 finem
3312 1954 3425 2020 de·

1875 2051 2081 2118 bitum
2133 2053 2199 2119 in
2243 2058 2499 2126 ruinam
2556 2063 2983 2148 Reipublicae,
3021 2069 3125 2134 cui
3168 2080 3429 2135 tenetur

1869 2167 1948 2233 de
2010 2186 2181 2237 recta
2248 2174 2869 2260 administratione;
2975 2197 3159 2269 pater
3234 2188 3430 2254 habet

1863 2285 1976 2370 jus
2045 2286 2111 2352 in
2173 2288 2368 2371 filios,
2434 2293 2749 2362 familiam
2818 2310 2883 2365 et
2960 2302 3421 2384 substantiam,

1871 2415 2088 2467 tamen
2130 2404 2182 2468 si
2226 2421 2324 2471 est
2365 2409 2706 2496 prodigus,
2780 2415 3190 2502 abliguriens
3224 2423 3425 2504 patri-

1872 2518 2191 2599 monium,
2227 2537 2291 2587 et
2333 2545 2639 2609 perverse
2682 2543 2870 2596 utens
2924 2553 3044 2598 suo
3090 2536 3265 2621 jure,
3318 2558 3428 2625 po-

1871 2643 1995 2699 test
2038 2636 2284 2719 privari
2330 2640 2436 2706 illo
2500 2643 2673 2728 jure.
2750 2648 2899 2713 Haec
2966 2645 3057 2739 et]
3099 2650 3283 2736 plura
3344 2676 3426 2720 ex

1870 2749 2060 2816 unica
2120 2753 2227 2819 illa
2284 2757 2559 2838 ratione,
2617 2776 2681 2827 et
2713 2764 2798 2829 sit
2863 2765 3051 2833 unica
3103 2771 3426 2850 Doctoris,

1871 2867 2104 2934 elicere
2184 2893 2561 2957 possumus.
2611 2879 3007 2966 Redargutio
3047 2898 3268 2951 autem
3333 2890 3427 2953 al-

1872 2984 1996 3051 lata
2036 2986 2115 3050 ab
2176 3008 2251 3053 eo
2300 2989 2526 3076 (quasi
2588 2995 2885 3080 privatus
2956 3014 3200 3086 posset,
3250 3007 3427 3091 quod

1874 3101 1938 3166 in
1974 3115 2195 3168 nostro
2224 3125 2376 3172 casu
2413 3123 2631 3195 posset
2665 3114 3012 3205 princeps)
3057 3118 3122 3183 in
3166 3141 3431 3207 respon·
3480 3099 3485 3118 N

1870 3220 2075 3299 sione,
2115 3236 2215 3287 est
2246 3225 2403 3290 satis
2439 3226 2504 3292 in
2536 3229 2831 3298 doctrina
2868 3232 3094 3300 morali
3130 3236 3418 3319 infirma,

1872 3334 2022 3419 quia
2073 3336 2268 3404 homo
2321 3342 2615 3425 privatus
2658 3349 2884 3434 nequit
2933 3352 3077 3419 sine
3146 3357 3431 3422 auctori-

1873 3462 2000 3518 tate
2043 3454 2341 3540 ingerere
2397 3481 2467 3525 se
2523 3461 3073 3535 administrationi
3146 3474 3431 3557 publicae

1870 3588 2082 3655 neque
2133 3583 2368 3657 potest,
2404 3595 2478 3640 ac
2511 3578 2785 3662 proinde
2855 3585 3081 3671 nequit
3164 3588 3431 3674 privare

1871 3696 2200 3768 parentcS,
2245 3701 2365 3753 aut·
2414 3689 2577 3756 alios
2618 3716 2734 3759 sua
2800 3701 3241 3781 possessione,
3309 3707 3430 3772 eti-

1871 3820 1972 3863 am
2017 3800 2266 3887 iniqua,
2320 3825 2399 3869 ex
2443 3809 2704 3891 propria
2757 3815 3146 3883 auctoritate
3166 3846 3185 3901 A,-
3232 3821 3287 3886 si
3331 3834 3423 3887 ta-

1877 3936 2025 3981 men
2090 3938 2283 3985 casus
2343 3936 2657 3993 extremae
2709 3933 3117 4000 necessitatis
3152 3936 3430 4007 infantis

1874 4047 2163 4118 urgeret,
2222 4056 2430 4123 neque
2470 4040 2638 4108 alius
2678 4045 2957 4128 adesset,
3020 4067 3243 4138 posset
3275 4077 3427 4123 cum

1874 4150 2079 4214 invito
2112 4166 2377 4237 parente
2410 4156 2731 4242 baptizare
2758 4164 2895 4248 jam
2932 4169 3423 4255 moribundum,

1873 4277 1941 4331 ut
1991 4266 2089 4332 vel
2152 4268 2275 4353 ipsi
2323 4271 2515 4338 ctiam
2568 4276 2836 4346 alterius
2899 4286 3250 4354 sententia}
3310 4291 3426 4355 do-

1871 4392 2042 4447 cent.
2088 4384 2365 4469 Sequela
2406 4409 2565 4476 ergo
2615 4391 2788 4460 illata
2828 4416 2908 4462 ex
2948 4397 3243 4469 doctrina
3296 4408 3425 4470 Do-

1870 4496 2072 4566 ctoris
2114 4522 2241 4567 non
2296 4508 2511 4572 estad
2574 4513 3007 4597 propositum,
3075 4540 3285 4607 neque
3341 4544 3422 4589 ex

1875 4614 2219 4703 principiis
2277 4619 2419 4705 ejus
2460 4624 2783 4709 sequitur.

1962 4735 2381 4819 Respondent
2451 4740 2558 4805 alii
2622 4762 2753 4809 non
2802 4766 2945 4812 esse
3024 4764 3249 4819 contra
3310 4756 3421 4842 jus
3469 4730 3661 4844 Ram·

3608 4810 3750 4845 onslo

1871 4860 2218 4933 paternum
2289 4855 2598 4942 baptizari
2676 4860 2989 4932 infantem
3050 4888 3125 4933 eo
3184 4870 3413 4955 invito,
3492 4810 3726 4911 alig-um,

3592 4921 3645 4971 Si

1872 4965 1986 5030 sed
2035 4970 2325 5054 separari
2393 4986 2565 5039 esset
2633 4992 2857 5044 contra
2890 4981 3001 5066 jus
3049 4998 3415 5071 paternum,
3470 4983 3755 5097 Ῑξζθὶζῑῑῗξέι

1875 5102 2023 5167 quse
2090 5098 2307 5151 tamen
2384 5092 2708 5175 separatio
2784 5102 3148 5167 necessaria
3216 5104 3408 5172 foret.
3480 5082 3715 5236 sesstgffie

1874 5198 2133 5279 Contra,
2200 5200 2252 5264 si
2314 5222 2442 5268 non
2483 5217 2582 5270 est
2639 5222 2863 5275 contra
2920 5211 3031 5296 jus
3080 5231 3422 5301 parentum

1870 5311 2201 5398 baptizare
2241 5318 2582 5404 infantem,
2638 5325 2719 5391 iis
2762 5329 3010 5411 invitiS,
3068 5335 3283 5404 minus
3324 5352 3423 5407 est

1867 5444 2091 5496 contra
2155 5434 2324 5501 idem
2395 5438 2707 5509 infantem
2782 5446 3177 5531 baptizatum
3238 5476 3422 5543 sepa-

1870 5568 2044 5630 rare,
2082 5549 2136 5616 si
2189 5552 2275 5619 sit
2315 5576 2604 5639 necesse,
2670 5560 2846 5647 quia,
2914 5582 3218 5655 suscepto
3298 5575 3419 5641 Ba-
