4255 6375
757 326 874 389 300

480 513 660 573 pm
756 489 1106 570 disparato,
1164 497 1374 573 potuit.
1414 498 1631 558 autem
1671 495 1760 557 ita
1818 495 2202 576 contingere
2235 512 2319 557 ex

440 575 703 693 ⁶22⁸&sp
759 607 1003 671 malitia
1031 611 1328 675 ministri.
1376 611 1563 675 Unde
1613 611 1903 676 Gnostici
1948 611 2126 691 apud
2179 614 2317 675 Ire-

447 701 694 757 ¹⁹⁸¹¹³⁸¹¹⁸·
761 739 970 787 naeum
1014 725 1126 789 lib.
1178 729 1230 789 1.
1286 743 1430 806 cap.
1490 728 1582 790 18.
1634 729 1700 791 in
1748 731 2005 790 nomine
2051 726 2202 808 (seu
2250 730 2317 790 in

761 855 1011 911 nomen,
1043 845 1117 902 ut
1147 839 1323 919 apud
1355 841 1518 904 alios
1546 839 1811 923 legitur)
1847 845 2063 905 Patris
2091 844 2313 919 ἱρηοιί,

761 961 818 1018 et
867 960 1152 1019 veritatis
1210 962 1444 1019 matris
1503 963 1815 1027 omnium.
1881 960 2318 1024 descendentis

756 1075 929 1147 lesu,
1004 1078 1129 1136 etc.
1192 1075 1634 1153 baptizabant.
1705 1076 1859 1150 Quae
1922 1074 2132 1138 forma
2186 1080 2316 1138 tam

761 1190 1086 1268 disparata
1141 1191 1422 1264 videtur,
1476 1209 1674 1272 quam
1728 1193 1924 1269 prior,
1961 1193 2218 1254 etiamsi
2249 1193 2314 1252 in

759 1323 962 1369 sensu
1018 1307 1499 1389 intelligeretur
1539 1308 1798 1371 diverso
1846 1308 1928 1370 ab
1971 1326 2050 1371 eo
2113 1323 2315 1387 quem

753 1424 882 1501 jam
912 1423 1403 1502 explicavimus,

476 1548 669 1669 Qffi'na
842 1542 1080 1617 Quinta
1111 1543 1341 1623 regula
1371 1562 1386 1603 ε
1421 1545 1729 1604 Eamdem
1761 1559 1893 1604 esse
1930 1542 2226 1617 sormam
2257 1547 2313 1602 et

475 1678 671 1737 regula.
763 1660 1114 1719 materiam
1152 1664 1732 1721 sacramentorum
1766 1674 1895 1735 per
1940 1659 2316 1718 universam

412 1737 706 1847 οιξὲζῑῗζ.-
764 1775 1436 1847 Ecclesiam,eamdem
1466 1777 1607 1838 dico
1639 1777 1860 1853 quoad
1888 1774 2311 1836 substantiam

502 1874 642 1912 '¹¹³¹’
763 1898 819 1952 et
867 1894 1232 1955 essentiam.
1284 1893 1424 1955 Haec
1472 1895 1574 1953 est
1629 1890 1714 1954 de
1761 1889 1917 1962 fide,
1977 1895 2042 1951 et
2086 1894 2311 1951 contra

762 2007 1084 2086 quosdam
1129 2008 1515 2072 canonistas
1562 2009 1628 2071 in
1676 2024 1824 2087 cap.
1883 2009 1936 2070 l.
1980 2009 2056 2069 de
2096 2009 2313 2084 Bapti-

759 2139 920 2196 smo.
957 2127 1067 2205 qui
1112 2131 1342 2204 putant
1371 2127 1437 2187 in
1467 2125 1752 2189 Ecclesia
1784 2125 1999 2187 Graeca
2045 2104 2312 2186 suffice-

761 2257 833 2304 re
866 2244 1312 2320 praescriptam
1355 2241 1633 2306 formam
1687 2243 2066 2319 baptizetur,
2097 2247 2224 2302 etc.
2258 2240 2311 2300 si

762 2356 906 2437 quis
966 2361 1186 2421 tamen
1246 2358 1311 2419 in
1369 2358 1590 2420 Latina
1654 2374 1732 2419 ea
1784 2363 2104 2430 uteretur,
2149 2358 2311 2419 nihil

411 2458 731 2571 Fungffiaeu·
761 2473 1033 2536 faceret.
1092 2474 1276 2537 Ratio
1341 2473 1633 2536 veritatis
1687 2478 1812 2547 est,
1872 2474 2023 2552 quia
2077 2475 2311 2537 Sacra-

428 2583 708 2697 Pssfffflgoe
761 2598 981 2654 menta
1030 2592 1251 2672 quoad
1322 2593 1759 2655 substantiam
1830 2608 1959 2653 non
2028 2592 2310 2655 subsunt

523 2663 556 2713 g
658 2682 672 2697 ’
756 2711 1083 2788 Ecclesiae,
1139 2711 1258 2773 sed
1325 2710 1545 2789 quoad
1618 2710 2183 2788 dispensationem
2243 2716 2312 2773 et

755 2832 955 2892 ritum
997 2826 1474 2890 accidentalem
1536 2844 1658 2890 seu
1716 2831 2181 2903 extrinsecum,
2238 2833 2310 2889 ut

758 2945 1069 3025 supponit
1094 2934 1546 3008 Tridenti'num
1570 2962 1718 3008 sess.
1751 2948 1851 3008 21.
1886 2963 2032 3023 cap.
2063 2948 2123 3008 2.

529 3137 537 3146 .
840 3063 1128 3123 Fuerunt
1171 3065 1237 3123 et
1289 3061 1396 3122 alii
1456 3077 1713 3123 errores
1777 3062 1944 3123 circa
2005 3062 2306 3124 substan-

448 3136 689 3251 'ralegh
762 3181 912 3241 tiam
956 3177 1180 3242 formae
1231 3156 1663 3257 baptismalis.
1719 3183 1794 3240 ut
1849 3178 2109 3241 illorum
2198 3182 2307 3259 qui

404 3270 725 3391 cffiffffssfiss
759 3299 823 3357 in
867 3294 1133 3357 nomine
1195 3296 1386 3357 trium
1440 3291 1701 3356 Patrum
1771 3296 1875 3358 vel
1933 3294 2129 3358 trium
2185 3296 2303 3357 Pa·

754 3412 1174 3478 racletorum.
1240 3415 1536 3488 tempore
1579 3414 2044 3491 Apostolorum
2093 3416 2307 3491 bapti-

756 3530 1024 3596 zabant.
1099 3528 1184 3591 de
1257 3529 1496 3607 quibus
1558 3545 1765 3590 canon
1845 3531 1947 3592 48.
2027 3531 2132 3592 vel
2200 3531 2302 3593 49.

751 3646 1239 3724 Apostolorum.
1319 3645 1727 3720 Marcionitae,
1798 3647 1910 3725 qui
1993 3653 2058 3710 et
2127 3648 2303 3710 Gno-

754 3763 925 3835 stici,
1020 3763 1360 3842 negabant
1439 3763 1651 3823 Deum
1739 3763 2024 3835 Patrem,
2108 3782 2307 3844 quem

755 3881 1230 3942 annuntiarunt
1265 3878 1608 3955 Scripturae
1657 3883 1723 3943 et
1769 3880 2105 3958 Prophetae
2157 3899 2305 3944 esse

755 4002 1011 4074 patrem
1057 3995 1316 4057 Domini
1348 3996 1577 4068 nostri,
1612 3998 1763 4075 quia
1793 3996 1901 4058 bic
1952 4002 2147 4059 notus
2180 4004 2303 4070 est,

755 4110 865 4172 ille
908 4126 1065 4171 vero
1125 4111 1420 4189 ignotus,
1476 4108 1629 4172 ideo
1688 4110 2044 4172 utebantur
2096 4110 2308 4174 forma

757 4229 1086 4306 praemissa
1140 4245 1154 4287 :
1210 4230 1279 4287 In
1324 4231 1578 4289 nomine
1620 4229 1840 4289 Patris
1884 4230 2112 4305 iqnotae’,
2174 4233 2301 4292 etc.

755 4341 1159 4404 Paulianistae
1219 4340 1418 4403 etiam
1474 4357 1604 4402 non
1677 4343 2031 4406 servabant
2081 4361 2303 4406 veram

756 4456 1051 4529 formam,
1129 4459 1295 4520 sicut
1352 4462 1418 4518 et
1473 4457 1925 4539 cataphryges
1987 4464 2040 4522 l.
2108 4479 2169 4538 q.
2249 4464 2302 4524 l.

753 4576 967 4636 Nicen.
1004 4591 1144 4635 can.
1185 4573 1278 4637 19.
1311 4574 1528 4636 Ariani
1564 4576 1762 4637 etiam
1795 4577 2307 4655 corrumpebant

752 4690 1052 4763 formam,
1096 4691 1479 4754 Arelatense
1513 4694 1559 4753 1.
1593 4710 1735 4755 can.
1792 4694 1850 4756 8.
1901 4696 2307 4773 Nicephorus

753 4808 865 4868 lib.
921 4808 1015 4870 13.
1075 4825 1218 4883 cap.
1283 4809 1383 4871 35.
1447 4809 1828 4873 Eunomiani
1902 4811 2307 4892 quandoque

755 4940 886 4986 non
941 4924 1363 5003 baptizabant
1411 4925 1477 4987 in
1530 4926 1797 4989 nomine
1846 4928 2040 4989 trium
2083 4946 2306 5007 perso-

752 5057 1006 5112 narum,
1080 5040 1202 5104 sed
1253 5044 1322 5106 in
1382 5044 1636 5106 Domini
1707 5050 1946 5118 morte,
2006 5046 2307 5113 Socrates

755 5156 867 5219 lib.
917 5157 976 5218 5.
1012 5176 1064 5220 e.
1110 5158 1212 5220 23.
1264 5161 1417 5221 Can.
1451 5158 1550 5220 50.
1585 5158 2054 5234 Apostolorum.

836 5271 931 5354 (g)
961 5277 1050 5335 De
1076 5275 1446 5337 nominibus
1473 5277 1996 5352 sz’qm‘sicantibus
2009 5282 2309 5356 proprie·

758 5396 944 5463 tates,
995 5398 1118 5453 etc.
1164 5391 1510 5469 Proposuit
1549 5393 1844 5471 quinque
1876 5395 2133 5471 modos,
2170 5397 2308 5474 qui-

761 5506 887 5571 bus
914 5506 1187 5570 mutatio
1216 5506 1357 5571 fieri
1387 5514 1609 5586 potest
1648 5510 1713 5570 in
1758 5510 1881 5573 hac
1912 5510 2143 5585 forma,
2189 5529 2312 5590 per

532 5331 610 5381 34.

1904 332 2050 394 Llss.
2083 332 2183 393 tv,
2230 332 2821 395 SEN'I'ENTIARUM

2428 496 2862 558 variationem
2914 496 3237 560 dictionlS.
3287 498 3490 560 Primo
3528 498 3714 569 modo,
3734 501 3875 562 utsit

2427 614 2698 675 variatio
2770 613 3141 676 secundum
3196 631 3433 678 sonum
3488 614 3785 685 dumtaxat,
3831 623 3880 677 et

2430 741 2561 787 non
2613 727 2835 804 quoad
2897 727 3464 808 significationem,
3528 732 3625 789 aut
3668 727 3881 791 modum

2430 840 2866 923 significandi,
2928 847 2994 906 et.
3050 845 3196 907 haec
3252 844 3513 907 variatio
3561 861 3673 906 non
3707 842 3880 907 officit

2427 959 2570 1021 Alio
2616 958 2813 1022 modo
2858 968 2930 1022 ut
2969 960 3237 1022 variatio
3268 960 3352 1022 sit
3396 957 3601 1038 quoad
3625 957 3887 1040 significa·

2431 1082 2674 1140 tionem
2719 1077 2923 1148 vocis,
2970 1085 3036 1140 et
3071 1075 3527 1159 significatum,
3562 1077 3655 1138 vel
3675 1078 3889 1139 omuino

2431 1194 2863 1272 disparatum,
2923 1200 2989 1256 et
3043 1195 3134 1255 sic
3192 1193 3351 1256 nihil
3392 1191 3525 1263 fiet,
3569 1193 3661 1253 vel
3700 1210 3888 1257 conve·

2428 1313 2619 1375 niens
2660 1312 2727 1373 in
2756 1327 2853 1384 re,
2899 1309 3019 1373 sed
3064 1312 3254 1373 aliter
3293 1308 3671 1391 significans,
3712 1316 3771 1371 et
3804 1310 3894 1372 sub

2429 1428 2550 1490 alia
2622 1428 2879 1489 ratione
2951 1442 3151 1506 quam
3217 1423 3494 1487 formam
3569 1428 3896 1503 praemisssm

2430 1543 2837 1622 exprimitur,
2896 1543 3078 1605 verbi
3144 1545 3381 1623 gratia,
3452 1544 3507 1604 si
3560 1542 3895 1620 explicentur

2429 1663 2560 1721 tres
2616 1676 2913 1738 personae
2987 1675 3109 1737 per
3164 1658 3519 1721 dictionem
3562 1658 3897 1720 collectivam

2432 1776 2784 1850 Trinitatis,
2816 1776 2920 1837 vel
2953 1792 3072 1854 per
3101 1776 3540 1854 proprietates
3578 1776 3897 1847 notionales,

2424 1898 2498 1955 ut
2550 1893 2878 1971 muueris,
2922 1895 3127 1970 qenai
3164 1900 3222 1954 et
3266 1893 3695 1969 procedentis:
3735 1892 3822 1952 vel
3858 1891 3900 1949 in

2425 2010 2643 2089 aliquo
2676 2027 2796 2088 per
2824 2010 3093 2072 modum
3142 2009 3418 2072 effectus
3470 2007 3766 2070 denotans
3807 2016 3904 2069 tres

2425 2144 2766 2207 personaS,
2818 2128 2988 2190 sicut
3048 2129 3334 2190 Christus
3390 2126 3658 2189 denotat
3703 2141 3903 2207 ungen-

2426 2252 2584 2318 tem,
2629 2244 2739 2323 qui
2790 2247 2892 2305 est
2934 2248 3146 2322 pater,
3195 2246 3493 2316 unctum,
3523 2246 3632 2323 qul
3656 2248 3747 2304 est
3779 2242 3901 2319 ipse.

2424 2366 2490 2425 et
2572 2361 2971 2433 unctionem,
3062 2378 3202 2440 quae
3270 2359 3599 2441 significat
3658 2359 3901 2436 Spiritum

2421 2482 2748 2542 sanctum.
2817 2480 2910 2539 Ac
2985 2477 3254 2539 tandem
3324 2477 3598 2538 resolvit
3661 2474 3797 2555 quid
3849 2475 3903 2535 sit

2421 2596 2785 2659 tenendum
2816 2595 2982 2657 circa
3016 2593 3191 2656 illam
3220 2592 3502 2656 formam
3548 2610 3565 2653 ε
3614 2592 3837 2667 Baptizo
3863 2595 3901 2649 te

2421 2717 2488 2776 in
2545 2717 2801 2775 nomine
2839 2714 3150 2789 qenitoris
3190 2717 3247 2772 et
3286 2712 3513 2788 geniti,
3546 2715 3602 2771 et
3623 2708 3900 2788 proceden-

2419 2833 2523 2905 tis,
2558 2836 2685 2892 etc.

2502 2948 2667 3009 Dicit
2690 2964 2850 3026 ergo
2881 2942 3160 3008 formam
3204 2943 3383 3004 illam
3412 2958 3549 3004 non
3594 2957 3730 3003 esse
3765 2936 3901 3001 suffl-

2421 3063 2730 3135 cientem,
2792 3078 2936 3140 quae
2986 3067 3087 3123 est
3154 3060 3545 3122 communis.
3614 3039 3953 3148 Altisiod0·[

2416 3180 2630 3245 rensis
2687 3181 2798 3242 lib.
2858 3180 2917 3241 3.
2981 3183 3268 3250 Summae
3321 3182 3512 3238 tract.
3567 3177 3623 3239 3.
3693 3191 3814 3250 cap.
3856 3166 3969 3231 miz

2417 3300 2674 3361 Alensis
2718 3305 2777 3357 4.
2831 3300 3007 3373 part.
3069 3300 3285 3372 quaest.
3346 3294 3405 3356 8.
3468 3309 3553 3353 m.
3612 3294 3667 3354 3.
3716 3294 3820 3350 art.
3856 3289 3896 3348 3.
3919 3269 3957 3401 g-

2422 3418 2495 3477 υ.
2542 3416 2799 3479 Tliomae
2832 3415 2890 3476 3.
2923 3418 3097 3490 part.
3132 3416 3351 3488 quaest.
3397 3412 3499 3474 66.
3535 3415 3656 3471 art.
3685 3410 3737 3470 5.
3768 3406 3840 3466 ad
3856 3405 3898 3462 7.
3943 3414 3973 3510 ἐς

2420 3537 2493 3595 D.
2542 3535 3011 3595 Bonaventurae
3041 3544 3187 3589 cum
3215 3527 3486 3605 reliquis
3515 3519 3902 3587 Sententiariis
3944 3512 3953 3522 “

2417 3653 2485 3712 in
2526 3651 2650 3711 hac
2689 3649 2833 3711 dist.
2895 3647 3087 3708 Sotus
3143 3651 3358 3708 autem
3409 3650 3611 3724 negat
3660 3645 3720 3705 in
3764 3636 3901 3717 praxi

2420 3781 2568 3829 esse
2612 3763 3026 3842 sequendam
3059 3761 3446 3823 contrariam
3475 3779 3490 3833 ;
3528 3753 3816 3839 quidquid
3846 3752 3904 3813 sit

2420 3883 2503 3944 de
2546 3883 2815 3944 veritate
2861 3879 3007 3957 ejus
3052 3876 3479 3955 speculativa,
3565 3889 3747 3955 quam
3787 3884 3898 3948 pro·

2417 3998 2705 4060 habilem
2763 3995 2960 4057 etiam
3026 3998 3258 4055 censet
3321 3992 3562 4053 Suarez
3626 3991 3769 4063 disp.
3825 3983 3897 4045 2¹.

2415 4122 2563 4176 sect.
2596 4113 2655 4172 4.
2690 4125 2823 4172 non
2853 4112 2919 4169 in
2947 4124 3074 4169 usu
3094 4106 3531 4186 sequendam.
3567 4103 3898 4168 contrariam

2418 4231 2835 4311 amplectitur
2887 4227 3239 4309 Cajetanus
3309 4240 3512 4303 super
3572 4228 3690 4284 art.
3739 4222 3789 4281 5.
3844 4216 3896 4275 D.

2416 4351 2683 4411 Thomae
2737 4349 2882 4409 loco
2930 4347 3148 4419 citato,
3184 4346 3251 4405 et
3292 4342 3571 4404 Victoria
3614 4341 3684 4403 de
3732 4333 3897 4410 Bapti-
3942 4383 3965 4432 P

2417 4482 2553 4527 smo
2587 4465 2627 4545 S
2671 4466 2767 4528 14.
2816 4462 3131 4524 Probatur
3177 4460 3432 4521 ratione
3480 4455 3754 4518 Doctoris
3779 4462 3891 4511 sen·
3930 4459 4021 4552 012³

2421 4582 2621 4647 tentia
2655 4577 3045 4652 communiS,
3105 4576 3256 4654 quia
3285 4575 3461 4637 sicut
3482 4571 3703 4635 Judaeis
3724 4565 3891 4628 datum

2421 4704 2524 4761 est
2550 4712 2794 4760 nomen
2824 4694 3087 4765 lehova,
3119 4695 3728 4773 Tetragrammaton.
3760 4672 3889 4760 quod

2418 4805 2744 4888 significat
2786 4807 2997 4867 Deum
3038 4805 3160 4866 sub
3188 4805 3446 4866 ratione
3478 4797 3747 4864 essentiae
3779 4804 3886 4869 pro-
3908 4832 3980 4882 Q

2419 4929 2596 5007 priae,
2631 4931 2697 4990 et
2726 4926 2913 5006 quus
2946 4929 3121 4988 esset
3139 4939 3301 4985 usus
3330 4918 3684 4983 invocando
3712 4914 3886 4975 Deum,
3919 4970 3936 5004 Ι
3957 4893 4004 5012 ‘¹¹'

2422 5051 2487 5108 et
2533 5043 2960 5123 protestando
2990 5039 3189 5103 fidem
3218 5038 3415 5101 unius
3461 5037 3604 5109 Dei,
3647 5043 3771 5111 quae
3801 5021 3885 5083 fuit

2422 5162 2722 5240 explicita
2792 5161 2860 5222 in
2942 5158 3249 5221 omnibus
3319 5161 3384 5217 et
3452 5148 3707 5234 singulis
3760 5138 3884 5202 illius

2419 5280 2613 5361 legiS‚
2662 5280 2744 5341 ita
2793 5278 3014 5344 etiam.
3059 5264 3232 5337 ‘cum
3287 5271 3453 5334 fides
3507 5263 3789 5332 Trinitatis
3824 5250 3880 5311 sit

2422 5397 2720 5475 explicita
2767 5398 2834 5457 in
2890 5391 3132 5471 populo
3187 5390 3566 5462 Christiano,
3618 5381 3690 5445 ad
3738 5382 3876 5455 quam

2423 5525 2656 5573 omnes
2712 5513 3041 5581 tenentur,
3113 5507 3281 5567 sicut
3338 5502 3421 5567 ad
3481 5492 3872 5593 invocationem
4030 5488 4034 5566 Λ
