4255 6375
1311 431 1516 494 ms'r.
1562 432 1662 494 lll.
1691 429 2051 506 QUAEsTlo
2098 430 2173 493 11.
3315 422 3433 485 305

181 614 388 661 xeam
439 595 512 662 id
579 615 809 661 verum
885 606 1006 675 est,
1061 615 1210 661 cum
1242 615 1322 661 ex
1358 595 1497 680 ipsa
1556 584 1771 661 forma

181 711 434 796 probet
512 712 762 777 contra‘
811 710 1138 789 eumdem,
1197 715 1450 777 Patrem
1518 710 1758 778 distin-

179 829 302 915 gui
372 829 445 894 in
486 848 773 916 persona
803 849 838 894 a
872 828 1063 907 Filio;
1119 828 1293 895 unde
1349 827 1592 908 subdit,
1641 849 1778 893 non

179 945 258 1008 in
283 964 517 1009 unum
540 943 800 1031 (supple
828 943 1040 1031 quoad
1075 944 1447 1030 personas),
1474 966 1632 1010 nam
1660 965 1780 1010 nec

179 1060 567 1138 semel,sed
599 1081 719 1146 per
739 1062 1011 1148 sinqula
1047 1063 1316 1127 nomina
1349 1063 1419 1127 in
1458 1081 1779 1147 personas

179 1179 516 1264 sinqulas
585 1180 930 1265 tinqimur‚
1008 1179 1118 1246 ubi
1201 1189 1263 1244 et
1320 1179 1515 1245 ritum
1549 1190 1612 1244 et
1642 1178 1776 1243 for-

182 1312 366 1357 mam
417 1294 745 1378 Baptismi
788 1293 1118 1382 designat,
1183 1309 1255 1362 ut
1333 1306 1506 1361 recte
1573 1292 1772 1359 etiam

187 1407 498 1475 advertit
565 1411 890 1478 Pamelius
940 1413 1364 1478 annotatione
1425 1410 1634 1496 prima
1712 1410 1774 1475 in

192 1522 370 1589 libro
458 1527 761 1612 ejusdem
836 1528 1218 1594 Tertulliani
1288 1526 1371 1594 de
1409 1526 1772 1612 BaptismO.

197 1641 604 1731 Eodemque
675 1646 865 1711 modo
915 1667 1124 1712 canon
1160 1646 1471 1733 praefatus
1506 1649 1781 1731 Aposto-

195 1756 424 1827 lorum
507 1762 704 1828 tradit
756 1762 1029 1828 formam
1093 1762 1456 1855 baptizandi
1558 1774 1781 1827 contra

202 1879 578 1945 baereticos
630 1879 1030 1966 baptizantes
1091 1881 1165 1944 in
1235 1880 1505 1944 nominc
1572 1880 1780 1943 trium

205 1996 582 2080 principio
615 1997 1012 2073 carentium,
1057 2007 1125 2060 ut
1167 1997 1367 2060 trium
1419 1994 1774 2071 Filiorum,

206 2111 314 2175 vel
365 2112 590 2176 trium
653 2112 1171 2198 parm-letorum.
1207 2110 1518 2185 Quamvis
1564 2120 1779 2173 autem

210 2226 444 2293 versio
490 2228 743 2306 Latina,
806 2240 935 2297 tam
980 2227 1272 2314 Dionysii
1307 2226 1545 2312 Exigui
1583 2245 1781 2312 quam

208 2343 543 2424 Gratiani,
598 2355 814 2410 vertat
870 2345 941 2410 in
1000 2346 1268 2409 nominc
1301 2344 1529 2408 Patris
1568 2352 1629 2406 et
1670 2342 1785 2406 Fi-

212 2460 316 2537 lii,
357 2472 492 2527 etc.
550 2481 681 2526 non
732 2460 828 2527 sic
866 2460 1238 2527 continetur
1281 2460 1344 2524 in
1378 2472 1558 2526 textu
1604 2460 1786 2525 Gra}-

208 2594 310 2652 cO,
368 2576 492 2642 sed
547 2579 622 2641 in
683 2577 955 2642 Patrem
1014 2588 1073 2642 et
1139 2574 1413 2652 Filium,
1485 2588 1555 2639 ut
1607 2585 1781 2640 recte

216 2690 477 2757 notavit
551 2692 690 2779 ipse
727 2694 1043 2780 Vasquez,
1109 2690 1410 2778 quamvis
1478 2711 1607 2756 non
1679 2710 1781 2755 re-

211 2807 543 2891 spondeat
598 2808 720 2873 nisi
771 2807 851 2874 ad
881 2807 1608 2875 Tertullianum.Canon
1649 2826 1772 2871 au«

216 2938 349 2987 tem
406 2922 500 2989 ita
561 2924 807 2991 babet:
875 2926 956 2990 Si
1013 2926 1159 3011 quis
1237 2925 1624 3011 Episcopus,
1681 2922 1786 2987 vel

222 3039 609 3126 Presbyter,
663 3045 868 3128 juxta
942 3040 1220 3106 Domini
1274 3040 1776 3106 ordinationem

221 3177 359 3223 non
407 3158 861 3246 baptizaverit
905 3160 976 3225 in
1016 3158 1286 3224 Patrem
1335 3168 1397 3224 et
1440 3156 1691 3223 Filium
1720 3168 1780 3223 et

226 3274 572 3358 Spiritum.
599 3286 922 3355 sanctum,
966 3276 1082 3341 sed
1129 3277 1204 3340 in
1237 3287 1367 3342 tres
1420 3276 1774 3362 principio

230 3401 557 3475 esspertes,
600 3393 702 3458 vel
751 3402 882 3457 tres
924 3391 1156 3470 Filios,
1204 3406 1329 3459 etc.
1377 3392 1774 3478 deponatur.

232 3504 345 3570 Hic
402 3527 567 3594 ergo
597 3528 805 3574 canon
847 3506 1043 3574 tradit
1075 3508 1345 3574 sormam
1387 3521 1611 3573 contra
1645 3508 1778 3573 hae·

234 3621 469 3690 reticos
511 3624 917 3711 reprobatos,
963 3624 1132 3691 sicut
1161 3636 1224 3690 et
1255 3645 1462 3690 canon
1495 3645 1779 3710 sequens

237 3735 432 3803 ritum
462 3740 659 3805 trinae
696 3739 1162 3816 immersionis,
1208 3753 1432 3806 contra
1483 3761 1593 3805 eos
1673 3739 1781 3826 qui

244 3872 433 3920 unam
483 3867 735 3922 tantum
776 3855 1012 3922 dabant
1055 3857 1120 3922 in
1164 3856 1416 3922 Domini
1479 3868 1779 3932 mortem,

247 3969 661 4058 subjungens
722 3968 1037 4037 rationem
1093 3995 1107 4037 τ
1170 3992 1306 4035 non
1359 3972 1536 4036 enirn
1605 3971 1786 4036 dimit

248 4084 427 4152 nobis
464 4089 810 4166 Dominus,
858 4088 928 4152 in
977 4098 1184 4152 morte
1229 4108 1371 4151 mea
1413 4086 1596 4171 bapti
1606 4095 1781 4163 zato,

249 4202 353 4266 sed
381 4217 605 4270 euntes
641 4202 863 4269 docete
901 4224 1123 4268 omnes
1163 4214 1392 4289 gyrantes
1431 4203 1785 4288 baptizan-

252 4325 331 4382 tes
359 4341 460 4387 eos
497 4324 574 4388 in
613 4320 882 4387 nomine
924 4320 1174 4398 Patris,
1223 4331 1346 4385 etc.
1397 4319 1576 4386 Unde
1606 4319 1785 4384 colli·

253 4450 396 4514 gere
462 4436 613 4503 licet
669 4435 824 4503 huic
881 4433 1279 4522 aequivalere
1332 4433 1603 4501 formam
1673 4454 1787 4500 su-

257 4551 583 4632 periorem,
645 4574 727 4619 ex
791 4573 990 4619 sensu
1069 4551 1412 4637 utriusque
1485 4551 1782 4630 canonis,

259 4692 390 4740 cum
435 4677 498 4744 in
557 4676 881 4766 superiori
948 4675 1156 4741 tradat
1225 4695 1445 4739 veram
1511 4675 1783 4740 formam

264 4792 581 4880 corrigens
621 4815 905 4862 errorem
949 4792 1433 4870 haereticorum‚
1474 4804 1536 4858 et
1570 4792 1633 4856 in
1667 4792 1789 4858 hoc

267 4923 569 4994 supponat
642 4909 936 4975 eamdem
1014 4931 1094 4976 ex
1162 4909 1449 4975 Matthaei
1529 4908 1781 4989 ultimo,

267 5034 470 5092 contra
552 5027 956 5114 baptizantes
1035 5046 1160 5091 una
1240 5023 1661 5091 immersione
1724 5024 1788 5089 in

271 5134 486 5208 Christi
525 5157 832 5221 mortem;
874 5161 1001 5228 qua
1042 5151 1258 5207 autem
1294 5141 1543 5205 ratione
1576 5139 1635 5204 id
1671 5140 1789 5205 im-

272 5256 573 5341 probetur,
644 5259 895 5325 dicetur
935 5258 998 5323 in
1040 5255 1336 5344 sequenti
1387 5255 1772 5343 quaestionc.

247 5356 458 5430 ‘Prima
515 5367 721 5433 forma
791 5366 980 5432 datur
1028 5386 1142 5450 per
1212 5362 1593 5449 particulam
1631 5386 1777 5450 per,

271 5468 360 5531 cui
405 5475 746 5562 aequivalet
787 5473 1099 5561 particula
1145 5474 1242 5537 in.

251 5635 258 5642 .
349 5579 709 5648 Confirmari
754 5591 990 5687 potest,
1044 5581 1123 5646 ad
1171 5580 1543 5648 Corinthios
1582 5583 1655 5647 6.
1701 5582 1786 5646 Et

447 5696 753 5752 Tom.XV1.

1884 594 2021 658 hoec
2060 592 2326 678 quidem
2364 593 2595 675 fuistis
2627 601 2749 658 etc.
2783 590 2901 656 sed
2928 587 3215 654 absoluti
3243 585 3421 664 estis,

1881 708 1999 774 sed
2035 709 2443 791 sanctificati
2498 709 2676 786 estis,
2722 706 2836 772 sed
2867 703 3230 793 justificati
3279 701 3437 766 estis

1891 825 1965 890 in
2006 826 2272 889 nomine
2323 825 2595 890 Domi-ni
2659 825 2875 889 nostri
2936 823 3089 887 Iesu
3152 816 3432 892 Christi,

1891 943 2058 1006 etin
2113 942 2377 1027 Spiritu
2426 942 2545 1005 Dei
2576 940 2810 1016 nostri,
2849 950 2977 1004 etc.
3034 935 3097 1001 id
3136 946 3260 1019 est,
3318 952 3435 1020 per

1889 1055 2203 1142 Spiritum
2286 1068 2607 1135 sanctum,
2667 1069 2734 1122 ut
2773 1064 3111 1139 exponunt
3149 1052 3432 1137 Chryso-

1871 1184 2168 1251 -stomus,
2238 1171 2789 1258 Theophylactus.
2853 1166 3316 1245 OEcumeniu8‚
3376 1177 3439 1231 et

1890 1285 2024 1356 alii.
2075 1287 2385 1374 Loquitur
2436 1301 2651 1353 autem
2706 1285 3055 1373 Apostolus
3101 1281 3183 1348 de
3242 1279 3430 1347 ablu·
3478 1310 3479 1317 ¹

1890 1402 2068 1469 tione
2108 1416 2170 1468 et
2210 1402 2719 1469 sanctificatione
2758 1398 3155 1488 baptismali.
3191 1401 3268 1464 Et
3302 1396 3441 1484 pri-

1897 1539 2002 1583 mo
2042 1518 2185 1584 loco
2250 1518 2403 1583 dicit
2443 1520 2517 1583 in
2567 1519 2835 1583 nomine
2892 1514 3168 1581 Domini
3224 1514 3440 1578 nostri

1893 1635 2044 1700 Jesn
2097 1634 2353 1699 Christi
2372 1657 2398 1713 ,·
2438 1633 2503 1698 in
2555 1632 2839 1698 secundo
2878 1644 3092 1697 autem
3149 1626 3308 1693 dicit
3354 1628 3429 1693 in

1896 1750 2163 1835 Spiritu
2196 1751 2319 1813 Dei
2350 1750 2581 1821 nostri,
2629 1761 2757 1814 etc.
2806 1746 2915 1813 ubi
2957 1741 3316 1832 propositio
3358 1746 3435 1808 in

1899 1864 2183 1930 sumitur
2226 1864 2698 1951 aequivalenter
2740 1884 2855 1949 pro
2912 1863 2986 1926 in
3035 1862 3329 1926 nomine.

1989 1982 2084 2045 De
2124 1982 2379 2066 quinm,
2418 1981 2669 2045 scilicet
2710 1979 2792 2044 de
2826 1979 3093 2043 nomine
3160 1975 3436 2051 Christi,
3595 1991 3677 2103 ἰδέ

1898 2108 2080 2182 patet
2137 2097 2310 2182 quod
2357 2095 2725 2182 aliqnando
2776 2095 3031 2159 licitum
3089 2092 3252 2176 fuit,
3310 2102 3433 2155 etc.
3495 2115 3762 2186 ‘Baptismo

1900 2212 2224 2299 baptizare
2259 2212 2506 2278 scilicet
2536 2213 2609 2277 in
2656 2212 2924 2277 nomine
2977 2209 3257 2276 Christi.
3293 2210 3449 2272 Haec
3492 2192 3776 2288 ”iffi-'issiife

1895 2341 1992 2394 est
2024 2328 2343 2394 sententia
2376 2328 2745 2395 communis
2775 2326 3065 2391 omnium
3092 2320 3447 2390 Scholasti·
3474 2303 3785 2416 εὲξῗῶᾞξζ

1900 2466 2153 2525 corum,
2208 2465 2373 2531 quos
2407 2445 2567 2510 citat
2614 2443 3034 2521 ScholiasteS,
3080 2452 3143 2506 et
3173 2438 3445 2506 aliorum
3472 2426 3786 2552 A‘ffigffffn·

1898 2574 2144 2647 praeter
2227 2559 2436 2625 solum
2493 2560 2968 2626 Armachanum
3033 2558 3145 2623 lib.
3220 2558 3292 2621 8.
3364 2555 3448 2620 de
3525 2552 3727 2662 ξυῢὲὲῑὲἰ-

1899 2680 2370 2765 quaeslionibus
2411 2679 2849 2744 Armenorum
2901 2697 3047 2761 cap.
3110 2679 3175 2740 3.
3237 2693 3436 2760 quem
3497 2677 3730 2802 γῗξὲιὲέζ

1896 2794 2194 2884 sequitur
2241 2800 2466 2862 Canus
2513 2807 2577 2860 et
2616 2798 2852 2861 Suarez
2884 2791 3088 2872 citati,
3134 2804 3199 2857 et
3250 2794 3442 2857 Sotus

1897 2925 2013 2977 art.
2071 2916 2136 2977 6.
2202 2912 2399 2999 hujus
2481 2908 2947 2989 distinctionis,
3021 2920 3085 2974 et
3153 2910 3445 2993 vasquez

1896 3030 2069 3115 disp.
2141 3032 2295 3095 143.
2351 3051 2494 3115 cap.
2551 3033 2615 3093 3.
2672 3040 2732 3093 et
2796 3033 2858 3094 4.
2905 3026 3016 3115 qui
3070 3036 3243 3092 certe
3299 3044 3440 3089 ma-

1894 3145 2043 3232 gnis
2117 3144 2512 3232 conjecturis
2587 3143 2952 3231 oppositam
3036 3140 3481 3208 sententiam-

1896 3261 2195 3348 probant,
2250 3273 2312 3326 et
2372 3281 2705 3348 nunquam
2767 3260 2975 3326 fuisse
3033 3258 3097 3324 in
3150 3277 3274 3324 usu
3325 3257 3439 3323 ba-

1902 3379 2139 3464 ptizare
2181 3378 2244 3443 in
2278 3377 2542 3443 nomine
2600 3376 2865 3452 Christi,
2931 3396 3059 3441 non
3130 3393 3447 3460 expressa

1900 3491 2311 3558 invocatione
2351 3491 2549 3556 trium
2581 3509 3036 3578 personarum.

1987 3609 2332 3675 Conclusio
2398 3609 2768 3674 communis
2817 3607 3020 3674 variis
3078 3605 3288 3672 modis
3328 3605 3444 3672 de·
3587 3599 3671 3650 4⁷·

3472 3663 3619 3715 Varii
3654 3660 3793 3711 modi

1899 3724 2208 3791 tenditur.
2262 3724 2518 3791 Alensis
2567 3745 2715 3789 cum
2781 3723 2925 3789 aliis
2985 3724 3777 3837 sequentibussvs‘fflssssjffi‘ss}

1896 3841 2131 3906 docent
2178 3839 2618 3926 dispensative
2659 3841 2722 3905 in
2775 3839 3093 3926 principio
3139 3859 3251 3927 per
3291 3859 3435 3924 spe·
3525 3862 3746 3959 effluam-

1894 3957 2123 4024 cialem
2161 3956 2619 4021 revelationem
2662 3976 3047 4021 concessum
3089 3975 3235 4020 esse
3268 3958 3436 4039 Apo·
3523 3949 3755 4025 Alensi's.

1898 4073 2108 4152 stolis,
2188 4084 2258 4138 ut
2333 4092 2567 4138 nomen
2647 4072 2884 4138 Christi
2953 4070 3446 4157 contemptibile

1898 4189 2068 4277 apud
2109 4188 2370 4255 ludaeos
2428 4200 2491 4254 et
2532 4188 2816 4254 Gentiles
2868 4187 3246 4253 redderetur
3297 4186 3448 4273 glo-

1900 4308 2172 4385 riosum,
2218 4327 2364 4372 curn
2411 4327 2522 4391 per
2557 4305 3035 4372 invocationem
3084 4307 3226 4392 eJus
3265 4302 3449 4369 dare·

1899 4434 2006 4487 tur
2027 4421 2237 4507 gratia
2268 4420 2699 4506 baptismalis,
2736 4434 2800 4485 et
2830 4420 3111 4506 Spiritus
3143 4430 3446 4493 sanctus;

1897 4551 1962 4603 et
2017 4558 2167 4603 cum
2211 4537 2333 4603 hac
2391 4536 2834 4603 moderatione
2885 4535 3166 4601 limitant
3257 4554 3448 4600 usum

1901 4652 2076 4718 illius
2119 4653 2344 4718 formae
2378 4673 2492 4736 pro
2532 4651 2643 4717 illo
2674 4664 2922 4718 tantum
2970 4663 3285 4736 tempore,
3338 4649 3447 4714 do-

1901 4789 2019 4833 nec
2060 4789 2291 4833 nomen
2352 4767 2589 4833 Christi
2640 4789 2715 4833 ex
2774 4768 2985 4833 fructu
3044 4765 3351 4833 innotuit.

1991 4885 2338 4971 Cajetanus
2379 4897 2593 4950 tamen
2629 4886 2693 4948 in
2742 4895 2876 4949 art.
2931 4886 2996 4952 6.
3049 4894 3281 4971 quoest.
3326 4886 3440 4950 66.
3477 4885 3743 4999 Afissifflgs·

1907 5003 1978 5064 D.
2043 5001 2337 5078 Thomas,
2382 5012 2446 5066 et
2477 5000 2802 5066 Adrianus
2857 5000 2920 5064 in
2963 5012 3291 5086 quartum,
3346 4999 3469 5064 di-·
3746 4985 3761 4999 ⁸

1869 5128 2060 5181 ·cunt
2117 5116 2394 5181 formam
2455 5116 2614 5181 citra
2688 5114 3241 5202 dispensationem
3289 5115 3452 5180 vali-

1901 5231 2046 5296 dam
2080 5253 2226 5297 esse
2260 5253 2374 5317 pro
2406 5252 2817 5319 quocumque
2847 5241 3178 5317 tempore;
3216 5230 3456 5317 quibus

1901 5348 2124 5414 favent
2190 5347 2599 5426 Ambrosius,
2683 5346 2987 5412 Nicolaus
3059 5349 3252 5432 Papa,
3307 5367 3453 5432 cap.

1901 5468 1948 5530 Α
1987 5465 2278 5551 quodam
2329 5464 2581 5539 chdaeo,
2621 5474 2681 5527 et
2720 5462 3036 5548 Magister
3080 5461 3142 5526 in
3202 5462 3448 5542 littera,

1901 5593 1965 5648 et
1995 5585 2183 5670 Hugo
2230 5579 2310 5647 de
2338 5584 2572 5649 Sancto
2611 5580 2872 5646 Victore
2913 5579 3035 5646 lib.
3080 5581 3145 5648 2.
3200 5577 3283 5646 de
3327 5579 3460 5643 Sa-

1981 5685 1992 5690 *
3246 5690 3315 5742 20
3434 5683 3442 5693 ’
