4255 6375
834 421 949 484 428

495 581 794 693 cosnffiaogii-
840 585 1125 647 mitanus
1165 589 1490 649 catechesi
1529 590 1967 665 mystaqoqica
1998 592 2062 648 et
2093 586 2385 648 cateche-

526 708 772 817 Cqlopol.t
840 702 901 760 si
924 703 982 762 2.
1020 702 1289 765 Basilius
1330 704 1439 764 lib.
1489 708 1546 769 3.
1601 706 1689 789 act
1735 705 2145 775 Eunomz’um‚
2193 702 2383 761 Sexta

481 784 812 925 quniilfx‘izx.
842 815 1147 893 Synodus
1180 817 1882 897 Constantinopolitana
1916 836 2057 894 cap.
2090 821 2153 879 7.
2187 817 2384 895 Chry-

488 895 805 1018 ’ὃξζῗᾞῖη
839 938 1167 993 sostomus
1213 936 1278 996 in
1325 954 1463 1012 cap.
1513 938 1604 997 15.
1657 938 1708 996 1.
1757 937 1846 996 ad
1889 936 2273 1005 Coriallum,
2318 936 2383 995 in

527 1018 776 1068 Hilarius.
1734 1055 1744 1065 .
2242 1052 2251 1062 .

524 1082 772 1130 Anauros.
839 1067 980 1126 cap.
1042 1052 1093 1111 1.
1147 1053 1237 1111 ad
1281 1060 1446 1114 orat.
1497 1055 1547 1113 1.
1600 1052 1876 1132 Cyrillus
1904 1050 2385 1113 Alexandrinus

526 1143 776 1255 &gfff-,233
836 1168 901 1225 in
952 1184 1004 1225 c.
1057 1169 1158 1228 25.
1215 1171 1394 1228 Isaiae
1441 1168 1550 1230 lib.
1598 1171 1691 1230 12.
1742 1171 1808 1228 in
1849 1172 2186 1238 loannem,
2236 1184 2378 1245 cap.

507 1269 785 1383 ἦξῗᾶζῐξζῆ
831 1283 932 1345 64.
980 1289 1043 1341 et
1091 1283 1321 1360 reliqui
1378 1283 1573 1344 Gra-ci
1615 1284 1858 1344 Patres.
1912 1282 2090 1343 idem
2141 1283 2384 1344 docent

837 1399 1063 1467 Latini,
1110 1399 1544 1461 Tertullianus
1605 1404 1682 1461 de
1739 1401 2145 1475 spectaculis,
2206 1417 2260 1458 c.
2317 1400 2377 1458 4.

833 1511 1197 1591 Cyprianus
1228 1516 1406 1589 epist.
1438 1515 1538 1575 70.
1577 1522 1630 1574 ct
1660 1514 1760 1576 76.
1800 1514 2067 1574 Hilarius
2113 1516 2179 1575 in
2224 1517 2379 1574 Mat-

841 1634 1072 1693 tlzaeum
1103 1651 1244 1693 can.
1288 1634 1386 1693 75.
1430 1636 1804 1695 Ambrosius
1856 1633 1965 1693 lib.
2021 1636 2078 1695 2.
2136 1638 2212 1695 de
2261 1640 2380 1693 Sa-

832 1765 1033 1810 cram.
1092 1767 1230 1824 cap.
1292 1752 1391 1810 75.
1450 1756 1505 1810 el
1550 1751 1661 1811 lib.
1724 1753 1799 1811 de
1847 1753 2094 1825 Spiritu
2140 1759 2379 1817 sancto,

829 1882 967 1938 cap.
1026 1865 1115 1926 ll.
1155 1867 1584 1945 [lieronymus
1628 1866 1888 1939 dialoqo
1933 1873 2159 1925 crmtra
2204 1868 2380 1925 Luc-i·

1507 1986 1593 2041 al
1635 1983 2122 2043 Pammachium
2158 1988 2382 2042 contra

2113 2099 2380 2160 Rufinus

831 2218 895 2276 in
953 2216 1387 2291 emplz‘catione
1458 2214 1773 2290 Symbola,
1845 2218 2246 2296 Augustinus
2305 2218 2382 2277 de

823 2331 950 2405 [lde
980 2337 1034 2390 et
1081 2331 1401 2405 operibus,
1452 2349 1502 2390 c.
1558 2333 1616 2391 9.
1671 2336 1728 2389 et
1776 2347 1826 2390 c.
1882 2333 1982 2392 20.
2041 2337 2106 2391 et
2151 2347 2382 2393 omnes

828 1983 1137 2056 feriauos,
1194 2000 1337 2057 cap.
1392 1984 1452 2041 5.

830 2116 1087 2158 errores
1142 2100 1686 2173 derosolymitam'‚
1750 2117 1890 2175 cap.
1959 2101 2017 2158 4.

827 2447 1116 2507 ltituales
1168 2450 1342 2508 idem
1398 2449 1856 2524 praescribunt,
1908 2467 1984 2509 ac
2026 2449 2380 2510 novissime

824 2562 1280 2625 Tridentinum
1328 2582 1477 2624 sess.
1508 2566 1570 2624 6.
1607 2582 1748 2639 cap.
1795 2567 1858 2625 5.
1903 2565 2073 2626 hanc
2105 2566 2375 2643 primam

834 2681 1162 2741 constituit
1204 2683 1267 2741 in
1313 2679 1740 2757 dispositione
1786 2680 1989 2743 adulti
2055 2681 2139 2742 ad
2195 2682 2381 2759 justi-

833 2798 1234 2881 ficationem:
1306 2807 1368 2858 et
1433 2798 1748 2858 rationem
1823 2799 2047 2860 subdit
2110 2817 2255 2878 cap.
2318 2802 2378 2861 8.

834 2915 985 2990 quia
1036 2919 1136 2974 est
1184 2916 1386 2975 radix
1431 2919 1485 2972 et
1526 2916 2016 2990 fundamentum
2054 2920 2379 2993 justifica-

836 3030 1052 3088 lionis,

609 3171 656 3220 3.
695 3234 753 3245 ..
919 3143 1221 3205 Secunda
1278 3145 1614 3223 dispositio
1676 3152 1776 3208 est
1847 3149 2224 3225 poenitentia
2299 3150 2381 3213 de

531 3236 783 3369 ἑξξξῆξῐζ,
838 3265 1098 3332 actuali.
1134 3266 1277 3327 sine
1312 3283 1436 3344 qua
1473 3271 1702 3345 nequit
1741 3271 2059 3347 consequi
2108 3274 2380 3348 gratiam

482 3422 542 3471 de
585 3368 1397 3475 tggtngali·sanctificantem;
1471 3387 1554 3444 ita
1627 3387 1868 3446 Doctor
1937 3399 2274 3464 expresse,
2348 3389 2385 3468 g

581 3486 717 3536 Vera

831 3502 971 3564 Atio
1020 3507 1232 3575 moda,
1283 3509 1408 3564 etc.
1465 3512 1526 3566 et
1585 3522 1779 3565 versu
1825 3510 1975 3568 Dico
2020 3515 2189 3579 tunc,
2242 3525 2384 3586 quae

829 3622 929 3676 est
988 3617 1279 3678 secunda
1344 3618 1675 3681 conclusio
1734 3622 1930 3700 hujus
1985 3624 2379 3701 quaestionis,

826 3732 1142 3795 Caeterum
1190 3735 1271 3795 ab
1325 3738 1463 3796 aliis
1513 3737 1771 3813 citatur,
1808 3743 1995 3819 quasi
2026 3744 2383 3803 asseruerit

498 3550 773 3599 sententia.

824 3867 956 3911 non
988 3854 1230 3931 requiri
1266 3855 1547 3933 aliquem
1597 3855 1891 3918 dolorem
1944 3857 2027 3919 de
2077 3864 2378 3933 peccatu,

824 3967 942 4028 sed
990 3969 1197 4028 solam
1261 3971 1662 4032 voluntalem
1723 3975 2083 4051 recipiendi
2154 3979 2378 4036 Sacra·

824 4088 1140 4154 mentum,
1204 4084 1347 4146 sine
1406 4088 1879 4162 complacentia
1935 4090 2172 4150 actuali
2222 4105 2382 4166 pec-

827 4201 975 4269 cati,
1027 4203 1109 4261 ita
1171 4217 1324 4261 euin
1389 4202 1540 4263 citat
1600 4203 1858 4263 Gabriel
1902 4221 2019 4281 pro
2069 4206 2189 4264 hac
2236 4222 2381 4266 sen-

830 4318 1027 4378 tentia
1075 4321 1140 4379 iu
1183 4322 1243 4379 4.
1300 4321 1442 4380 dist.
1499 4320 1590 4378 14.
1643 4328 1857 4395 quaest.
1903 4325 1960 4381 2.
1996 4327 2118 4381 art.
2155 4324 2213 4382 2.
2250 4327 2377 4382 ποι.

492 4420 778 4534 Affifflggs·
825 4435 883 4493 2.
923 4442 978 4494 et
1010 4436 1153 4496 dist.
1188 4437 1247 4495 4.
1283 4446 1502 4513 quaest.
1533 4438 1590 4497 2.
1627 4445 1750 4497 art.
1777 4440 1835 4499 2.
1859 4446 2001 4515 post
2032 4440 2088 4497 4.
2123 4440 2377 4500 conclu-

507 4546 790 4658 {iglggffigr-
826 4552 1090 4610 sionem.
1147 4550 1483 4612 Almainus
1526 4555 1592 4613 in
1643 4556 1699 4613 4.
1754 4557 1898 4615 dist.
1939 4555 2028 4613 14.
2068 4562 2282 4630 quaest.
2318 4556 2375 4616 4.

499 4645 755 4722 Rosssllusss
827 4663 1152 4725 Adrianus
1185 4667 1551 4742 quodlibeto
1582 4671 1640 4729 5.
1679 4676 1800 4730 art.
1839 4673 1895 4731 3.
1942 4670 2277 4749 sylvester
2318 4673 2381 4733 in

826 4780 1116 4854 Summa,
1147 4785 1359 4845 verbo
1396 4788 1721 4862 Confessio
1766 4788 1816 4846 1.
1854 4797 2067 4862 quaest.
2116 4791 2214 4849 21.
2258 4792 2381 4849 An-

832 4897 1026 4975 gelus
1057 4900 1296 4960 ibidem
1348 4903 1396 4962 1.
1445 4919 1621 4961 num.
1669 4905 1769 4963 27.
1813 4903 2111 4964 Rosellus
2159 4905 2197 4983 g
2240 4906 2297 4965 4.

910 5021 1177 5078 Scotum
1226 5021 1305 5079 ab
1340 5019 1461 5081 hac
1497 5020 1823 5083 calumnia
1866 5024 2153 5084 vindicat
2200 5025 2380 5102 vega

480 5163 799 5217 vindicatur.
829 5136 936 5195 lib.
972 5136 1029 5198 9.
1065 5141 1130 5198 in
1181 5141 1455 5200 Trident.
1518 5158 1569 5200 c.
1618 5142 1678 5200 5.
1728 5147 1782 5200 et
1825 5141 1932 5201 lib.
1972 5144 2065 5203 13.
2102 5161 2153 5203 c.
2191 5144 2289 5203 33.
2325 5149 2380 5203 et

511 5229 769 5340 Cgssfflssffl
831 5258 928 5317 34.
964 5255 1264 5317 Corduba
1297 5257 1408 5316 lib.
1449 5259 1500 5317 1.
1550 5259 2010 5332 quaestiouariz',
2057 5267 2272 5334 quaest.
2315 5264 2375 5322 2.

835 5376 1131 5453 vasquez
1176 5383 1327 5436 lom.
1382 5379 1442 5436 2.
1501 5379 1565 5435 in
1618 5379 1674 5438 3.
1724 5379 1888 5452 disp.
1943 5378 2074 5438 158.
2127 5394 2269 5452 cup.
2325 5380 2374 5438 l.

507 5353 770 5419 Vasquez.

478 5476 804 5530 Schohastes.
835 5499 901 5553 et
935 5495 1170 5554 Suarez
1227 5498 1389 5570 disp.
1449 5495 1548 5555 28.
1595 5501 1742 5556 secl.
1787 5498 1839 5556 l.
1915 5496 2183 5555 conclus.
2229 5498 2279 5555 l.
2317 5500 2381 5556 et

494 4143 764 4195 Calumnia
779 4184 791 4196 .

519 4207 741 4258 Gabriel.

527 5417 720 5468 Suarez

502 5542 652 5594 Falsa
699 5546 777 5595 in-

477 5605 798 5673 terpretatio.
832 5614 1077 5689 optime
1108 5612 1500 5674 Sclioliastes
1536 5613 1641 5672 lu'c
1685 5612 1945 5674 Scholia
1998 5614 2058 5673 2.
2108 5619 2174 5673 et
2216 5609 2395 5672 infra-

2009 426 2154 487 LlB.
2203 426 2305 486 lv.
2350 423 2944 487 SENTEN‘HARUM

2498 586 2644 647 dist.
2682 586 2774 645 14.
2821 584 2984 646 Male
3028 590 3251 646 tamen
3302 587 3533 645 censet
3578 584 3837 659 vasquez
3867 582 3958 642 Do·

2501 706 2750 760 ctorem
2781 699 3142 760 asseruisse
3192 697 3376 761 illum
3424 696 3713 758 dolorem
3752 698 3962 773 requisi·

2498 821 2629 875 tum
2684 831 2816 876 non
2865 831 3012 876 esse
3057 816 3643 892 supernaturalem,
3689 828 3860 889 quem
3883 828 3966 873 suo

2498 933 2642 994 loco
2674 930 3153 994 vindicabimus
3184 930 3590 993 commodius
3620 928 3731 991 illa
3757 930 3879 989 dist
3904 929 3966 988 14.

2498 1050 2609 1110 ubi
2641 1048 2724 1109 de
2756 1053 2984 1110 natura
3035 1049 3454 1125 poenitentiae‚
3490 1047 3758 1124 eiusque
3787 1044 3970 1106 actibus

2501 1183 2616 1243 per
2659 1182 2730 1227 se
2776 1166 2929 1245 agit.
4072 1138 4073 1149 ἵ

2588 1288 2709 1350 Pro
2749 1295 3072 1369 praetensa
3103 1293 3318 1348 autem
3351 1280 3657 1367 opinione
3685 1280 3810 1366 jam
3853 1300 3971 1365 prae·
4042 1298 4071 1373 g

2499 1401 2693 1467 missa
2755 1401 2989 1465 citatur
3048 1402 3120 1463 in
3176 1398 3241 1466 4.
3302 1398 3458 1463 dist.
3523 1395 3632 1464 14.
3693 1405 3890 1481 quoest.
3928 1394 4013 1462 3.ε

2496 1530 2626 1584 art.
2697 1523 2761 1583 3.
2827 1536 3022 1581 versu
3104 1514 3372 1581 Dicitur
3428 1534 3605 1598 erqo,
3667 1524 3779 1579 etc.
3823 1511 3975 1574 Verba

2496 1636 2640 1720 ejus
2698 1646 2850 1699 sunt
2901 1656 2915 1698 :
2973 1633 3157 1696 Sicut
3225 1651 3379 1715 erqo
3428 1628 3697 1693 adultus
3748 1628 3974 1712 primam
4010 1644 4031 1667 ’·

2493 1752 2785 1835 qratiam
2833 1749 3153 1812 delentem
3195 1745 3532 1830 oriqinale
3556 1754 3767 1828 potest
3802 1742 3978 1806 habere

2496 1868 2758 1953 duplici
2790 1870 2923 1944 via,
2970 1866 3073 1932 vel
3120 1885 3204 1927 e.r
3237 1864 3403 1927 bono
3447 1871 3628 1924 motu
3658 1859 3978 1943 disponente

2495 1985 2583 2047 ad
2628 1986 2814 2048 illam
2876 1983 2958 2047 dc
2995 2001 3308 2066 consp-uc,
3362 1978 3463 2043 rel
3514 2000 3600 2041 ea:
3641 1976 3979 2060 susceptione

2499 2101 2954 2177 Sacrameuti;
2989 2100 3085 2162 ita
3115 2108 3173 2161 et
3216 2098 3285 2160 in
3326 2094 3691 2181 proposita,
3748 2102 3858 2156 etc.
3894 2092 3981 2155 Hoc

2497 2216 2883 2280 declaratur
2933 2215 3051 2292 sic,
3115 2214 3272 2299 quia
3340 2209 3431 2274 ad
3495 2210 3785 2293 primam
3832 2227 3983 2270 susce-

2492 2335 2787 2417 ptionem
2819 2331 3078 2415 qratia»,
3126 2329 3504 2413 requiritur
3548 2325 3799 2412 aliquis
3832 2336 3983 2388 motio

3535 2442 3627 2507 ad
3692 2440 3981 2506 secundam

2501 2448 2883 2513 meritorius
2957 2446 3040 2509 de
3113 2465 3449 2529 consputo,-

2498 2576 2715 2630 autem
2792 2584 2925 2627 uoti
2989 2562 3383 2647 requiritur,
3456 2560 3596 2623 nisi
3662 2558 3980 2622 voluntaria

2496 2682 2818 2766 susceptio
2862 2680 3212 2764 Baptismi,
3271 2689 3331 2741 et
3382 2679 3530 2741 sine
3584 2677 3864 2758 fictione,
3907 2675 3983 2735 lior

2497 2809 2588 2862 est
2628 2818 2771 2861 cum
2822 2795 3190 2859 intentione
3233 2791 3651 2877 suscipiendi
3698 2788 3859 2875 quod
3882 2808 3982 2850 con·

2497 2917 2632 2999 sert
2682 2915 3001 2990 Ecclesia,
3057 2922 3115 2976 ct
3160 2912 3304 2975 sine
3349 2920 3500 2974 actu
3556 2909 3668 2973 vel
3714 2908 3982 2972 voluntate

2495 3033 2747 3119 peccati
2788 3030 3111 3105 mortalis,
3168 3029 3263 3091 ita
3322 3024 3497 3112 quod
3550 3027 3629 3089 in
3674 3026 3877 3111 primo
3913 3043 3982 3085 re·

2499 3150 2795 3238 quiritur
2850 3145 3125 3233 aliquod
3192 3165 3357 3231 opus
3414 3143 3863 3219 intrinsecum,
3896 3137 3982 3202 ali·

2498 3288 2624 3353 quo
2682 3264 2873 3330 modo
2938 3273 3297 3348 acceptum,
3362 3271 3685 3345 tanquam
3743 3258 3984 3321 meritum

2498 3385 2579 3449 de
2618 3402 2950 3467 couqruffi·
2984 3381 3058 3442 in
3096 3376 3382 3442 secundo
3430 3376 3649 3440 solum
3688 3371 3988 3459 requiritur

2498 3524 2659 3588 opus
2730 3500 3023 3564 carterius
3099 3519 3245 3560 cum
3309 3496 3650 3559 amotione
3710 3490 3987 3557 interioris

2498 3617 2964 3706 impedimenti
3008 3638 3023 3690 ;
3066 3635 3199 3680 nou
3265 3613 3477 3677 solu-m
3563 3631 3722 3696 erqo
3779 3608 3986 3671 aarum

2492 3761 2613 3822 per
2653 3742 2922 3819 aliquod
2967 3747 3236 3814 tempus,
3284 3742 3411 3796 etc.
3467 3734 3655 3793 Hunc
3703 3733 3895 3793 locum
3930 3730 3985 3786 ita

2496 3860 3013 3935 interpretantur
3044 3849 3284 3931 praefati
3326 3852 3674 3920 DoctoreS‚
3707 3852 3777 3907 ut
3811 3847 3987 3905 Doctor

2499 3988 2631 4036 non
2677 3970 3034 4032 asseruerit
3086 3983 3219 4027 non
3276 3963 3522 4042 requiri
3598 3959 3983 4040 poenitentiam

2499 4088 2582 4149 ad
2629 4088 2895 4164 dignam
2967 4082 3461 4159 susceptionem
3525 4078 3853 4158 Baptismi‚
3902 4070 3984 4133 sed
4034 4117 4037 4120 -

2498 4221 2629 4267 non
2676 4205 2920 4285 requiri
2970 4204 3431 4265 contritionem
3474 4198 3854 4278 perfectam,
3890 4208 3985 4272 quae

2499 4330 2677 4384 extra
2726 4324 3216 4382 Sacramentum
3241 4315 3590 4395 justificet,
3628 4317 3712 4378 de
3744 4330 3857 4394 qua
3883 4324 3985 4371 con·

2497 4443 2758 4504 tritione
2807 4447 2879 4502 ut
2920 4439 3264 4518 plurimum
3311 4442 3446 4499 tota
3477 4437 3591 4500 illa
3640 4435 3985 4500 distinctione

2497 4560 2835 4639 loquitur;
2902 4564 2966 4618 et
3019 4557 3146 4617 hoc
3202 4555 3577 4617 secundum
3622 4567 3841 4615 verum
3885 4552 3985 4609 est:

2497 4675 2619 4739 sed
2666 4672 3057 4736 declarando
3100 4673 3381 4734 litteram
3428 4672 3653 4749 plane,
3702 4676 3765 4732 et
3796 4680 3981 4736 ‚secun-

2498 4794 2655 4854 dum
2700 4797 2989 4852 mentem
3043 4788 3361 4859 DoctoriS‚
3411 4804 3547 4848 non
3607 4795 3708 4849 est
3752 4795 3982 4847 necessa·

2496 4912 2664 4972 rium
2710 4908 2789 4968 ad
2837 4909 2961 4969 hoc
3003 4921 3372 4974 recurrere,
3420 4906 3575 4983 quia
3631 4905 3798 4966 clare
3835 4895 3981 4977 loqui·

2498 5033 2623 5099 tur,
2683 5028 2734 5088 si
2792 5027 3089 5087 membra
3143 5023 3476 5086 discursus
3527 5024 3680 5103 ejus
3722 5022 3975 5085 discerna-

2497 5162 2666 5218 muS‚
2703 5149 2767 5205 et
2799 5159 3075 5218 scopum
3119 5139 3642 5217 perpendamus.

2578 5268 2643 5325 ln
2690 5262 3008 5341 principio
3059 5264 3282 5337 itaque
3326 5259 3498 5321 illius
3545 5254 3793 5322 articuli
3826 5249 3970 5329 rejicit
4026 5266 4057 5374 ξ

2495 5383 2886 5443 sententiam
2931 5378 3215 5456 Magistri
3245 5379 3313 5436 in
3350 5377 3497 5436 dist.
3553 5375 3651 5438 18.
3698 5366 3969 5435 asserentis

2496 5497 2917 5559 Sacerdotem
2973 5493 3437 5572 Evangelicum
3515 5508 3651 5555 non
3720 5487 3995 5568 remittere&

2494 5618 2791 5694 peccata,
2826 5609 2947 5673 sed
2978 5608 3326 5672 ostendere
3357 5610 3658 5670 remissa.
3712 5609 3857 5668 lianc
3891 5599 3963 5658 im·
