4255 6375
456 1611 635 1685 Varia·
682 1635 777 1685 fuit
945 1667 985 1678 ..
1187 1667 1198 1677 .
1317 1667 1327 1677 .
1628 1666 1639 1676 .
1760 1665 1771 1676 .
1825 1666 1835 1676 .
2159 1667 2179 1686 ,

496 1695 753 1764 impositio
808 1687 1017 1729 varus
1046 1665 1358 1746 capitulis
1388 1665 1888 1740 Ecclesiasttces,
1928 1686 2074 1750 cap.
2108 1670 2206 1729 lb.
2247 1685 2354 1728 va-

483 1776 602 1811 mau
609 1776 744 1812 uum·

778 342 899 405 658

802 507 1112 582 siasticis,
1167 506 1526 573 Concilium
1595 505 1971 572 Cabilonen.
2037 526 2183 589 cap.
2246 507 2353 570 27.

805 625 857 686 N
867 621 1110 688 icolaus
1140 624 1187 686 1.
1212 623 1285 687 in
1314 624 1507 707 epist.
1536 621 1625 686 acl
1649 620 2069 705 Rodulplzum
2106 620 2361 684 Ritari-

800 760 1074 804 sensem.
1136 737 1316 813 Quod
1387 759 1619 803 nomen
1666 736 1878 823 magis
1946 751 2047 802 est
2108 737 2172 801 in
2236 755 2357 800 usu

801 854 971 939 apud
1038 859 1341 920 Doctores
1397 853 1860 931 Scholasticos‚
1924 852 2078 938 quia
2147 850 2358 935 magis

803 971 1162 1056 proprium,
1208 981 1429 1054 utpote
1460 970 1879 1055 desumptum
1948 969 2029 1034 ab
2086 965 2353 1046 effectu,

803 1085 913 1172 qui
973 1086 1093 1152 soli
1146 1086 1299 1151 huic
1365 1088 1786 1150 Sacramento
1844 1097 1943 1150 est
2010 1082 2345 1171 proprius,

802 1202 966 1267 Aliae
1005 1215 1219 1268 autem
1288 1200 1784 1287 appellationes,
1834 1211 1905 1265 ut
1959 1220 2194 1265 manus
2236 1199 2356 1263 im-

806 1317 1147 1403 positionis
1185 1331 1248 1382 et
1279 1317 1632 1397 unctionis,
1687 1315 1751 1380 in
1784 1315 1928 1381 aliis
1978 1318 2358 1382 Sacramen-

807 1436 890 1497 tis
922 1434 1171 1500 suntin
1216 1453 1367 1498 usu.

900 1550 1080 1614 Unde
1113 1551 1498 1614 llincmarus
1549 1548 1935 1614 Rhemensis
1996 1551 2067 1613 in
2103 1549 2216 1613 lib.
2275 1548 2358 1612 de

807 1783 936 1847 rios
980 1782 1207 1847 modos
1256 1781 1692 1867 impositionis
1747 1801 1976 1846 manus
2028 1796 2200 1847 recte
2250 1780 2355 1845 di-

802 1898 1084 1964 scernit:
1164 1898 1336 1963 Nam
1421 1919 1552 1963 non
1603 1918 1733 1961 uno
1808 1897 2021 1976 moda,
2114 1898 2349 1983 inquit,

797 2037 1054 2102 semper
1082 2037 1319 2081 manus
1374 2017 1711 2101 impositio
1743 2016 2180 2100 intelliyitur,
2239 2015 2354 2079 scel

796 2153 921 2217 pro
970 2131 1358 2196 diversitate
1400 2132 1715 2206 locorum,
1763 2130 2034 2195 diuersa
2082 2131 2352 2214 siynili-

799 2246 1079 2311 catione.
1136 2245 1521 2332 Aliquando
1560 2249 1740 2311 enim
1794 2266 1920 2332 pro
1974 2247 2351 2329 Confirma-

801 2363 979 2426 tione
1073 2362 1574 2448 Neophytorum
1665 2362 2019 2446 accipitur,
2124 2372 2194 2425 ut
2279 2362 2353 2425 in

806 2475 1087 2541 decretis
1118 2477 1648 2561 Apostolicorum
1688 2478 1984 2542 virorum
2051 2476 2350 2540 Clemen·
2399 2508 2403 2513 ·

801 2592 908 2667 tis,
946 2593 1220 2670 Urbani,
1259 2593 1652 2659 Melchiadis
1707 2614 2092 2680 expressum
2144 2614 2351 2677 stepe-

799 2731 1072 2776 numero
1112 2713 1492 2796 reperitur,·
1540 2732 1720 2776 nunc
1750 2732 1874 2795 pro
1921 2709 2352 2776 ordinatione

798 2826 1255 2904 Sacerdotem,
1283 2828 1421 2890 siue
1452 2828 1921 2902 Diaconornm,
1942 2829 2144 2911 juaeta
2181 2824 2352 2890 illud

797 2941 1102 3024 Apostoli
1141 2941 1230 3006 ad
1271 2942 1676 3007 Timotheum
1700 2969 1721 3007 .·
1752 2942 2024 3008 Nemini
2052 2943 2184 3005 cito
2213 2962 2348 3006 ma-

797 3078 921 3122 nus
968 3058 1366 3143 imposueris
1387 3082 1411 3137 ‚·
1443 3059 1618 3144 quod
1675 3069 1735 3122 et
1797 3060 2102 3123 Canones
2151 3078 2351 3143 aper-

800 3175 1049 3239 tissime
1128 3175 1569 3260 prcescribnnt
1620 3174 1651 3239 :2
1750 3174 1931 3241 Unde
2041 3177 2350 3241 Innocen-

799 3292 929 3356 tius
962 3293 1085 3356 111.
1132 3291 1198 3355 in
1228 3312 1370 3377 cap.
1410 3292 1601 3358 unico
1630 3293 1711 3357 de
1751 3313 1935 3358 sacra
1986 3292 2341 3359 Unctione:

800 3408 932 3473 Per
979 3407 1251 3490 frontis,
1305 3406 1542 3494 inquit,
1614 3409 2152 3474 chrismationem
2212 3430 2350 3473 ma·

796 3545 920 3589 nus
951 3525 1288 3609 impositio
1318 3523 1728 3609 desiqnatnr,
1776 3545 1921 3610 quoe
1949 3526 2087 3590 alio
2127 3527 2350 3590 nomi-

792 3662 874 3705 ne
937 3640 1189 3705 dicitur
1264 3642 1724 3723 Confirmatio,
1799 3644 1962 3727 quia
2023 3661 2150 3726 per
2200 3662 2347 3707 eam

793 3758 1091 3841 Spiritus
1130 3768 1394 3822 sanctus
1432 3757 1522 3822 ad
1547 3769 1973 3843 auqmentum
2004 3758 2228 3839 datur,
2284 3770 2345 3824 et

788 3874 1011 3953 robur,
1068 3887 1189 3941 ete.
1238 3876 1353 3939 Est
1402 3886 1461 3939 et
1515 3876 2060 3941 reconciliatoria
2108 3898 2347 3942 manus

788 3989 1144 4073 impositio,
1192 4010 1314 4073 per
1343 4010 1537 4074 quam
1568 3989 1868 4053 hoeretici
1923 3990 2336 4073 poenitentes,

786 4107 926 4171 siue
965 4107 1520 4171 ercommunicati
1548 4109 1812 4170 Sanctoe
1862 4106 2175 4171 Romana?
2221 4107 2344 4170 Ec-

786 4225 1003 4289 clesioe
1048 4224 1594 4300 reconciliantur,
1633 4221 1715 4287 de
1774 4243 1904 4307 qua
1956 4233 2017 4286 et
2056 4242 2344 4287 canones

785 4340 1100 4405 similiter
1187 4339 1396 4404 multa
1454 4338 1709 4413 dicunt,
1794 4352 1913 4408 etc,
1965 4338 2073 4402 Fit
2139 4340 2342 4404 etiam

787 4478 1025 4522 manus
1064 4457 1401 4543 impositio
1424 4477 1624 4542 super
1655 4457 1980 4538 infirmos,
2010 4459 2218 4541 juoeta
2261 4456 2341 4521 il-

791 4572 907 4637 lud
938 4574 996 4636 E
1002 4574 1294 4657 vanqelii
1312 4599 1332 4637 .·
1370 4571 1593 4657 Super
1622 4593 1831 4656 teqros
1862 4593 2098 4637 manus
2131 4574 2338 4656 impo-

786 4699 965 4767 nent,
1011 4701 1135 4753 etc,
1180 4700 1242 4755 et
1265 4687 1472 4753 infra:
1514 4688 1668 4752 Sive
1698 4699 1918 4751 autem
1952 4708 2187 4751 manus
2222 4689 2340 4751 im-

783 4805 1027 4887 positio
1083 4825 1206 4890 pro
1261 4804 1808 4869 reconciliatione
1842 4804 2328 4889 poenitentium,

782 4921 919 4985 sive
944 4943 1069 5006 pro
1109 4920 1493 5007 depulsione
1535 4922 1979 5004 infirmitatis,
2038 4921 2140 4985 vel
2180 4920 2334 4984 dia·

784 5035 938 5115 boli,
974 5039 1114 5102 sive
1143 5037 1442 5123 simplici
1472 5036 1923 5103 benedictione
1954 5036 2334 5101 hominibus

786 5153 1234 5237 impendatur,
1272 5165 1393 5218 ete.
1434 5153 1674 5218 iterari
1705 5154 1956 5239 quoties
1995 5174 2158 5237 opus
2188 5151 2331 5234 fue·

478 5306 591 5355 Non
622 5312 700 5357 est
782 5272 895 5347 rit,
944 5292 1077 5335 non
1102 5271 1512 5356 prohibetur.
1563 5272 1730 5335 Cum
1790 5292 1941 5335 vero
1985 5292 2112 5356 pro
2152 5270 2331 5335 Con-

452 5363 719 5439 iterabilis,

532 5438 662 5483 sieut

423 5506 588 5558 ΜΒΝ
603 5496 746 5549 ordo.
780 5523 910 5568 non
930 5506 1079 5589 jam
1105 5524 1233 5589 pro
1260 5502 1404 5567 sola
1442 5503 1768 5581 oratione,
1802 5500 1919 5568 sed
1957 5502 2160 5568 ctiam
2196 5521 2325 5589 pro

779 5388 1165 5469 firmatione
1207 5388 1350 5450 sinc
1409 5385 1840 5451 ordinatione
1881 5386 2319 5471 impenditur,

1964 344 2110 403 me.
2157 342 2259 404 nv,
2299 325 2896 406 ssurssu'mnuu

2475 507 2907 571 Sacramenta
2947 506 3252 572 habenda
3289 517 3406 582 est,
3444 507 3606 592 quia
3634 506 3841 570 Sancti
3862 507 3955 570 Pa-

2473 629 2604 684 tres
2637 623 2880 687 iterari
2936 623 3449 708 prohibuerunt,
3486 635 3612 689 etc.
3657 625 3856 688 Manus
3879 645 3959 688 au·

2473 746 2603 800 tem
2662 736 2997 823 impositio
3056 739 3449 826 appellatur,
3522 743 3671 806 Act.
3718 744 3777 805 8.
3804 754 3854 804 et
3880 742 3957 807 19.

2469 871 2617 936 quie
2674 854 3020 939 appellatio
3098 855 3638 943 frequentissima
3696 868 3786 921 est
3830 856 3959 940 apud

2473 968 2715 1042 Patres,
2743 969 2911 1037 sicut
2942 983 3005 1036 et
3045 972 3374 1038 unctionis
3422 985 3489 1038 et
3517 970 3887 1048 chrismatis
3913 987 3964 1037 ut

2471 1081 2695 1148 videre
2737 1099 2837 1150 est
2867 1085 3039 1172 apud
3105 1089 3337 1154 citatos
3403 1100 3470 1154 et
3533 1087 3700 1153 alios
3754 1090 3958 1164 Patre&
3990 1101 4118 1152 cars<

2471 1219 2621 1285 quae
2674 1201 3022 1287 appellatio
3061 1205 3345 1270 sumitur
3374 1224 3409 1269 a
3481 1204 3753 1269 materia
3795 1204 3963 1288 proxi·
4009 1165 4119 1275 ᾗῇ

2474 1336 2600 1394 ma,
2648 1337 2797 1402 quae
2828 1331 2928 1384 est
2965 1321 3208 1398 uncti0‚
3256 1334 3320 1387 et
3371 1331 3646 1399 remota,
3709 1339 3841 1407 quae
3891 1303 4119 1417 εειᾎζζξ

2469 1432 2777 1512 chrisma,
2826 1448 2895 1500 ut
2940 1435 3108 1500 intra
3159 1436 3514 1503 videbitur.
3580 1436 3738 1501 Vide
3782 1417 4121 1782 (lnge-¹⁰²}

2471 1566 2618 1613 nem
2667 1551 2734 1615 in
2767 1572 2911 1636 cap.
2957 1552 3136 1618 aad
3167 1554 3445 1619 Roman.
3482 1551 3732 1637 Synod.
3789 1551 3968 1617 Laodi·
4014 1606 4038 1653 ς
4076 1603 4080 1610 .

2468 1683 2614 1729 cen.
2658 1686 2808 1731 can.
2881 1670 2991 1732 48.
3032 1670 3388 1733 Fabianum
3425 1671 3667 1753 Papam
3708 1680 3877 1753 epist.
3919 1670 4060 1780 {ssim

2470 1782 2819 1845 Damasum
2888 1782 3082 1868 epist.
3147 1787 3219 1848 4.
3281 1783 3728 1869 Augustinum
3762 1782 3863 1848 lib.
3922 1785 3971 1846 9..
4045 1787 4058 1794 '

2465 1904 2697 1958 contra
2731 1894 2992 1960 litteras
3058 1897 3407 1968 Petiliam.
3483 1920 3634 1983 cap.
3701 1901 3838 1963 104.
3897 1900 3976 1960 ln·

2471 2008 2846 2076 nocentium
2890 2014 2938 2076 1.
2973 2014 3164 2098 epist.
3224 2013 3314 2079 ad
3362 2005 3750 2080 Decentium
3794 2013 3976 2097 anu-

2465 2122 2713 2204 binum,
2769 2148 2914 2212 cap.
2950 2132 3016 2193 3.
3073 2133 3350 2195 Leonem
3411 2132 3461 2195 1.
3525 2131 3723 2215 epist.
3784 2131 3880 2193 88.
3927 2141 3975 2191 et

2464 2242 2686 2326 plures
2715 2244 2902 2310 alios.
2923 2247 3272 2332 Sequitur:

2550 2361 2681 2425 Seu
2713 2362 3221 2428 Sacramentum
3255 2364 3827 2446 Confirmationis,
3868 2379 3968 2430 etc.
4064 2395 4080 2441 3

2463 2476 2614 2541 Haec
2650 2477 2900 2563 adjecta
2948 2491 3101 2544 sunt
3177 2500 3292 2564 pro
3340 2499 3651 2564 expressa
3718 2458 4123 2569 veritatis&

2464 2588 2608 2656 lidei
2650 2592 3107 2675 declaratione,
3147 2616 3379 2681 nempe
3436 2594 3967 2662 Confirmationem
4005 2593 4125 2756 Ξ

2463 2728 2611 2773 esse
2650 2711 3140 2775 Sacramentum
3190 2710 3356 2797 legis
3390 2732 3608 2778 novae.
3649 2714 3813 2777 Hanc
3839 2715 3971 2778 veri·
4046 2763 4124 2819 Β..

2462 2836 2658 2889 tatem
2702 2825 2896 2910 hujus
2928 2826 3239 2912 temporis
3262 2827 3558 2906 Sectarii,
3599 2842 3829 2914 negant
3854 2841 3972 2915 post

2464 2936 2888 3019 VVitclefum‚
2951 2955 3021 3009 ut
3052 2943 3273 3010 videre
3339 2942 3491 3010 licet
3559 2945 3728 3032 apud
3772 2966 3967 3010 omnes

2465 3056 2812 3124 modernos
2842 3060 3404 3128 controvertistaS.
3433 3060 3598 3127 Vide
3630 3062 3970 3148 Lyndanum

2462 3173 2537 3239 in
2587 3174 2698 3240 lib.
2746 3179 2816 3240 4.
2853 3175 3225 3262 Panopliae,
3263 3199 3417 3263 cap.
3473 3181 3593 3247 26.
3649 3191 3710 3244 et
3744 3198 3972 3265 sequen-

2461 3291 2652 3368 tibus,
2693 3290 3157 3358 Bellarminum
3199 3292 3265 3359 in
3315 3293 3484 3361 libro
3545 3294 3627 3361 de
3656 3293 3969 3361 Confirma·

2461 3405 2660 3472 tione.
2742 3408 3151 3474 Contrarium
3230 3409 3431 3497 huJus
3512 3426 3616 3477 est
3701 3410 3777 3477 de
3839 3410 3963 3489 lide,

2463 3534 2639 3608 patet
2678 3524 2913 3609 prim0,
2988 3527 3131 3591 Act.
3199 3528 3266 3591 8.
3337 3526 3516 3592 Tunc
3582 3529 3966 3614 imponebant

2462 3662 2695 3706 manus
2732 3662 2932 3726 super
2960 3663 3085 3720 cos,
3125 3654 3187 3707 et
3225 3644 3645 3729 accipiebant
3676 3646 3964 3730 Spiritum
4021 3613 4127 3718 Ῡζζ

2456 3766 2777 3836 sanctum,
2825 3770 2950 3825 eto.
3006 3761 3145 3824 Act.
3195 3764 3300 3826 19.
3344 3760 3430 3825 Et
3469 3782 3620 3827 cum
3663 3762 3966 3847 imposuis-
3993 3740 4126 3801 ΨΜ

2454 3883 2548 3937 set
2588 3873 2730 3937 illis
2777 3895 3014 3939 manus
3087 3876 3365 3953 Paulus,
3453 3879 3636 3943 venit
3709 3878 3965 3965 Spiritus

2455 4001 2722 4055 sanctus
2757 4011 2959 4075 super
2995 4012 3121 4070 eos,
3168 4005 3293 4058 etc.
3337 3993 3591 4067 Quibus
3632 3995 3842 4061 verbis
3874 4014 3966 4060 ex·

2459 4125 2684 4191 presse
2772 4105 3070 4185 habetur,
3162 4107 3335 4195 quod
3410 4109 3698 4196 Spiritus
3744 4122 3964 4176 sanctus

2453 4219 2725 4286 dabatur
2763 4222 2843 4286 ab
2885 4221 3234 4307 ApostoliS,
3282 4244 3396 4308 per
3448 4245 3698 4303 manus?
3739 4222 3966 4311 imposi-

2453 4337 2721 4417 tionem,
2761 4349 3071 4424 tanquam
3114 4359 3226 4424 per
3266 4339 3535 4425 signum
3569 4341 3885 4420 sensibile,
3915 4350 3963 4403 et

2451 4453 2937 4532 caeremoniam,
3035 4468 3231 4540 atque
3305 4454 3742 4524 infallibiliter
3801 4457 3959 4524 talem

2449 4548 2750 4633 effectum
2821 4567 3334 4655 significantem,
3398 4570 3575 4657 quod
3641 4571 3868 4637 sufficit
3898 4568 3960 4635 ad

2448 4685 2768 4764 rationem
2810 4686 3233 4752 Sacramenti.
3281 4688 3604 4753 Praeterea
3639 4688 3960 4773 promissus

2449 4801 2569 4867 suit
2609 4801 2889 4887 Spiritus
2921 4815 3187 4868 sanctus
3218 4801 3527 4869 Ecclesia>
3558 4817 3622 4869 et
3673 4803 3957 4875 fidelibus,

2443 4917 2639 4984 Joelis
2682 4922 2744 4984 2.
2793 4921 2934 4984 Act.
2978 4922 3043 4986 Ξ.
3095 4919 3362 4985 loannis
3394 4923 3457 4985 Ἴ.
3493 4932 3558 4985 et
3594 4925 3706 4986 14.

2533 5032 2949 5120 Respondent
2990 5034 3276 5100 haeretici
3310 5056 3452 5100 eam
3496 5037 3958 5123 promissionem
4059 5056 4094 5117 t,

2445 5150 2935 5237 intelligendam
2975 5172 3126 5217 esse
3165 5152 3246 5218 de
3311 5154 3560 5239 Spiritu
3613 5172 3824 5222 sancto
3873 5175 3954 5219 re·
3988 5120 4127 5230 bg:-

2441 5281 2628 5353 cepto
2679 5268 2745 5332 in
2780 5267 3195 5354 baptismate.
3251 5269 3376 5335 Sed
3420 5271 3571 5338 licet
3616 5295 3831 5340 verum
3858 5271 3946 5345 sit,
3986 5253 4127 5357 ὦ

2439 5384 2608 5469 quod
2633 5383 2944 5470 recipitur
2964 5384 3247 5470 Spiritus
3276 5399 3546 5455 sanctus
3569 5389 3633 5455 in
3665 5390 3948 5475 Baptismo

2437 5500 2516 5565 ad
2557 5499 3012 5569 remissionem
3044 5513 3492 5587 peccatorum,
3562 5503 3644 5572 de
3669 5525 3742 5571 ea
3770 5518 3948 5571 tamen
