4255 6375
1435 383 1608 446 Dts'r
1656 384 1697 444 l.
1749 381 2113 459 QUAES'rlo
2165 384 2234 443 V.

79 556 231 673 'tam'
300 565 526 618 torum
578 552 790 618 facere
833 571 1036 619 unum
1090 570 1205 637 per
1254 548 1517 616 modum
1564 556 1749 614 actus
1787 557 1849 613 et

78 683 173 725 12⁸²
297 669 639 756 potentiae,
661 670 796 756 jam
848 666 1138 735 inveniat
1169 667 1357 733 nobis
1395 663 1680 744 modum,
1725 684 1854 752 quo

78 745 219 792 ecto.
298 785 711 853 Sacramenti
755 786 960 850 forma
1010 803 1125 872 per
1175 782 1439 849 modum
1474 794 1657 848 actus
1698 779 1855 846 insit

300 904 624 984 materiae,
681 915 750 971 ut
788 903 1097 989 potentias
1134 923 1283 969 cum
1327 922 1453 989 qua
1493 898 1849 986 componit,

302 1034 373 1086 et
411 1021 508 1088 sic
550 1020 754 1087 facilis
786 1019 911 1086 erit
950 1017 1189 1085 solutio
1229 1017 1332 1084 sui
1367 1014 1734 1104 argumenti
1768 1033 1850 1080 ex

305 1137 624 1224 proerS.

413 1252 685 1321 Interim
727 1253 1006 1319 dicimus
1056 1251 1137 1318 de
1183 1249 1431 1316 ratione
1484 1247 1657 1336 signi
1714 1265 1856 1335 pra-

304 1372 461 1437 ctici
531 1391 700 1450 esse,
766 1383 836 1436 ut
912 1367 1205 1436 verificet
1263 1386 1455 1432 suum
1516 1366 1848 1451 signatum

303 1486 484 1554 circa
523 1487 914 1573 subJ'ectum,
988 1495 1051 1550 et
1120 1483 1240 1548 hoc
1290 1481 1481 1547 modo
1547 1478 1855 1567 applicari

304 1604 589 1671 sormam
675 1601 1210 1669 sacramentalem
1279 1596 1610 1664 verbalem
1688 1597 1858 1663 circa

304 1721 711 1808 subjectum,
751 1718 816 1785 in
849 1739 976 1805 quo
1018 1729 1327 1804 operatur
1364 1715 1691 1795 effectum,
1731 1734 1858 1780 non

304 1857 427 1923 per
456 1847 827 1902 contactum
899 1833 1273 1922 physicum,
1328 1829 1439 1898 sed
1471 1852 1556 1897 ex
1606 1831 1669 1896 vi
1710 1851 1859 1896 ver-

305 1954 574 2034 borum,
618 1965 680 2019 et
718 1953 814 2019 sic
869 1951 1234 2038 applicatur
1275 1950 1482 2016 forma
1520 1967 1857 2015 consecra-

304 2067 514 2134 tionis
547 2067 713 2135 circa
742 2066 1076 2133 materiam
1097 2064 1557 2142 Eucharistiae;
1588 2083 1859 2151 quomo-

305 2185 391 2251 do
441 2197 661 2251 autem
701 2204 847 2251 cum
893 2185 1016 2249 hoc
1062 2182 1185 2248 erit
1241 2180 1583 2268 dispositio
1627 2200 1860 2247 neces-

308 2301 526 2368 sitans
555 2299 588 2366 ‘3

71 2423 259 2548 ἔξω
407 2416 864 2504 Respondetur
932 2436 1079 2483 esse
1139 2414 1660 2502 dispositionem,
1723 2434 1854 2480 non

71 2546 275 2659 ffigus
316 2556 434 2623 per
485 2533 749 2600 modum
793 2531 1169 2610 materialis,
1217 2543 1287 2598 ut
1317 2542 1451 2597 toto
1482 2553 1601 2598 suo
1659 2551 1860 2617 argu-

71 2674 281 2742 nemu-
312 2661 542 2719 mento
582 2649 808 2717 alludit
848 2648 1161 2736 praefatus
1200 2659 1449 2726 auctor,
1523 2646 1637 2713 sed
1714 2668 1863 2713 esse

72 2751 189 2785 ⁰¹¹¹*
311 2768 814 2857 dispositionem
857 2765 1220 2852 respective
1250 2765 1326 2832 ad
1367 2785 1632 2832 causam
1676 2765 1859 2851 prin-

309 2884 617 2972 cipalem,
665 2902 899 2968 nempe
938 2885 1162 2962 Deum,
1244 2901 1358 2968 per
1407 2901 1600 2967 quam
1657 2880 1862 2968 appli-

310 3015 504 3068 catur
532 3003 677 3088 cjus
707 2999 1011 3065 voluntas
1047 2998 1367 3085 posterior
1423 3010 1487 3066 et
1516 2997 1860 3064 executiva

310 3117 389 3184 ad
431 3116 833 3185 causandum
873 3115 1172 3183 effectum
1209 3115 1611 3183 Sacramenti
1656 3114 1720 3180 in
1754 3134 1855 3194 ec,

311 3237 419 3303 cui
455 3235 820 3322 applicatur
854 3233 876 3318 (
915 3233 1056 3300 sive
1088 3253 1202 3319 per
1230 3233 1553 3299 actionem
1586 3232 1861 3298 sensibi-

314 3351 475 3429 lem,
519 3349 661 3415 sive
704 3370 817 3435 per
868 3347 1131 3413 modum
1175 3346 1591 3435 significandi
1632 3348 1864 3414 verbo-

318 3488 470 3534 rum
541 3465 1034 3532 connotantium
1097 3463 1311 3551 ipsum
1379 3464 1744 3551 subjectum
1800 3464 1866 3527 in

322 3605 480 3671 qu0,
529 3582 630 3649 vel
672 3583 1007 3648 materiam
1050 3581 1221 3648 circa
1254 3601 1473 3668 quam,
1512 3592 1581 3647 ut
1617 3580 1864 3646 contin·

322 3700 421 3787 git
473 3699 538 3765 in
570 3698 1059 3765 consecratione
1091 3697 1114 3784 )
1148 3717 1296 3786 quze
1320 3697 1624 3763 voluntas
1655 3697 1866 3762 conti-

328 3827 520 3882 netur
562 3814 809 3881 virtute
861 3814 927 3879 in
970 3814 1111 3901 ipso
1140 3816 1581 3889 SacramentO,
1628 3825 1700 3878 ut
1759 3811 1870 3877 ha·

329 3932 436 3997 bet
496 3950 819 3997 annexam
885 3929 1412 4018 promissionem,
1483 3940 1742 4014 pactum
1810 3939 1874 3995 et

329 4048 806 4115 institutionem
848 4048 946 4113 sui
1000 4068 1115 4134 per
1148 4046 1409 4113 modum
1451 4046 1626 4133 signi
1667 4047 1874 4114 sensi·

332 4164 482 4230 bilis
525 4162 813 4250 practici.

420 4281 604 4357 Nam,
665 4290 733 4344 ut
800 4278 965 4344 bene
1015 4282 1270 4357 Doctor‚
1337 4299 1530 4345 causa
1608 4280 1869 4366 prioris,

103 4410 241 4520 gil&
338 4415 464 4461 non
499 4408 596 4460 est
634 4414 827 4461 causa
873 4394 1276 4480 posterioris,
1320 4394 1442 4460 nisi
1478 4395 1761 4461 medium
1795 4397 1881 4463 sit

99 4534 256 4594 prioris
339 4511 557 4598 aliquo
599 4510 790 4576 modo
828 4531 1022 4576 causa
1063 4511 1447 4596 posterioris
1488 4535 1502 4591 ;
1538 4510 1879 4599 dispositio

69 4598 286 4727 ξῗῡζῗξζξ
339 4640 553 4693 autem
590 4626 993 4692 necessitans
1023 4625 1102 4692 ad
1144 4626 1416 4692 formam
1459 4639 1725 4693 eatenus
1775 4649 1881 4694 ne-

70 4722 306 4772 ⁰²²“'⁰‘¹⁸·
341 4743 625 4819 cessitat,
689 4754 1015 4830 quatenus
1055 4763 1171 4828 per
1212 4762 1352 4808 eam
1406 4743 1706 4830 positam,
1754 4765 1881 4810 non

344 4859 553 4926 solum
596 4858 964 4946 subjectum
999 4857 1071 4923 fit
1136 4877 1342 4944 capax
1382 4858 1637 4924 sublato
1683 4860 1881 4947 impe-

342 4976 658 5052 diment0‚
704 4986 773 5040 ut
812 4973 1080 5059 recipiat
1119 4974 1390 5040 formam
1426 4977 1879 5061 posteriorem,

98 5095 248 5148 Forma
308 5092 496 5179 ‘quia
536 5091 632 5157 sic
700 5091 972 5177 praecise
1042 5110 1170 5155 non
1221 5102 1393 5157 esset
1453 5093 1880 5171 necessitans‚

69 5160 320 5211 {aeramenti

69 5218 315 5331 “gjssgim
348 5207 459 5273 sed
513 5206 899 5293 inquantum
930 5217 1029 5272 est
1084 5204 1538 5273 determinatio
1587 5208 1884 5294 quaedam

220 5302 262 5333 nl

76 1279 229 1350 lviltlr

76 1347 235 1391 ectio.

80 5347 288 5413 principa-
348 5324 628 5411 agentis,
685 5333 754 5388 ut
786 5337 983 5410 ponat
1013 5321 1289 5389 formam
1322 5325 1399 5390 ad
1442 5345 1637 5411 quam
1672 5326 1888 5411 ‹lispo-

349 5452 463 5518 nit.
486 5449 751 5527 Quando
782 5450 955 5515 enim
988 5470 1191 5535 agens
1223 5451 1358 5537 agit
1408 5471 1555 5517 cum
1596 5452 1890 5518 subordi-

122 5410 220 5460 lein.

346 5577 605 5663 natione
643 5574 721 5642 ad
743 5572 1039 5645 diversas
1080 5577 1345 5658 formas,
1372 5590 1601 5646 etcum
1635 5578 1885 5665 ordine,

3397 376 3510 436 185

1965 566 2301 633 nunquam
2343 557 2443 614 est
2495 546 2874 635 inpotentia
2907 541 3205 633 proxima
3243 537 3504 626 agendi,

1965 678 2263 752 respectu
2304 666 2530 730 formae
2565 662 2965 750 posterioriS,
2992 660 3197 727 donec
3229 668 3508 745 ponatur

1968 782 2174 848 forma
2207 781 2382 868 prior
2424 781 2489 846 in
2521 801 2676 859 esse,
2705 793 2766 845 et
2787 779 2880 845 sic
2913 799 3025 864 per
3068 777 3341 842 formam
3376 773 3511 862 pri-

1967 920 2145 966 orem
2207 897 2510 985 positam,
2591 894 3058 962 determinatur
3115 892 3351 972 active,
3447 903 3515 956 ut

1970 1028 2167 1104 ponat
2207 1014 2660 1102 posteriorem.

2059 1132 2167 1198 Sic
2198 1132 2261 1197 in
2309 1130 2642 1217 proposito
2673 1132 2843 1195 Deus
2875 1126 3172 1214 alligavit
3201 1123 3511 1192 virtutem

1970 1270 2159 1317 suam
2192 1248 2472 1315 activam
2526 1245 2986 1324 Sam-amentis,
3042 1265 3116 1311 ea
3167 1242 3513 1308 instituen-

1970 1369 2075 1449 do,
2116 1378 2187 1434 ut
2226 1379 2398 1433 certa
2430 1366 2620 1453 signa
2659 1364 2889 1451 gratiae
2953 1359 3183 1449 positis
3244 1355 3516 1445 requisi-

1972 1487 2107 1564 tis;
2153 1485 2256 1550 his
2305 1504 2463 1570 ergo
2529 1481 2869 1569 applicatis
2910 1479 3379 1546 determinatur
3438 1475 3517 1541 ad

1972 1603 2365 1671 causandam
2400 1601 2705 1687 gratiam,
2765 1613 2828 1665 et
2868 1598 2992 1664 hoc
3025 1597 3213 1661 modo
3281 1592 3520 1659 intelli-

1972 1723 2070 1810 git
2102 1727 2335 1787 Doctor
2364 1723 2778 1786 Sacramenta
2829 1738 2974 1784 esse
3016 1713 3513 1804 dispositionem

1975 1836 2478 1906 necessitantem
2501 1834 2578 1901 ad
2617 1833 2924 1921 gratiam.
2951 1834 3046 1897 Ex
3088 1831 3211 1896 hoc
3238 1827 3376 1896 solo
3409 1847 3516 1914 pa·

1971 1969 2064 2024 tet
2093 1954 2173 2022 ad
2207 1954 2456 2041 reliqua
2523 1951 2742 2018 omnia
2772 1971 2922 2038 quae
2961 1947 3272 2034 praesatus
3301 1956 3524 2010 auctor

1973 2071 2294 2160 congerit.

2063 2193 2224 2255 Nam
2258 2185 2431 2274 quod
2463 2183 2642 2250 addit
2673 2182 2752 2249 de
2791 2177 3247 2268 applicatione,
3284 2176 3381 2243 sic
3411 2196 3522 2241 vo·

3543 1197 3861 1265 Explicatur.

3571 2227 3675 2278 Res
3742 2224 3851 2276 nsio

1974 2306 2105 2374 cari
2175 2325 2368 2394 posse
2433 2323 2695 2368 causam
2767 2320 2881 2387 per
2929 2318 3024 2379 se,
3073 2295 3243 2362 sicut
3301 2296 3521 2360 Sacra·
3606 2241 3823 2416 reiffilua.

1977 2434 2296 2501 mentum,
2326 2418 2757 2506 respondetur
2799 2427 3092 2482 naturam
3125 2432 3341 2479 causae
3399 2433 3516 2500 per
3633 2415 3804 2542 ἓξὲξ

1977 2562 2048 2608 se
2095 2536 2352 2604 definiri
2387 2535 2624 2602 debere
2648 2536 2837 2621 juxta
2879 2529 3214 2597 materiam
3260 2528 3520 2616 subjec-
3589 2537 3828 2609 definitur

1976 2668 2134 2733 tam,
2172 2654 2358 2720 aliter
2396 2663 2614 2719 autem
2648 2648 2936 2715 sumitur
2976 2665 3171 2712 causa
3204 2643 3269 2709 in
3312 2655 3513 2711 mate·
3580 2605 3846 2714 mgiffssm

1978 2772 2072 2839 ria
2106 2770 2336 2837 morali
2377 2780 2440 2836 et
2479 2765 2858 2852 Theologia,
2893 2763 3080 2829 aliter
3129 2761 3192 2827 in
3253 2761 3524 2827 materia
3551 2727 3848 2793 subjectam.

1980 2887 2276 2976 physica,
2333 2897 2394 2952 et
2458 2884 2697 2971 ubique
2754 2902 2871 2968 pro
2937 2900 3013 2945 eo
3070 2877 3244 2967 quod
3303 2875 3522 2943 influit

1977 3026 2112 3071 esse
2172 3005 2237 3070 in
2294 3003 2624 3070 effectum.
2697 2995 3057 3084 Applicatio
3118 2993 3180 3059 in
3225 2992 3518 3079 physicis
3569 3027 3864 3099 Applicatio

1978 3143 2107 3189 non
2159 3121 2394 3189 dicitur
2452 3136 2672 3199 causa,
2710 3114 2861 3203 quia
2892 3123 3139 3200 spectat
3178 3110 3255 3176 ad
3305 3121 3518 3176 actum
3609 3106 3839 3219 phfficis

1978 3240 2289 3328 primum,
2335 3246 2400 3302 et
2433 3254 2560 3300 non
2592 3254 2705 3320 per
2737 3231 3000 3297 modum
3035 3226 3362 3315 principii,
3408 3226 3521 3294 sed
3588 3231 3864 3333 estffffusa.

1980 3378 2094 3444 per
2126 3353 2385 3421 modum
2427 3348 2821 3418 conditionis
2855 3348 2920 3413 in
2962 3346 3178 3432 rigore
3212 3343 3521 3430 physico;

1981 3476 2046 3540 in
2089 3471 2448 3539 moralibus
2496 3480 2710 3533 autem
2756 3485 2870 3553 per
2927 3462 3129 3529 solam
3189 3460 3528 3549 applicati-

1981 3610 2202 3668 onem,
2292 3582 2682 3674 quandoque
2779 3578 3301 3647 communicatur
3388 3597 3528 3642 esse

1985 3706 2232 3773 morale
2259 3727 2274 3784 3
2319 3703 2736 3767 Sacramenta
2766 3709 2980 3763 autem
3004 3694 3341 3761 continent
3368 3691 3532 3759 esse-

1986 3835 2165 3890 ctum
2206 3842 2285 3888 ex
2317 3819 2416 3886 sui
2445 3816 2854 3884 institutione
2890 3813 3080 3879 modo
3124 3812 3295 3879 dicto
3322 3831 3531 3877 mora-

1987 3939 2160 4018 liter,
2227 3948 2290 4005 et
2346 3933 2674 4021 applicant
2743 3930 3032 3996 divinam
3100 3928 3531 3995 voluntatem.

1989 4056 2174 4124 Unde
2205 4054 2345 4140 ipse
2385 4054 2624 4117 Suarez
2665 4047 2731 4113 in
2800 4045 2928 4111 fine
2996 4042 3301 4124 admittit,
3361 4042 3533 4129 quod

1992 4173 2054 4243 id
2101 4169 2273 4259 quod
2336 4166 2606 4254 physice
2684 4174 2782 4229 est
2831 4161 3140 4241 conditi0,
3186 4171 3298 4225 aut
3339 4178 3538 4224 causa

1993 4308 2109 4374 per
2139 4284 2439 4352 accidens
2473 4272 2828 4358 moraliter,
2869 4276 3073 4364 possit
3144 4296 3290 4342 esse
3342 4294 3536 4340 causa

1991 4424 2106 4492 per
2140 4424 2251 4480 se;
2295 4418 2414 4465 nos
2453 4408 2668 4462 autem
2728 4393 2915 4459 aliter
2988 4391 3270 4458 dicimus
3357 4388 3534 4455 nullo

1995 4519 2188 4587 modo
2245 4521 2661 4583 Sacramento
2701 4510 2828 4577 dici
2896 4528 3126 4575 causas
3184 4527 3298 4592 per
3366 4504 3537 4571 acci-

1995 4638 2182 4716 dens,
2217 4633 2329 4700 sed
2362 4650 2591 4697 causas
2636 4648 2747 4715 per
2794 4648 2886 4692 se.

2086 4752 2267 4820 Unde
2294 4746 2644 4816 notandum
2678 4756 2797 4824 est,
2826 4741 2995 4830 quod
3026 4743 3542 4819 Sacramentum,
3683 4779 3768 4831 81.

1998 4884 2109 4939 aut
2156 4868 2322 4935 actio
2364 4865 2631 4954 physica
2655 4860 3079 4943 Sacramenti,
3125 4880 3204 4925 ex
3283 4857 3542 4923 institu-
3622 4842 3755 4904 Quid
3785 4838 3852 4890 ’ἢ

3601 4903 3862 4955 conditio?

1998 4990 2177 5056 tione
2208 4986 2401 5053 etiam
2441 4981 2664 5049 divina
2698 4980 2902 5067 possit
2940 4976 3219 5065 supponi
3278 4974 3355 5041 ad
3397 4995 3541 5041 cre-
3598 4965 3853 5018 Institutio

3727 5045 3755 5077 u

2000 5107 2287 5173 ationem
2339 5100 2573 5188 gratiae
2606 5098 2671 5164 in
2710 5095 2925 5162 anima
2976 5092 3232 5158 duobus
3301 5090 3534 5157 modis.
3595 5046 3895 5209 griggffi'gss,

2002 5218 2220 5286 Primo
2264 5214 2482 5293 mod0,
2551 5224 2619 5278 ut
2675 5229 2932 5295 semper
3000 5206 3537 5293 praeexigeretur,
3635 5171 3773 5267 nerto

2004 5338 2093 5404 ita
2135 5347 2205 5402 ut
2242 5334 2428 5400 aliter
2478 5335 2646 5397 Deus
2688 5348 2815 5393 non
2869 5336 3189 5405 causaret,
3251 5322 3374 5389 nisi
3437 5321 3547 5388 illo
3595 5295 3901 5395 ωηῗιεῑῗῗοηῑε

2006 5451 2372 5540 supposito,
2401 5446 2702 5536 quamvis
2728 5462 2853 5509 non
2879 5440 3346 5508 determinaret
3376 5442 3548 5505 Deus
3622 5411 3846 5458 tantum.

2009 5587 2269 5655 semper
2326 5577 2389 5632 ct
2443 5573 2645 5642 certo,
2693 5559 2897 5648 posita
2957 5557 3213 5624 actione
3253 5555 3547 5643 physica,
