4255 6375
870 363 991 425 476

873 523 1096 588 dicant
1151 526 1507 594 efficaciam
1579 535 1665 595 ad
1733 535 2090 600 delendum
2137 540 2414 602 mortale

868 645 1149 721 actuale,
1184 653 1252 709 et
1279 649 1648 728 Baptismus
1697 657 2039 736 originale.
2086 658 2415 733 Quantum

865 760 952 823 ad
1026 759 1384 828 efficaciam
1442 771 1848 835 remissionis
1920 773 2127 852 maior
2185 781 2288 837 est
2349 777 2416 837 in

865 878 1226 956 Baptismo‚
1286 885 1437 961 quia
1482 890 1688 948 totam
1722 905 1981 966 poenam
2022 892 2317 965 remittit,
2351 895 2420 951 et

866 1003 1083 1064 omnia
1117 1011 1386 1081 peccata
1437 1011 1755 1081 venialia.·
1817 1013 2204 1077 Poenitentia
2249 1033 2417 1076 mor-

867 1116 1015 1178 talia
1104 1121 1380 1192 tantum,
1469 1132 1534 1187 et
1613 1125 1915 1190 confessa
1986 1131 2291 1204 venialia,
2349 1138 2419 1194 et

865 1248 1130 1312 poenazu
1178 1244 1490 1302 aeternam
1534 1247 1825 1318 remittit,
1874 1263 2010 1309 non
2064 1253 2283 1311 tamen
2324 1256 2416 1311 to-

865 1357 996 1416 tam
1055 1371 1317 1434 poenam
1388 1367 1817 1440 temporalem
1857 1413 1874 1440 ,
1931 1365 2082 1428 vide
2139 1368 2416 1431 Triden-

864 1471 1071 1534 tinum
1101 1493 1249 1537 sess.
1293 1478 1384 1538 14.
1432 1497 1575 1558 cap.
1626 1484 1686 1544 2.
1743 1483 2157 1548 Conveniunt
2196 1489 2411 1564 tertie,

536 1606 816 1674 Utriusque
865 1590 1046 1668 quod
1091 1595 1156 1655 in
1209 1601 1359 1657 voto
1405 1603 1754 1680 utriusque
1812 1604 2183 1666 remittatur
2236 1621 2411 1667 mor·

513 1671 814 1743 convenien-

631 1741 718 1784 tua.

512 2220 825 2275 Differentia-

546 3035 786 3088 Definitio

501 3100 827 3151 Poeniteutiae

545 3163 778 3216 virtutis.

863 1709 991 1770 tale
1035 1711 1290 1774 actuale
1347 1730 1469 1791 per
1538 1718 2020 1794 contritionem,
2084 1726 2153 1782 et
2205 1720 2413 1783 forma

865 1829 991 1886 tam
1025 1824 1333 1904 Baptismi
1369 1849 1560 1910 quam
1593 1834 1999 1900 Poenitentiae
2017 1837 2407 1915 verificatur,

858 1961 991 2006 non
1055 1947 1119 2008 in
1197 1953 1585 2018 remissione
1649 1963 1903 2035 peccati
1973 1961 2269 2034 remissi,
2337 1968 2412 2023 ut

858 2061 1252 2130 dictumest.

937 2177 1261 2244 Differunt
1302 2190 1522 2248 tamen
1566 2187 1630 2250 in
1675 2189 1825 2263 hoc,
1873 2193 2050 2270 quod
2098 2201 2199 2256 est
2248 2214 2407 2258 con-

857 2295 1089 2354 notare
1137 2304 1481 2373 peccatum
1543 2306 1962 2382 praeteritum,
2035 2312 2217 2388 quod
2273 2332 2406 2377 non

858 2413 1180 2486 competit
1222 2414 1598 2492 Baptisn103
1649 2426 1951 2486 convenit
2005 2430 2224 2488 tamen
2270 2444 2404 2505 poe-

857 2526 1150 2589 nitentiae
1198 2534 1463 2610 proprie
1511 2533 1717 2613 dictae,
1780 2547 1851 2602 ut
1906 2548 2007 2603 est
2066 2546 2292 2614 virtus,
2339 2555 2405 2611 et

852 2643 925 2699 ut
970 2646 1073 2702 est
1116 2643 1631 2726 Sacramentum,
1695 2652 1981 2734 ideoque
2029 2662 2401 2722 necessario

851 2760 1170 2835 supponit
1200 2780 1216 2834 ς
1247 2773 1593 2839 peccatum
1646 2774 1876 2850 nequit
1907 2790 2054 2835 esse
2100 2778 2164 2837 in
2203 2778 2401 2841 Beata

857 2879 1120 2960 Virgine
1176 2889 1247 2945 ut
1287 2885 1585 2966 rigorose
1641 2896 1936 2968 sumitur,
1999 2900 2148 2976 quia
2208 2900 2401 2978 poeni·

857 2998 1055 3057 tentia
1105 2998 1331 3072 virtu&
1376 3006 1450 3063 ut
1494 3003 1800 3069 definitur
1848 3013 1915 3072 in
1963 3013 2075 3073 lib.
2130 3017 2207 3076 de
2244 3033 2400 3077 vera

857 3119 914 3173 ee
967 3115 1139 3190 falsa
1180 3123 1578 3198 poenitentia,
1642 3135 1742 3192 est
1785 3131 1974 3193 dolor
2015 3137 2228 3197 animi
2268 3152 2395 3213 pu·

853 3232 1086 3292 nicaeis
1113 3233 1178 3292 in
1204 3252 1292 3307 se,
1339 3242 1514 3313 quod
1539 3243 1708 3306 dolet
1761 3250 2179 3311 commisisse.-
2230 3267 2382 3329 sup·

850 3348 1038 3423 ponit
1094 3366 1253 3429 ergo
1301 3364 1642 3430 peccatum
1701 3366 2011 3441 tanquam
2057 3371 2396 3432 materiam

851 3458 1022 3521 circa
1081 3480 1304 3542 quam,
1368 3468 1431 3530 in
1488 3488 1618 3549 quo
1681 3474 1901 3538 differt
1944 3495 1981 3539 a
2041 3481 2393 3558 Baptismo‚

850 3579 962 3658 qui
994 3596 1115 3656 per
1156 3582 1465 3646 accidens
1519 3592 1772 3653 ratione
1825 3597 2076 3672 peccati
2121 3599 2395 3660 actualis

848 3692 912 3753 in
945 3695 1169 3758 adulto
1217 3701 1419 3778 exigit
1457 3705 1938 3781 poenitentiam,
1985 3715 2051 3771 et
2101 3726 2233 3774 non
2277 3730 2397 3791 per

496 3802 575 3854 Ex
641 3804 816 3856 multis
846 3824 943 3871 se.
1008 3812 1392 3881 Poenitentia
1455 3821 1654 3880 etiam
1698 3822 1895 3886 habet
1952 3827 2253 3890 ordinem
2311 3829 2395 3891 ad

516 3866 804 3919 rationibus

498 3930 814 3981 Paenitentia
846 3935 1191 4002 peccatum
1238 3938 1633 4012 praeteritum
1689 3943 1942 4004 ratione
2006 3961 2139 4006 non
2183 3948 2391 4009 solum

500 3992 814 4043 Sacramen-

607 4059 715 4105 tum

542 4119 782 4182 supponit

523 4186 785 4252 peccatum

557 4241 736 4297 suase.

846 4048 1274 4124 contritioniS‚
1325 4068 1474 4130 quae
1532 4060 1632 4117 est
1691 4073 1840 4134 pars
1891 4063 2177 4125 materiae
2220 4063 2388 4143 ajam,

843 4166 965 4228 sed
1042 4171 1239 4231 etiam
1309 4172 1763 4249 confessionis,
1813 4194 1963 4256 quae
2031 4188 2132 4244 est
2205 4189 2391 4246 actus

835 4285 1178 4363 JuridicuS,
1231 4294 1298 4351 et
1352 4294 1681 4355 accusatio
1727 4297 2078 4362 criminalis
2122 4301 2216 4361 rei
2274 4318 2393 4378 per

843 4407 1156 4481 seipsum,
1218 4413 1287 4468 et
1337 4412 1736 4473 recurrentis
1798 4413 1884 4475 ad
1931 4416 2057 4478 hoc
2110 4418 2391 4482 tribunal

844 4520 927 4582 ob
988 4537 1365 4599 peccarum.
1435 4526 1778 4599 Praeterea.
1841 4532 2092 4595 ratione
2141 4536 2388 4598 satissa-

842 4638 1099 4710 ctionis,
1137 4654 1287 4716 quae
1321 4641 1677 4720 imponitur
1721 4653 1995 4725 propter
2022 4658 2386 4730 peccatum,

842 4753 1001 4817 dicit
1046 4755 1325 4819 similem
1374 4760 1671 4824 ordinem
1703 4764 1786 4825 ad
1831 4771 2194 4842 peccatum.
2231 4770 2387 4834 Prae·

845 4878 1049 4946 terea,
1103 4874 1356 4938 ratione
1403 4877 1624 4943 formae
1668 4898 1811 4960 quae
1857 4889 1957 4946 est
2023 4903 2169 4963 pars
2212 4892 2385 4966 prin-

841 4993 1089 5070 cipalis,
1148 5002 1216 5057 et
1259 4997 1554 5059 consistit
1609 4999 1673 5061 in
1729 5008 1882 5064 actu
1929 5004 2225 5084 ¹judiciali
2267 5025 2389 5086 per

840 5108 1114 5172 modum
1170 5115 1511 5176 sententiae
1573 5118 1735 5181 latae.
1803 5122 1947 5183 Haec
2005 5128 2236 5200 patent
2304 5142 2384 5188 ex

837 5225 1214 5290 Tridentino
1264 5247 1411 5293 sess.
1470 5233 1562 5293 14.
1615 5249 1758 5311 cap.
1791 5237 1852 5298 2.
1883 5237 1942 5298 4.
1973 5239 2032 5299 5.
2075 5246 2133 5300 ec
2159 5241 2218 5302 6.
2251 5258 2385 5305 non

841 5363 999 5427 ergo
1071 5349 1223 5411 ideo
1280 5351 1661 5427 poenitentia
1736 5351 1889 5415 dicit
1946 5355 2246 5422 ordinem
2300 5363 2385 5426 ad

839 5466 1189 5540 peccatum
1260 5465 1680 5541 praeteritum,
1743 5470 1893 5545 quia
1948 5471 2241 5534 instituta
2287 5478 2388 5536 est

841 5567 1061 5623 contra
1121 5570 1493 5639 peccatum,
1560 5564 1680 5626 sed
1726 5581 1808 5627 ex
1861 5568 2061 5631 modo
2120 5571 2384 5650 speciali

2016 376 2162 438 LlB.
2208 377 2311 439 tv,
2360 378 2960 444 semmam!

2527 557 2661 603 suae
2686 543 3128 618 institutionis,
3159 545 3226 606 in
3258 561 3394 625 quo
3425 543 3622 606 differt
3649 560 3684 605 a
3714 545 3967 621 Baptismo

2525 657 2896 735 Baptismus
2933 662 3198 738 respicit
3240 669 3575 738 peccatum
3597 665 3667 721 ut
3698 660 3971 721 terminum

2528 792 2569 835 a
2598 792 2724 852 quo
2758 780 3032 850 tantum,
3065 778 3118 840 si
3148 778 3319 840 inest
3346 798 3363 852 ;
3398 778 3749 857 poenitentia
3776 792 3900 836 vem
3922 783 3973 837 ut

2528 893 2867 954 materiam
2920 894 3090 956 circa
3142 911 3337 973 quam
3389 892 3704 972 perficitur
3746 892 3880 953 ordo
3903 895 3974 970 ju-

2529 1009 2803 1082 dicialis..
2872 1010 2956 1072 ad
3008 1012 3196 1091 cujus
3239 1027 3531 1074 normam
3582 1011 3846 1072 instituta
3890 1015 3973 1080 est,

2527 1135 2593 1190 et
2632 1134 3021 1190 excercetur
3059 1136 3347 1208 potestas
3392 1128 3628 1208 ligandi
3668 1135 3844 1204 atque
3884 1128 3974 1186 sol-

2528 1243 2752 1317 vendi,
2816 1244 3109 1323 ideoque
3178 1245 3452 1323 requirit
3494 1250 3809 1321 peccatum
3856 1257 3976 1313 esse,

2528 1366 2640 1423 aut
2670 1357 2896 1436 fuisse,
2940 1359 3024 1423 de
3064 1379 3194 1440 quo
3244 1362 3578 1442 cognoscit
3616 1377 3732 1438 per
3767 1375 3863 1430 se;
3888 1375 3980 1419 non

2524 1476 2610 1537 ita
2670 1478 3063 1556 Baptismus,
3134 1481 3284 1558 quia
3347 1496 3431 1541 ex
3480 1476 3825 1539 conditione
3869 1477 3978 1537 suh-

2515 1593 2681 1671 jecti
2744 1594 2868 1654 hoc
2934 1599 3188 1656 tantum
3249 1597 3430 1673 petit.
3493 1611 3618 1656 non
3673 1610 3750 1656 ex
3796 1593 3981 1654 ratione

2524 1711 2807 1771 materiae
2837 1716 2950 1772 aut
2993 1709 3255 1786 formae;
3306 1728 3391 1773 ex
3433 1728 3558 1790 quo
3605 1710 3905 1787 responsio
3927 1709 3983 1768 ad

2522 1830 2991 1903 argumentum
3036 1830 3237 1902 patet.

2923 2090 3382 2172 QUAESTIO
3480 2093 3650 2163 VII.

2524 2362 2756 2430 Utrum
2797 2388 3017 2432 onmes
3056 2369 3382 2454 baptizali
3420 2371 3745 2455 recipiant
3782 2367 3984 2453 oeqtmli-

2859 2495 2957 2550 ter
3002 2487 3307 2572 effectum
3366 2488 3745 2573 Baptismi‘?

2513 2734 2704 2793 Ateus.
2738 2736 2790 2790 4.
2824 2750 2876 2802 Γ.
2906 2751 2960 2802 q.
2991 2736 3082 2792 21.
3117 2752 3193 2791 m.
3224 2736 3275 2790 3.
3310 2738 3374 2791 D.
3410 2739 3614 2793 Bonav.
3646 2738 3733 2791 ln'c
3764 2754 3814 2805 p.
3848 2739 3984 2790 aare.

2583 2809 2642 2861 2.
2674 2823 2729 2874 q.
2761 2807 2811 2860 3.
2842 2805 3093 2862 Richard.
3125 2813 3246 2864 are.
3304 2808 3360 2863 3.
3409 2825 3462 2875 q.
3504 2806 3555 2864 3.
3608 2811 3670 2864 D.
3709 2808 3870 2864 Thom.
3891 2812 3927 2864 3.
3948 2825 3984 2873 ρ.

2583 2879 2633 2932 b.
2665 2878 2758 2932 69.
2789 2884 2914 2932 art.
2944 2879 2997 2933 8.
3027 2880 3297 2934 suarez-ct
3328 2880 3567 2950 vasquez
3606 2882 3703 2944 ibi,
3733 2883 3868 2935 Solus
3886 2883 3931 2934 α.
3950 2884 3986 2935 6.

2582 2966 2634 3018 q.
2670 2951 2828 3003 unic.
2864 2954 2978 3004 art.
3010 2951 3066 3005 6.
3102 2948 3395 3006 Ρειῐυά.1ιΐσ
3421 2967 3475 3019 q.
3516 2954 3563 3007 1.
3593 2951 3883 3020 Gabr.q.2.
3907 2957 3983 3010 art.

2578 3025 2633 3077 2.
2674 3021 2880 3076 Bassol.
2913 3037 2967 3089 q.
3006 3024 3053 3077 1.
3084 3027 3199 3077 art.
3232 3021 3280 3076 3.
3312 3021 3510 3078 Eckius
3530 3025 3593 3077 de
3616 3025 3764 3091 Bapl.
3792 3026 3907 3078 lio-a.
3925 3025 3984 3085 13,

2594 3223 2903 3296 Ultimo
2946 3244 3223 3315 quaero
3264 3226 3394 3315 (a),
3453 3231 3729 3299 utrum
3772 3245 3982 3297 omnes

2502 3340 2895 3430 baptizati
2940 3340 3336 3435 recipiant
3377 3343 3798 3434 aequaliter
3852 3340 4051 3427 effe-ij

2502 3461 2724 3531 ctum
2768 3458 3227 3550 Baptismi?
3275 3457 3615 3531 Videtur
3664 3459 3848 3552 quod
3883 3458 3980 3535 sic,

2506 3573 2693 3666 quia
2741 3573 3077 3645 effectus
3137 3574 3540 3666 Baptismi
3601 3575 3845 3667 magis
3897 3573 3984 3644 de-

2508 3690 2791 3782 pendet
2841 3710 2887 3761 a
2926 3691 3394 3765 conferente
3445 3713 3685 3785 quam
3717 3713 3761 3763 a
3802 3689 3987 3762 susci-

2506 3806 2798 3900 piente,
2842 3808 3054 3882 sicut
3094 3809 3429 3884 effectus
3472 3809 3986 3882 universaliter

2508 3923 2769 4014 magis
2810 3925 3192 4017 dependet
3235 3944 3281 3997 a
3330 3945 3577 3998 causa
3656 3925 3982 3999 efficiente

2505 4059 2748 4132 quam
2786 4061 2833 4113 a
2879 4041 3252 4115 materia.
3300 4044 3664 4136 Apparet
3696 4039 3984 4161 etiamin

2506 4154 2959 4247 proposito,
3010 4155 3196 4248 quia
3247 4154 3325 4226 in
3370 4155 3751 4231 ministro
3780 4171 3984 4245 {reqm-

2508 4270 2723 4343 ritur
2770 4268 3215 4364 perfectior
3264 4271 3638 4355 intentio,
3695 4290 3900 4366 quam
3933 4269 3984 4338 in

2506 4387 2974 4479 recipiente,
3013 4389 3216 4481 quod
3262 4409 3423 4461 non
3472 4396 3623 4471 est,
3671 4391 3818 4463 nisi
3853 4385 3983 4479 quia

2502 4505 2600 4577 ab
2658 4526 2753 4577 eo
2810 4504 3071 4596 magis
3135 4505 3520 4599 dependet
3586 4507 3981 4601 Baptismus

2504 4640 2744 4712 quam
2788 4640 2836 4692 a
2869 4620 3403 4711 suscipiente;
3460 4622 3591 4695 sed
3647 4622 3981 4696 ministro·

2505 4757 2685 4809 rum
2730 4737 3241 4830 inaequalitas
3273 4737 3477 4810 nihil
3517 4739 3718 4814 facit
3745 4739 3829 4813 ad
3853 4738 3976 4809 ine

2501 4853 2978 4947 qualitatem
3012 4854 3343 4929 effectus
3376 4856 3772 4949 Baptismi
3797 4883 3812 4939 ;
3838 4869 3977 4943 ergo

2502 4972 2758 5046 multo
2852 4971 3112 5064 magis
3199 4972 3714 5063 inaequalitas
3794 4968 3975 5045 susci-

2500 5090 2933 5183 pientium;
2978 5095 3056 5164 et
3103 5110 3245 5183 per
3295 5110 3790 5186 consequens
3816 5085 3971 5163 nulla

2497 5211 2621 5280 est
2718 5227 2968 5280 causa
3058 5208 3643 5301 inaequalitatis
3718 5208 3968 5285 effectus

2499 5325 2763 5419 hujus.

2588 5446 2920 5525 Contra,
2987 5457 3172 5515 actus
3211 5448 3587 5514 activorum
3626 5461 3770 5515 sunt
3809 5449 3863 5511 in
3883 5461 3961 5528 po·
4019 5469 4089 5527 ω.

2497 5567 2698 5631 tienle
2727 5565 3048 5651 disposito
3078 5567 3142 5631 2.
3191 5560 3283 5632 (le
3331 5562 3671 5647 Anima;
3722 5580 3876 5652 ergo
3910 5555 3958 5625 ill
4008 5526 4094 5602 Ψ·
