4255 6375
625 394 703 461 38
1788 396 1934 463 ΜΒ.
1960 396 2057 457 lv.
2096 392 2691 457 SENTEN'I'IARUM

643 558 910 631 ctoria
966 563 1091 633 est
1139 559 1525 632 distantia
1598 557 1907 632 infinita
1962 560 1996 625 ‘t‘
2031 556 2185 627 Re-

643 676 1017 768 spondeo,
1086 676 1573 769 simpliciter
1649 673 1948 748 falsum
2030 678 2179 752 est,

642 791 1107 884 accipiendo
1142 793 1548 867 infinitum
1592 812 1738 885 pro
1807 791 2185 864 exceden-

641 911 724 980 te
782 909 1266 1003 simpliciter
1317 914 2039 1003 quantumcumque
2096 908 2186 979 fi-

321 1033 587 1106 Contradi·
642 1026 901 1101 nitum
955 1028 1034 1100 in
1075 1028 1505 1102 infinitum.
1568 1029 1711 1101 Sed
1745 1028 1906 1100 alio
1953 1030 2185 1100 modo

297 1104 1047 1246 djs‘t‘i‘r'qssmiuinfinitum
1094 1150 1357 1239 potest
1426 1146 1686 1239 accipi
1767 1166 1912 1239 pro
1980 1145 2187 1218 inde·

296 1224 601 1351 effpfflffi.
639 1263 1112 1345 terminato,
1166 1268 1246 1338 et
1290 1265 1404 1337 sic
1460 1283 1744 1335 verum
1776 1269 1925 1346 est,
1963 1262 2186 1336 nulla

640 1380 854 1451 enim
902 1380 1288 1455 distantia
1345 1386 1465 1453 est
1511 1381 1627 1454 ita
1671 1399 1947 1473 parva,
1997 1380 2183 1473 quin

641 1496 991 1571 sufficiat
1024 1498 1117 1569 ad
1144 1496 1906 1577 contradictionem;
1938 1516 2185 1589 quan-

640 1616 1159 1705 tumcumque
1191 1613 1404 1686 enim
1450 1613 1852 1686 modicum
1886 1613 2187 1706 aliquid

638 1730 955 1802 recedat
989 1731 1086 1803 ab
1118 1751 1274 1803 uno
1318 1730 2180 1814 contradictoriorum,

636 1846 921 1920 statim
967 1851 1092 1921 est
1133 1847 1278 1919 sub
1318 1847 1608 1931 alter0,
1682 1869 1825 1921 nec
1884 1854 2008 1922 est
2071 1849 2186 1921 di-

635 1963 941 2037 stantia
974 1964 1249 2056 aliqua
1290 1968 1455 2039 tam
1505 1984 1824 2056 magna,
1858 1965 2184 2039 etiamsi

638 2086 911 2173 posset
1009 2101 1187 2153 esse
1264 2080 1343 2153 in
1432 2082 1834 2154 infinitum
1920 2082 2185 2175 major

640 2198 1021 2280 maxima,
1077 2196 1267 2288 quin
1302 2198 1394 2269 ad
1432 2197 1656 2269 illam
1706 2203 1785 2272 et
1845 2198 2019 2293 ejus
2060 2220 2186 2270 ex-

638 2318 905 2388 trema
984 2336 1068 2385 se
1126 2315 1506 2387 extendat
1601 2316 2182 2403 contradictio;

637 2434 719 2502 et
770 2428 929 2501 isto
984 2429 1214 2501 modo
1250 2428 1713 2522 accipiendo
1784 2430 2188 2506 infinitum

636 2544 719 2618 in
754 2545 1075 2638 ma-Jori,
1124 2547 1390 2617 minor
1421 2553 1544 2621 est
1594 2547 1827 2619 falsa.

721 2664 836 2735 Ad
881 2663 1399 2756 probationes
1433 2683 1631 2755 ergo
1678 2665 2045 2738 minoris.
2074 2669 2188 2740 Ad

635 2778 1012 2871 primam,
1085 2799 1268 2851 cum
1345 2780 1646 2852 dicitur
1743 2783 1946 2874 quod
2026 2803 2188 2855 non

633 2894 1036 2985 contingit
1096 2895 1559 2987 intelligere
1630 2899 2026 2986 majorem
2081 2899 2189 2971 is-

540 3038 543 3041 ·
634 3011 743 3093 ta,
789 3009 963 3083 dico
1000 3015 1204 3104 quod
1263 3010 1561 3085 falsum
1633 3020 1757 3089 est
1813 3016 2183 3108 positive,

633 3148 919 3202 verum
954 3135 1078 3203 est
1127 3135 1398 3203 autem
1448 3132 1951 3224 permissive.
2018 3135 2189 3208 Hoc

637 3250 762 3318 est
792 3245 1036 3327 dictu,
1078 3249 1278 3340 quod
1324 3248 1595 3340 aliqua·
1626 3251 2016 3325 distantia
2058 3275 2187 3345 po-

640 3358 759 3430 nit
860 3359 1255 3452 majorem
1324 3363 1858 3438 remotionem
1947 3388 2186 3458 quam

642 3475 825 3556 ista,
867 3480 943 3548 et
978 3497 1133 3548 una
1193 3481 1732 3554 contradictio
1804 3505 2040 3574 quam
2111 3505 2190 3556 a-

641 3592 775 3674 lia;
815 3594 948 3665 sed
974 3592 1129 3667 ista
1164 3595 1569 3687 permittit
1602 3619 2189 3694 quamcumque

644 3710 1111 3793 maximam,
1195 3712 1382 3802 quia
1449 3714 1530 3786 in
1592 3717 1950 3788 maxima
2028 3720 2189 3791 sal·

636 3827 906 3897 vatur.
980 3828 1484 3920 Exemplum,
1543 3831 1720 3923 plus
1808 3834 2189 3926 perfecti-

642 3941 819 4014 onis
857 3944 1080 4035 ponit
1148 3946 1425 4018 asinus
1491 3947 1889 4022 intensive
1945 3972 2184 4043 quam

639 4059 968 4142 animab
999 4067 1267 4135 tamen
1302 4065 1604 4137 animal
1644 4067 1823 4159 plus
1852 4069 2188 4161 permit-

641 4176 770 4258 tit,
819 4176 986 4251 sive
1066 4180 1370 4251 salvari
1432 4188 1701 4274 potest
1764 4185 1842 4256 in
1911 4187 2186 4278 aliquo

641 4293 1141 4386 perfectiori,
1190 4317 1430 4388 quam
1483 4299 1591 4373 sit
1639 4301 1943 4385 asinus,
1999 4303 2188 4395 quia

644 4410 725 4483 in
781 4409 1126 4492 homine,
1180 4418 1261 4486 et
1311 4415 1517 4505 quod
1561 4414 1675 4488 sic
1736 4421 1861 4491 est
1934 4421 2188 4494 maxi-

646 4548 891 4609 mum,
930 4526 1241 4600 scilicet
1305 4531 1807 4623 permissive,
1853 4555 2013 4607 non
2063 4542 2189 4611 est

646 4646 1112 4719 formaliter
1138 4649 1609 4720 maximum.

348 4857 357 4866 ¹
414 4791 491 4842 13.
733 4763 846 4835 Ad
870 4763 1117 4834 aliam
1149 4764 1710 4856 probationem
1733 4769 1824 4840 de
1869 4769 2187 4861 quibus-

646 4901 990 4973 cumque
1031 4881 1723 4964 contradictoriis,
1759 4885 1932 4958 dico
1980 4889 2187 4979 quod

646 4994 839 5070 licet
931 5018 1455 5091 quaecumque
1543 5003 2190 5077 contradictoria

648 5114 813 5189 sint
834 5137 1058 5208 aeque
1090 5115 1789 5210 incompossibilia
1832 5120 2048 5194 inter
2072 5142 2182 5202 se,

644 5251 802 5303 non
893 5235 1163 5305 tamen
1228 5254 1455 5327 aeque
1511 5236 1940 5320 distantia3
2004 5239 2184 5331 plus

644 5345 859 5420 enim
891 5348 1139 5423 distat
1172 5352 1383 5423 Deus
1426 5372 1471 5424 a
1506 5372 1663 5424 non
1696 5355 1889 5439 Deo,
1943 5374 2184 5447 quam

645 5462 915 5534 album
947 5483 995 5536 a
1052 5484 1213 5537 non
1261 5468 1468 5553 albo,
1529 5468 1740 5543 sicut
1782 5470 2184 5563 processit

646 5581 912 5680 prima
967 5583 1205 5668 ratic,
1243 5585 1428 5679 quia
1465 5591 1923 5662 extremum
1970 5589 2185 5684 posi-

2298 554 2555 627 tivum
2587 556 2712 625 est
2762 554 3026 646 majus
3071 553 3150 626 in
3228 549 3840 645 comparatione

2297 672 2395 744 ad
2444 670 2990 763 negationem.
3037 672 3194 743 Per
3229 670 3432 743 idem
3496 674 3721 763 patet
3752 670 3842 741 ad

2296 788 2543 859 aliam
2645 787 3231 881 probationem,
3299 790 3502 881 quod
3577 790 3842 859 totum

2302 922 2441 975 ens
2521 906 2890 975 creatum
2951 903 3129 996 plus
3215 903 3524 977 excedit
3613 903 3840 987 nihil,

2301 1040 2541 1113 quam
2586 1019 2858 1092 anima
2908 1021 3218 1094 excedit
3267 1041 3430 1093 non
3461 1023 3843 1105 animam;

2301 1139 2509 1212 sicut
2572 1143 2837 1212 totum
2880 1160 3019 1211 ens
3064 1139 3412 1212 creabile
3448 1140 3531 1212 in
3601 1162 3687 1214 se
3725 1145 3846 1214 est

2300 1255 2744 1350 perfectius
2844 1277 3085 1348 quam
3171 1257 3483 1339 anima;
3573 1261 3845 1331 tamen

2298 1393 2524 1466 aeque
2567 1373 3253 1466 incompossibilis
3286 1380 3410 1449 est
3451 1395 3613 1447 non
3677 1377 3846 1450 ani-

2302 1511 2432 1562 ma
2474 1510 2655 1562 cum
2718 1490 3015 1574 anima,
3088 1491 3297 1565 sicut
3372 1491 3574 1565 nihil
3662 1514 3844 1565 cum

2297 1612 2476 1680 toto
2519 1612 2729 1690 ente,
2769 1608 2901 1681 sed
2946 1607 3098 1681 hoc
3133 1629 3297 1680 non
3338 1610 3618 1701 arguit
3661 1631 3842 1705 pro-

2301 1725 2688 1818 positum.

2387 1843 2499 1915 Ad
2563 1842 2972 1915 rationem
3035 1843 3275 1934 Juxta
3315 1844 3467 1918 hoc
3512 1843 3842 1928 factam,

2297 1957 2388 2030 de
2426 1957 3080 2050 improportione
3112 1958 3413 2033 nullius
3458 1962 3846 2055 potentiae

2299 2074 2395 2146 ad
2436 2074 2683 2146 aliam
2727 2076 3203 2166 potentiam,
3250 2079 3597 2151 concedo
3642 2080 3850 2171 quod

2296 2191 2685 2265 distantia
2714 2192 3016 2264 nullius
3052 2196 3433 2286 potentiae
3460 2197 3553 2268 ad
3576 2203 3849 2271 actum

2297 2328 2457 2380 non
2512 2307 2747 2383 habet
2813 2312 3429 2403 proportionem
3495 2313 3850 2407 aliquam

2301 2424 2396 2495 ad
2439 2425 2687 2507 illam,
2726 2449 2899 2520 quae
2931 2432 3054 2503 est
3081 2432 3428 2527 alicujus
3464 2433 3852 2526 potentiae

2300 2541 2396 2613 ad
2428 2546 2725 2628 actum,
2764 2547 2896 2619 sed
2932 2546 3079 2621 hoc
3118 2554 3266 2629 est,
3307 2550 3493 2642 quia
3535 2571 3695 2623 una
3727 2555 3851 2624 est

2299 2654 2691 2732 distantia
2764 2659 3117 2752 positiva
3178 2661 3393 2735 inter
3477 2667 3852 2736 extrema

2303 2774 2659 2865 positiva
2778 2777 3181 2861 existens,
3304 2780 3465 2852 alia
3574 2786 3849 2853 autem

2299 2909 2459 2961 non
2536 2896 2659 2964 est
2741 2893 3117 2985 positiva,
3219 2896 3407 2987 quia
3483 2897 3660 2988 ejus
3731 2899 3841 2970 al-

2299 3008 2570 3078 terum
2630 3012 3089 3082 extremum
3186 3015 3310 3085 est
3386 3011 3642 3094 nihil;
3713 3033 3851 3107 po-

2303 3122 2523 3197 sitivi
2603 3129 2875 3198 autem
2971 3127 3065 3201 ad
3161 3148 3322 3202 non
3406 3131 3848 3223 positivum

2300 3239 2523 3310 nulla
2555 3245 2678 3314 est
2717 3243 3169 3335 proportio,
3209 3245 3420 3319 sicut
3460 3267 3604 3321 nec
3634 3250 3846 3321 entis

2301 3355 2394 3427 ad
2429 3360 2628 3427 nihil.
2668 3358 2814 3431 Sed
2853 3379 2949 3431 ex
2995 3359 3153 3434 ista
3195 3361 3846 3456 improportione
3872 3369 4148 3443 Posifivum.

2298 3493 2458 3544 non
2494 3474 2887 3566 sequitur,
2925 3479 3129 3568 quod
3173 3478 3437 3552 virtus
3490 3503 3662 3575 quae
3706 3503 3847 3576 po-
3872 3449 4098 3584 ¹amotam:

2302 3594 2460 3662 test
2531 3612 2776 3684 super
2835 3592 3105 3677 istam,
3162 3596 3265 3668 sit
3315 3559 4167 3692 improporti-ffidssf‘ss}

2302 3707 2645 3779 onabilis
2688 3709 3004 3792 virtuti,
3059 3732 3233 3804 quae
3286 3717 3551 3806 potest
3601 3738 3848 3810 super
3899 3687 4142 3819 ,iuflffilsste

2300 3824 2552 3905 illam,
2654 3828 2842 3919 quia
2941 3829 3381 3920 positivum
3470 3853 3632 3905 non
3719 3839 3842 3908 est
3895 3812 4149 3939 ξωέξιῗ

2303 3940 3119 4036 improportionabile
3167 3947 3408 4021 alteri
3462 3951 3841 4043 positivo,

2300 4059 2457 4131 nisi
2500 4066 2836 4153 propter
2884 4061 3367 4137 infinitatem
3410 4065 3490 4138 in
3530 4067 3844 4152 altero;

2301 4175 2382 4249 in
2452 4178 2636 4253 aliis
2697 4185 2970 4252 autem
3022 4180 3432 4257 distantiis
3493 4184 3647 4258 fuit
3697 4187 3848 4259 im-

2304 4298 2762 4389 proportio,
2821 4317 2978 4370 non
3035 4298 3222 4391 quia
3278 4300 3527 4376 fuerit
3597 4303 3853 4376 infini-

2303 4419 2429 4488 tas
2500 4414 2579 4486 in
2632 4414 2923 4496 altero,
2971 4417 3103 4488 sed
3142 4417 3330 4508 quia
3382 4417 3642 4492 altera
3692 4440 3853 4492 non

2301 4529 2583 4604 habuit
2657 4531 3014 4624 aliquam
3096 4534 3663 4624 quantitatem,
3737 4558 3861 4610 se-

2303 4648 2645 4722 cundum
2738 4666 2977 4739 quam
3064 4649 3331 4741 potuit
3449 4654 3858 4745 proporti-

2306 4764 2566 4837 onari.
2635 4764 3115 4856 Exemplum
3175 4764 3440 4859 hujus,
3507 4774 3853 4860 punctus

2299 4884 2426 4954 est
2503 4880 3266 4973 improportionalis
3328 4882 3582 4965 lineae,
3665 4888 3854 4979 quia

2298 5019 2457 5070 non
2537 5002 2934 5091 quantus;
3016 5020 3214 5093 ergo
3280 5003 3570 5086 virtus,
3671 5027 3849 5098 quae

2299 5120 2570 5210 potest
2631 5137 2874 5209 super
2948 5117 3122 5199 hoc,
3186 5125 3311 5193 est
3387 5120 3848 5215 impropor-

2299 5231 2616 5307 tionata
2672 5232 2989 5317 virtuti,
3056 5256 3227 5326 quae
3277 5239 3542 5329 potest
3593 5260 3844 5333 super

2299 5350 2529 5423 illud:
2565 5369 2726 5421 non
2769 5349 3163 5442 sequitur,
3206 5371 3390 5424 nam
3441 5354 3709 5427 virtus
3757 5360 3839 5429 et

2294 5467 2561 5542 virtus
2594 5470 2808 5540 natae
2855 5471 3038 5540 sunt
3090 5467 3384 5542 habere
3433 5474 3840 5562 quantita·

2297 5591 2462 5661 tem
2522 5585 2884 5668 virtutis,
2964 5588 3042 5659 et
3121 5607 3265 5680 per
3336 5607 3839 5683 consequeus
