4255 6375
457 419 516 486 Ej
523 435 583 472 ua

352 483 642 540 necessitas,

375 545 671 661 ffiensiffia'
704 542 804 608 vel
855 543 1007 631 quia
1039 544 1250 610 media
1283 565 1398 631 per
1443 565 1516 611 se
1546 544 1861 633 requisita
1903 563 2033 610 non
2064 563 2252 609 assu·

466 1309 548 1362 62.

363 4173 648 4248 Responsio

370 4253 639 4354 lmffiilgna-

700 259 779 323 62
1875 262 2021 325 LlB.
2054 262 2156 325 lV.
2203 260 2810 327 SENTEN'NARUM

702 424 853 511 quia
884 423 1095 491 virtus
1125 444 1255 492 non
1295 435 1395 493 est
1459 424 1863 492 sufficienter
1901 424 2243 511 applicata,

702 672 992 740 muntur,
1038 671 1148 727 aut
1196 672 1532 747 assumpta
1573 681 1702 726 non
1750 660 2110 728 secundum
2148 681 2251 726 or-

699 773 916 841 dinem
956 789 1020 843 et
1053 774 1318 842 modum
1351 775 1643 842 debitum
1675 775 2109 863 applicantur,
2147 778 2250 843 vel

699 891 851 979 quia
912 890 1377 978 impedimenta
1444 891 1717 961 actionis
1776 906 1840 959 et
1915 914 2136 960 causae
2184 892 2252 958 in

696 1008 1097 1075 contrarium
1176 1019 1470 1094 agenteS,
1567 1029 1698 1075 non
1784 1009 2252 1075 submoveren-

699 1136 830 1192 tur.

788 1242 910 1309 Sed
945 1241 1106 1308 nihil
1165 1241 1400 1310 horum
1450 1241 1774 1328 contingit
1831 1242 1895 1308 in
1965 1240 2255 1328 potentia

350 1372 665 1424 Excluditur.
699 1359 1024 1438 creativa;
1061 1380 1244 1447 erg0,
1277 1370 1401 1426 etc.
1449 1360 1654 1447 Major
1694 1370 1894 1444 patet,
1947 1367 2011 1423 et
2041 1357 2256 1422 minor

700 1474 1033 1561 probatur,
1089 1474 1240 1560 quia
1287 1472 1500 1540 virtus
1549 1473 1836 1540 creativa
1875 1471 2037 1537 nihil
2088 1470 2249 1558 agit,

696 1589 800 1656 vel
843 1589 1170 1656 creatione
1209 1589 1368 1676 agit,
1427 1610 1576 1677 quae
1616 1599 1717 1655 est
1761 1599 1947 1656 actus
1977 1588 2121 1675 ejus
2153 1608 2256 1654 se·

690 1706 971 1786 cunduS‚
1008 1727 1221 1795 neque
1258 1705 1445 1773 aliter
1474 1718 1575 1773 est
1608 1706 1674 1772 in
1732 1718 1876 1772 actu
1933 1703 2248 1781 secunde,

690 1828 800 1910 qui
837 1834 1090 1889 tantum
1123 1823 1399 1889 subesse
1425 1834 1636 1909 potest
1666 1821 2009 1889 directioni
2040 1844 2053 1901 ;
2090 1840 2252 1906 ergo

693 1939 748 2007 si
790 1940 951 2026 agit,
991 1938 1292 2026 producit
1323 1938 1624 2006 effectum
1657 1951 1891 2014 totum,
1945 1950 2009 2003 et
2038 1937 2249 2004 totali-

692 2068 792 2121 ter
830 2076 911 2120 ex
944 2053 1173 2134 nihile,
1204 2076 1415 2142 neque
1446 2053 1632 2120 aliter
1663 2053 1974 2141 applicari
2009 2067 2247 2140 potest,

694 2192 855 2260 ergo
895 2183 1213 2260 quantum
1278 2172 1355 2237 ad
1416 2171 1541 2238 hoc
1591 2192 1719 2237 non
1781 2171 2033 2258 indiget
2081 2170 2252 2237 dire-

695 2289 933 2368 ctione,
983 2307 1192 2376 neque
1231 2288 1460 2356 subest
1488 2287 1861 2355 directioni.

788 2404 1157 2471 Secundum
1218 2424 1346 2470 non
1404 2404 1754 2490 contingit,
1819 2404 1971 2491 quia
2037 2405 2252 2472 virtus

697 2521 980 2587 creativa
1030 2520 1319 2587 excludit
1358 2521 1577 2587 omnia
1636 2520 1849 2587 rnedia
1908 2530 1972 2586 et
2019 2540 2253 2587 causas

697 2647 970 2716 creatae,
1043 2657 1193 2724 quae
1246 2635 1617 2703 inefficaces
1672 2648 1825 2703 sunt
1874 2635 1953 2703 ad
2030 2635 2253 2702 termi-

699 2773 857 2819 num
935 2752 1310 2833 creationiS,
1413 2763 1523 2820 aut
1599 2752 1807 2839 ipsius
1897 2752 2252 2820 creationis

701 2868 956 2936 nullum
1027 2880 1127 2935 est
1195 2868 1733 2956 impedimentum
1820 2889 1934 2956 per
2018 2889 2252 2936 causas

695 2985 1053 3053 contrarias
1117 2997 1230 3052 aut
1269 2985 1674 3063 resistente-S,
1739 2986 1891 3073 quia
1957 2985 2063 3052 hae
2102 3006 2252 3051 exe-

697 3111 850 3168 runt
916 3120 1102 3168 suam
1176 3086 1488 3167 virtutem
1546 3104 1717 3167 circa
1778 3100 2109 3168 materiam
2188 3116 2250 3167 et

696 3236 987 3306 passum,
1075 3217 1180 3284 vel
1247 3217 1699 3285 conservando
1758 3218 2033 3283 formam
2102 3238 2252 3304 quae

698 3333 888 3414 inest,
942 3333 1046 3401 vel
1093 3333 1526 3421 producentes
1574 3334 1964 3401 contrariam
2023 3334 2251 3400 formae

698 3450 969 3518 intentae
999 3471 1035 3516 a
1066 3470 1284 3530 causa,
1322 3471 1472 3538 quae
1521 3449 1913 3538 impeditur;
1958 3451 2024 3516 in
2074 3470 2252 3518 crea-

699 3567 875 3633 tione
931 3586 1059 3633 non
1099 3567 1493 3653 supponitur
1524 3586 1815 3655 passum,
1869 3578 1982 3632 aut
2039 3566 2246 3633 forma

698 3682 1032 3761 resistens,
1082 3695 1152 3749 ut
1194 3692 1392 3769 patet,
1463 3703 1645 3770 ergo,
1690 3680 1862 3769 quod
1908 3692 2005 3747 est
2040 3682 2251 3749 inten-

699 3806 863 3878 tum,
924 3797 1210 3883 potentia
1260 3796 1544 3862 creativa
1603 3795 1761 3862 nulli
1795 3795 2021 3862 subest
2080 3794 2253 3861 dire-

698 3913 922 3993 ctioni,
959 3933 1034 3981 ac
1063 3912 1336 4001 proinde
1366 3913 1489 3979 hac
1526 3912 1593 3978 in
1633 3923 1816 3999 parte
1846 3932 1974 3978 non
2010 3932 2251 3999 suppo-

700 4029 795 4096 nit
823 4040 1038 4096 actum
1073 4027 1536 4095 accidentalem
1577 4027 1994 4096 directivum.

786 4147 996 4228 DiceS,
1049 4148 1281 4214 saltem
1344 4165 1536 4233 posse
1594 4165 1965 4234 supponere
2033 4156 2252 4211 actum

698 4264 1164 4333 accidentalem
1196 4262 1635 4344 ostensivum,
1672 4274 1920 4342 contra,
1958 4262 2110 4350 quia
2143 4282 2254 4347 po-

697 4382 900 4449 tentia
958 4381 1244 4448 creativa
1284 4392 1604 4447 creaturae
1647 4398 1774 4446 non
1825 4390 1924 4446 est
1963 4378 2254 4466 potentia

693 4500 1033 4588 operativa
1074 4499 1319 4579 vitaliS,
1380 4499 1493 4566 sed
1537 4509 1638 4566 est
1686 4496 1975 4584 potentia
2015 4495 2252 4563 factiva
2299 4577 2317 4592 ο

695 4630 841 4684 actu
900 4628 1310 4696 transeunte;
1382 4636 1541 4703 ergo
1613 4635 1744 4682 non
1792 4613 2115 4702 dependet
2173 4614 2254 4679 ab

695 4734 913 4823 aliquo
943 4734 1199 4820 objecto
1232 4732 1754 4800 intentionaliter
1782 4730 2106 4818 applicato
2139 4750 2256 4815 per

696 4847 981 4934 speciem
1016 4849 1428 4935 impressam,
1473 4856 1584 4911 aut
1613 4845 1809 4911 etiam
1840 4864 2248 4932 expressam,

698 4962 870 5031 sicut
928 4983 1139 5051 neque
1205 4962 1494 5051 potentia
1564 4959 1905 5039 nutritiva,
1971 4972 2083 5028 aut
2141 4979 2256 5027 au-

700 5079 1105 5166 gmentativa
1142 5091 1244 5146 est
1287 5077 1575 5166 potentia
1626 5078 1820 5143 etiam
1871 5097 2076 5164 agens
2123 5097 2256 5143 non

701 5194 1041 5282 supposita
1074 5194 1347 5261 materia
1387 5194 1568 5258 circa
1602 5215 1798 5280 quam
1829 5191 1934 5259 vel
1965 5215 2048 5258 est:
2079 5215 2255 5280 qua,-

700 5329 860 5396 ergo
902 5329 1029 5376 non
1078 5310 1288 5397 exigit
1318 5308 1765 5378 ostensionem
1805 5307 2067 5396 objecti,
2114 5320 2254 5374 tan-

702 5447 899 5515 quam
960 5429 1298 5496 materiam
1367 5427 1492 5495 hoc
1530 5426 1758 5507 modo;
1806 5437 1870 5492 et
1905 5425 1964 5492 si
2022 5423 2258 5493 dabilis

2364 436 2559 505 esset,
2597 438 2819 512 posset
2847 426 3317 495 communicari
3346 423 3742 496 substantiae
3773 425 3923 493 ina-

2363 540 2627 607 nimatae
2667 554 2730 608 et
2778 542 3099 624 sensibili,
3155 543 3380 611 saltem
3438 543 3699 631 corpori
3758 543 3924 609 sim·

2364 656 2537 744 plici,
2603 657 2795 745 quale
2845 670 2946 726 est
2993 659 3262 727 coeleste
3299 681 3380 726 ex
3420 658 3708 747 plurium
3767 680 3926 726 sen-

2363 772 2587 853 tentia,
2654 787 2809 841 tunc
2857 795 2987 841 non
3036 788 3434 864 supponeret
3470 775 3928 865 cognitionem

2362 890 2803 972 ostensivam;
2848 913 3006 980 ergo
3062 913 3144 959 ex
3184 904 3417 958 natura
3467 913 3612 974 sua,
3658 892 3929 961 etiamsi

2364 1005 2554 1073 detur
2584 1019 2900 1075 creaturae
2946 1009 3296 1096 spirituali,
3344 1029 3471 1075 non
3515 1023 3933 1097 supponeret

2365 1121 2563 1188 alium
2623 1136 2838 1190 actum
2893 1124 3176 1212 priorem
3244 1125 3684 1203 ostensivum,
3749 1125 3935 1193 sicut

2368 1258 2578 1327 neque
2628 1238 3001 1328 Philosophi
3060 1241 3480 1308 admitterent
3546 1242 3612 1306 in
3678 1240 3931 1307 Intelli-

2364 1354 2585 1440 gentia
2656 1354 3051 1441 producente
3114 1356 3339 1437 aliam;
3411 1356 3668 1442 primus
3738 1355 3926 1422 enim

2364 1480 2547 1536 actus
2577 1473 2721 1559 ejus
2770 1483 2872 1538 est
2918 1471 3288 1559 intelligere
3332 1493 3427 1550 se,
3481 1472 3590 1559 qui
3625 1484 3730 1539 eet
3762 1491 3921 1557 pro-

2364 1587 2672 1654 ductivus
2748 1588 3016 1656 alterius
3106 1588 3590 1675 Intelligentiae,
3701 1609 3928 1676 neque

2363 1702 2677 1789 Theologi
2738 1704 2804 1769 in
2854 1704 3397 1790 productionibus
3448 1704 3720 1784 diviniS,
3769 1725 3928 1792 quae

2363 1829 2517 1885 sunt
2576 1840 2689 1905 per
2727 1820 3126 1889 intellectum
3177 1833 3241 1888 et
3296 1822 3730 1899 voluntatem,
3807 1819 3929 1886 ali·

2363 1957 2558 2023 quam
2589 1939 3058 2020 ostensionem,
3095 1954 3206 2007 aut
3233 1940 3660 2027 directionem
3685 1939 3930 2005 admit-

2366 2063 2532 2134 tunt,
2606 2054 2923 2141 quidquid
2973 2066 3271 2122 teneatur
3308 2077 3390 2122 an
3450 2055 3811 2123 intellectio
3863 2068 3930 2123 et

2363 2168 2590 2235 volitio
2638 2170 2771 2236 sint
2809 2183 2993 2237 actus
3024 2171 3419 2257 productivi,
3453 2192 3535 2238 an
3570 2192 3733 2238 vero
3779 2182 3933 2238 tan·

2364 2295 2502 2349 tum
2551 2284 2961 2371 operationes
2992 2286 3399 2353 essentiales

2453 2400 2824 2467 Secundum
2869 2402 3064 2468 etiam
3118 2401 3509 2481 excluditur,
3557 2402 3733 2489 quod
3796 2405 3929 2468 Du·
4043 2410 4132 2523 {a
4161 2416 4162 2419 ’

2364 2516 2608 2583 randus
2656 2517 2891 2584 astruit
2930 2516 3011 2584 de
3041 2530 3186 2585 actu
3227 2517 3623 2604 applicativo
3657 2538 3779 2605 per
3809 2537 3924 2582 vo·
3980 2537 4163 2601 supponit

2362 2633 2700 2701 luntatem.
2749 2634 2965 2701 Primo
2997 2656 3075 2701 ex
3121 2635 3310 2702 dictis
3350 2635 3659 2702 voluntas
3693 2635 3924 2723 nequit
3983 2606 4163 2726 affligis

2362 2750 2712 2837 applicare,
2786 2752 2910 2817 nisi
2968 2752 3308 2839 supposita
3364 2752 3748 2819 ostensione
3808 2763 3921 2817 aut
4031 2736 4125 2832 *33¹

2363 2867 2721 2933 directione
2784 2867 3175 2946 intellectus,
3238 2868 3405 2948 haec,
3471 2882 3543 2936 ut
3599 2879 3779 2954 patet
3838 2891 3920 2937 ex
3945 2847 4163 2913 ’ΨΜ

2363 2984 2576 3064 dictis,
2627 3006 2756 3051 non
2794 2985 3153 3073 exiguntur
3194 2985 3259 3051 in
3299 2986 3528 3053 ordine
3565 2987 3646 3052 ad
3681 2997 3923 3074 poten-

2363 3104 2517 3170 tiam
2563 3102 2942 3179 creativam,
2979 3103 3132 3192 quia
3182 3124 3394 3193 neque
3442 3105 3664 3171 vitalis
3712 3120 3922 3186 esset,

2362 3240 2509 3287 cum
2549 3231 2772 3307 ageret
2800 3220 3056 3287 actione
3086 3232 3464 3288 transeunte
3512 3234 3700 3289 extra
3751 3243 3914 3311 sup-

2362 3337 2679 3422 positum,
2718 3357 2931 3424 neque
2968 3336 3175 3404 ullum
3209 3337 3451 3424 patitur
3482 3338 3920 3425 impedimen-

2361 3464 2502 3518 tum
2560 3451 2858 3533 actioniS,
2924 3451 3095 3538 quod
3164 3451 3544 3519 submoveri
3605 3465 3839 3538 posset
3884 3473 3920 3520 a

2362 3563 2719 3646 voluntate,
2756 3587 2791 3632 a
2824 3567 3000 3634 nullo
3038 3567 3358 3654 dependet
3387 3568 3561 3655 quod
3598 3568 3917 3657 applicari
4024 3618 4111 3669 Non

2363 3695 2583 3771 posset
2629 3702 2665 3749 a
2705 3683 3044 3750 voluntate
3067 3705 3082 3767 ;
3120 3685 3185 3749 in
3225 3705 3346 3752 sua
3384 3686 3635 3751 actione
3687 3691 3916 3775 nequit
3948 3677 4114 3796 2213de

2370 3799 2717 3879 moderari,
2764 3800 2917 3887 quia
2953 3800 3058 3866 vel
3100 3800 3262 3866 nihil
3320 3801 3479 3888 agit,
3525 3801 3631 3867 vel
3673 3814 3916 3884 totum,

2363 3926 2428 3981 et
2459 3914 2746 3981 totaliter
2774 3927 2838 3980 et
2868 3915 3359 3983 indivisibiliter
3388 3917 3548 4003 agit.

2457 4030 2703 4096 Deinde
2763 4050 2890 4096 non
2960 4032 3264 4098 subesset
3304 4031 3623 4099 voluntati
3675 4034 3926 4101 directe

2366 4148 2536 4215 sicut
2567 4146 2855 4234 potentia
2888 4147 3157 4232 motiva,
3190 4167 3339 4234 quae
3368 4145 3449 4214 de
3479 4169 3551 4216 se
3582 4170 3924 4238 nunquam

2366 4263 2527 4350 agit,
2583 4262 2712 4329 nisi
2784 4262 3102 4350 applicata
3177 4284 3293 4350 per
3356 4265 3743 4350 appetitum,
3801 4267 3928 4333 hoc

2366 4378 2545 4445 enim
2580 4399 2708 4445 non
2750 4389 2850 4444 est
2880 4377 2959 4444 de
2988 4390 3307 4464 conceptu
3340 4380 3650 4465 potentiae
3691 4383 3925 4449 creati-

2367 4514 2495 4574 vae,
2541 4503 2613 4559 ut
2654 4504 2828 4578 patet
2875 4513 2956 4558 ex
2994 4491 3303 4580 opinione
3346 4493 3920 4580 Philosophorum.

2366 4611 2552 4689 Item,
2597 4607 2704 4674 illa
2737 4608 3023 4695 potentia
3063 4621 3236 4675 esset
3280 4608 3711 4677 determinata
3773 4633 3927 4699 per·

2369 4721 2726 4789 lectissime
2781 4734 2844 4789 et
2894 4723 3268 4810 perfectiuS,
3339 4744 3533 4812 quam
3599 4725 3738 4813 ipsa
3803 4747 3923 4792 vo-

2368 4837 2587 4905 luntas
2643 4838 2855 4926 quoad
2919 4839 3355 4907 actualitatem
3419 4840 3710 4922 virtutis,
3766 4843 3920 4931 quia

2367 4954 2673 5020 voluntas
2706 4975 2834 5021 non
2883 4955 3043 5042 agit,
3089 4955 3212 5022 nisi
3265 4967 3334 5022 ut
3374 4968 3545 5022 mota
3589 4977 3626 5023 a
3658 4955 3820 5037 fine,
3865 4971 3923 5024 et

2367 5075 2704 5161 supposita
2744 5074 3141 5161 cognitione,
3184 5086 3249 5142 et
3288 5087 3359 5143 ut
3409 5078 3666 5144 substat
3713 5078 3923 5166 impe·

2369 5192 2679 5260 dimentis
2737 5193 3092 5282 operandi;
3146 5195 3434 5262 creativa
3472 5207 3691 5263 autem
3755 5196 3921 5264 nihil

2370 5308 2604 5377 horum
2638 5310 2902 5396 patitur,
2952 5330 3111 5397 ergo
3158 5324 3332 5379 esset
3361 5333 3624 5398 semper
3662 5333 3927 5399 praeve-

2369 5426 2559 5493 niens
2609 5426 3035 5508 voluntatem,
3080 5428 3229 5515 quia
3271 5439 3448 5496 esset
3475 5428 3925 5497 actualissima
