4255 6375
716 396 838 461 412

725 576 850 638 per
876 576 950 622 se
985 558 1288 623 tendens.
1322 561 1417 621 De
1445 559 1568 621 hac
1599 556 1796 620 etiam
1835 558 1971 634 agit
2017 556 2165 619 dist.
2214 555 2275 617 5.

722 683 943 755 quaest.
988 677 1048 738 3.
1113 691 1311 755 quam
1370 679 1601 737 tenent
1668 688 1902 736 omnes
1959 674 2280 734 Doctores

725 794 904 856 citati
931 810 966 853 a
999 793 1355 855 Scholiaste
1388 812 1404 866 ;
1439 799 1672 871 estque
1722 790 1931 871 magis
1982 804 2279 851 commu-

720 910 823 971 nis
869 910 1315 988 antiquorum,
1365 907 1478 988 qui
1527 923 1751 969 casum
1799 904 2105 979 formant,
2160 919 2276 981 pro

723 1042 854 1105 qua
888 1026 1086 1088 etiam
1120 1023 1300 1087 citari
1345 1028 1564 1102 potest
1608 1023 1837 1084 Holcot
1863 1023 1927 1084 in
1960 1020 2019 1082 4.
2056 1024 2274 1098 quest.

726 1144 778 1204 1.
816 1146 942 1204 art.
976 1144 1035 1203 7.
1077 1114 1234 1203 casu
1261 1139 1320 1201 2.
1356 1141 1466 1220 qui
1496 1138 1651 1201 licet
1681 1137 1920 1200 doceat
1958 1135 2277 1199 infantem

719 1260 953 1323 salvari
1017 1260 1155 1320 Deo
1219 1260 1573 1338 supplente
1648 1255 2003 1330 defectum,
2081 1254 2280 1315 docet

720 1395 852 1441 non
883 1393 1033 1440 esse
1064 1393 1293 1439 verum
1322 1379 1744 1455 Baptismum.
1778 1376 1941 1436 Eum
1979 1372 2282 1450 sequitur

726 1494 1085 1558 Aliacensis
1114 1497 1182 1555 in
1207 1495 1271 1556 4.
1320 1512 1382 1572 q.
1427 1495 1488 1555 2.

406 1630 672 1681 Sententia
811 1609 1078 1673 Gabriel
1132 1614 1353 1671 autem
1411 1610 1478 1670 in
1521 1612 1582 1671 4.
1639 1610 1783 1671 dist.
1837 1607 1897 1667 4.
1953 1609 2169 1684 quaest.
2211 1605 2274 1666 2.

372 1695 697 1807 Ψῗῖζὲξξζῖῗ·
733 1734 915 1791 tenet
943 1727 1357 1799 contrariam,
1387 1742 1582 1807 quem
1613 1725 1912 1803 sequitur
1952 1725 2275 1801 vasquez.

419 1821 673 1883 V⁸⁸q¹¹⁶²·
729 1850 803 1906 ut
831 1845 1338 1925 probabiliorem
1374 1844 1514 1905 loco
1562 1845 1707 1920 jam
1756 1844 1973 1913 citato,
2025 1857 2168 1916 cap.
2214 1839 2272 1900 3.

432 1884 620 1932 Suarez
634 1921 643 1931 .

397 1944 675 2071 Βξξξξξζὼ
728 1964 971 2023 Suarez
1040 1962 1205 2037 disp.
1278 1958 1378 2021 20.
1441 1964 1585 2021 sect.
1650 1959 1710 2021 3.
1772 1957 2030 2019 11030113
2072 1956 2274 2019 verbo

433 2071 644 2121 Suarez.
734 2079 1116 2150 Bapgigmu&

806 2191 984 2253 Ratio
1032 2191 1326 2254 Doctorls
1387 2194 1510 2268 est,
1564 2189 1716 2268 quia
1767 2188 2010 2250 ablutio
2056 2187 2273 2266 bapti-

723 2310 949 2370 smalis
1010 2307 1352 2371 ordinatur
1394 2306 1478 2368 ad
1550 2307 1772 2379 vitam,
1847 2310 1915 2367 et
1984 2321 2117 2366 non
2189 2303 2276 2367 ad

721 2429 1030 2499 mortem,
1091 2441 1213 2504 per
1270 2440 1345 2488 se
1397 2441 1665 2503 nempe.
1729 2423 1860 2486 Sed
1914 2422 2279 2502 respondet

721 2544 963 2605 Suarez
1034 2542 1347 2615 committi
1414 2541 2023 2622 aequivocationem‚
2123 2543 2277 2620 quia

719 2662 847 2723 vita
879 2659 966 2723 ad
998 2676 1194 2739 quam
1225 2659 1564 2721 ordinatur
1594 2658 1962 2736 Baptismus
2004 2662 2106 2719 est
2145 2657 2276 2720 vita

718 2777 972 2851 animas,
1021 2781 1088 2837 et
1135 2793 1267 2839 non
1299 2777 1612 2853 corporis.
1647 2774 1833 2839 Unde
1868 2776 1919 2836 si
1951 2772 2276 2838 Sacerdos

718 2892 1074 2955 intendens
1105 2893 1305 2955 etiam
1347 2898 1626 2955 mortem
1674 2890 1964 2966 infantis,
2013 2894 2274 2955 immer-

718 3016 834 3092 gat
877 3028 1029 3075 eum
1078 3027 1247 3090 aqua
1280 3008 1698 3086 calidissima,
1732 3026 1814 3072 ex
1845 3026 1972 3089 qua
2004 3012 2269 3071 immer-

719 3130 906 3191 sione
975 3130 1292 3208 sequatur
1364 3125 1510 3207 ejus
1569 3129 1744 3187 certa
1801 3139 2006 3201 mora,
2073 3125 2273 3187 modo

719 3245 914 3309 simul
983 3246 1225 3308 habeat
1291 3248 1585 3308 animum
1672 3243 2068 3324 baptizandi,
2154 3245 2276 3305 erit

719 3376 918 3423 verus
947 3360 1334 3437 Baptismus.

502 3498 576 3549 tt.
804 3477 1013 3538 Aliam
1062 3474 1437 3539 instantiam
1483 3477 1774 3558 assignat
1827 3477 2127 3555 vasquez
2176 3476 2271 3540 di·

387 3560 678 3694 Ῑξξξξζιοζέζῑ
729 3607 887 3654 cens
922 3592 1024 3655 :si
1066 3590 1389 3654 Sacerdos
1433 3599 1688 3672 mergat
1716 3591 2273 3654 catechumenum

725 3711 791 3771 in
840 3707 1116 3782 fontem,
1170 3725 1252 3771 ex
1296 3725 1426 3788 quo
1473 3725 1627 3772 eum
1685 3725 1839 3771 casu
1888 3725 2020 3771 non
2069 3710 2277 3787 possit

725 3828 1091 3900 extrahere,
1142 3825 1263 3890 sed
1312 3829 1801 3906 submergatur,
1863 3826 2060 3889 modo
2106 3826 2276 3889 adsit

721 3947 998 4008 intentio
1029 3942 1428 4022 baptizandi,
1461 3947 1528 4006 et
1559 3947 1800 4005 caetera
1830 3942 2070 4015 adsint,
2118 3960 2273 4005 vere

721 4065 1031 4142 baptizat.
1123 4045 1360 4124 Contra
1443 4065 1663 4123 tamen
1738 4060 1904 4122 ratio
1976 4062 2275 4123 Doctoris

723 4181 938 4243 adbuc
982 4177 1291 4258 persistit,
1344 4177 1495 4254 quia
1545 4192 1681 4238 non
1725 4175 2033 4256 intelligit
2081 4177 2267 4238 ablu·

724 4299 965 4363 tionem
1041 4295 1326 4358 ordinari
1398 4293 1483 4357 ad
1526 4296 1723 4357 vitam
1768 4294 1832 4357 in
1904 4310 1985 4357 eo
2043 4311 2270 4366 sensu,

725 4432 856 4495 quo
889 4431 1036 4476 eam
1074 4414 1589 4490 interpretantur
1632 4410 1886 4489 praefati
1932 4413 2268 4486 DoctoreS,

402 4545 696 4612 Explicatur
726 4532 880 4610 quia
935 4526 1004 4592 id
1049 4533 1227 4591 esset
1298 4529 1574 4606 puerile,
1638 4533 1704 4590 et
1757 4532 1938 4589 extra
1996 4544 2271 4606 scopum

429 4611 630 4659 ΜΨ·
729 4644 1147 4717 discurrere;
1222 4643 1344 4706 sed
1399 4644 1725 4723 ‘intelligit
1800 4643 2271 4707 institutionem

726 4760 1009 4823 divinam
1039 4759 1352 4823 limitasse
1392 4776 1510 4838 pro
1552 4758 1822 4821 materia
1870 4759 2272 4821 Sacramenti

720 4875 1124 4939 ablutionem
1174 4876 1367 4948 illam,
1402 4890 1540 4954 quae
1573 4891 1654 4936 ex
1684 4881 1910 4937 natu-ra
1945 4891 2064 4937 sua
2096 4893 2269 4938 com·

719 4992 1002 5071 patibilis
1035 4995 1137 5053 est
1165 5007 1287 5069 per
1314 5005 1387 5052 se
1424 5008 1569 5052 cum
1613 4990 1742 5054 vita
1792 4993 2152 5069 corpora1i3
2203 4998 2272 5054 et

719 5111 845 5174 hoc
874 5125 997 5189 per
1024 5109 1329 5171 ordinari
1354 5108 1444 5169 ad
1467 5109 1666 5169 vitam
1696 5108 1975 5172 intendit
2005 5110 2265 5173 Doctor.

399 5264 693 5316 Coum-ma-
799 5228 876 5288 Et
904 5226 1243 5304 probatur,
1291 5225 1442 5303 quia
1488 5226 1665 5287 Deus
1710 5242 1857 5288 eam
1901 5225 2267 5300 materiam,

387 5381 392 5386 -
466 5332 596 5440 1,ζῖξο
721 5346 790 5404 et
860 5339 1135 5405 formam
1205 5343 1777 5404 sacramentorum
1828 5344 2134 5415 instituit,
2204 5347 2271 5404 et

395 5453 658 5509 D0020r38·
713 5460 1004 5530 ,maxime
1067 5459 1266 5541 hujus
1336 5459 1756 5532 Sacramenti,
1830 5461 2009 5538 quod
2064 5460 2271 5523 voluit

717 5593 871 5648 esse
915 5593 1265 5648 commune
1296 5580 1474 5643 omni
1501 5576 1705 5666 *sexui
1755 5582 1823 5641 et
1869 5579 2061 5655 aetati,
2115 5595 2266 5659 quae

1866 440 1879 454 .
1936 393 2081 457 LlB.
2110 392 2210 456 Ν.
2241 391 2835 458 ΒΕΝΊἘΝΊῚΑΒΠΜ

2386 569 2527 616 non
2583 559 2911 634 repugnat
2965 569 3087 632 per
3141 568 3213 615 se
3269 553 3415 616 vitae
3461 551 3818 631 corporali;
3863 553 3924 612 et
4006 564 4011 567 ·

2392 671 2517 733 hoc
2578 676 2835 749 spectat
2904 671 2988 734 ad
3051 687 3325 735 suavem
3381 671 3526 751 ejus
3580 669 4022 747 provideri-Q-

2394 787 2571 861 tiam‚
2620 792 2686 851 et
2729 788 3043 850 lotionem
3101 787 3300 850 etiam
3356 788 3675 861 usualem,
3732 794 3795 847 et
3849 802 3925 848 ex
3984 829 4021 861 m

2393 904 2879 968 consuetudine
2921 904 3286 979 hominum,
3333 922 3474 984 quae
3508 902 3744 967 sordes
3790 920 3926 964 cor-
3954 876 4022 925 εκ

2392 1024 2593 1100 poris,
2627 1037 2763 1083 non
2799 1022 2996 1085 vitam
3040 1038 3164 1101 per
3202 1038 3277 1083 se
3323 1021 3523 1084 tollat.
3558 1018 3744 1082 Unde
3770 1021 3929 1082 sicut

2393 1141 2727 1201 materiam
2782 1138 3201 1202 Eucharistiae
3251 1138 3459 1201 voluit
3501 1154 3647 1199 esse
3697 1153 3928 1215 panem

2397 1255 2742 1329 triticeum,
2772 1256 2952 1334 (inde
2985 1256 3303 1335 colligunt
3332 1257 3644 1318 Doctores
3684 1260 3926 1334 pastam

2391 1385 2526 1432 non
2558 1386 2704 1433 esse
2749 1369 3181 1433 sufficientem
3229 1371 3592 1443 materiam,
3625 1371 3774 1449 quia
3802 1386 3928 1431 non

2393 1493 2701 1550 censetur
2748 1491 2939 1565 panis
2993 1486 3259 1560 usualia,
3306 1488 3459 1550 licet
3504 1491 3728 1566 specie
3776 1488 3928 1567 phy·

2390 1605 2524 1664 sica
2592 1620 2725 1667 non
2796 1603 3106 1666 differant
3176 1603 3362 1682 panis
3433 1607 3500 1665 et
3559 1604 3789 1681 pasta,)
3844 1604 3929 1664 sic

2392 1720 2590 1783 etiam
2635 1720 2904 1792 ablutio,
2939 1736 3085 1799 quae
3133 1724 3236 1781 est
3282 1720 3558 1781 materia
3601 1720 3925 1796 Baptismi,

2392 1853 2475 1899 ex
2505 1836 2721 1899 divina
2749 1840 3155 1901 institutione
3189 1836 3394 1900 debet
3429 1837 3705 1918 intelligi
3747 1838 3922 1903 ablu-

2391 1954 2477 2014 tio
2508 1954 2756 2014 usualis
2788 1958 2854 2015 et
2885 1953 3274 2026 communis,
3323 1957 3400 2014 ut
3443 1952 3926 2030 comprehendit

2390 2071 2585 2133 etiam
2625 2068 3067 2151 asperginem.
3121 2068 3253 2131 Sed
3286 2069 3428 2130 talis
3473 2068 3785 2148 projectio
3832 2069 3923 2129 in·

2387 2191 2581 2254 fantis
2610 2194 2674 2252 in
2703 2190 2950 2254 flumen
2982 2207 3017 2252 a
3049 2194 3314 2255 nemine
3358 2188 3729 2254 secundum
3761 2190 3929 2270 rigo-

2387 2327 2530 2374 rem
2570 2315 2637 2373 et
2698 2327 3113 2375 communem
3156 2327 3350 2374 usum
3398 2308 3723 2384 vocabuli,
3770 2325 3921 2371 cen-

2388 2432 2571 2489 setur
2620 2427 2860 2490 ablutio
2909 2444 3034 2491 seu
3082 2428 3261 2499 lotio,
3309 2443 3457 2506 quae
3491 2426 3731 2489 habeat
3771 2441 3929 2502 pro·

2389 2546 2753 2621 portionem
2786 2561 2935 2605 curn
2975 2545 3115 2607 sola
3158 2540 3497 2606 ablutione
3522 2542 3838 2613 sordium,
3870 2542 3933 2601 in

2389 2676 2519 2739 qua
2564 2661 2996 2722 communiter
3040 2659 3427 2740 designatur
3466 2660 3800 2738 proportio
3850 2660 3933 2721 si·

2388 2775 2768 2837 militudinis
2825 2773 3337 2838 fundamentalis
3386 2777 3670 2837 materiae
3725 2776 3938 2853 Bapti-

2387 2894 2533 2958 sml.
2584 2908 2732 2953 cum
2781 2893 3025 2955 effectu
3077 2893 3392 2972 spirituali
3441 2908 3562 2954 seu
3603 2891 3939 2954 ablutione

2388 3008 2668 3083 animae3
2720 3008 2841 3072 sed
2890 3019 2991 3073 est
3034 3012 3271 3074 mersio
3321 3007 3607 3080 infantia,
3668 3024 3818 3087 quae
3861 3026 3941 3070 ex

2386 3131 2621 3190 natura
2666 3129 2943 3192 actionis
2974 3126 3312 3192 ordinatur
3340 3125 3425 3189 ad
3457 3134 3735 3190 mortem
3761 3126 3937 3208 ejus,

2387 3263 2521 3309 non
2566 3252 2788 3309 autem
2837 3246 2921 3309 ad
2964 3247 3396 3319 ablutionem,
3429 3262 3550 3324 per
3577 3261 3776 3324 quam
3823 3245 3939 3306 tol·

2386 3367 2605 3427 lantur
2671 3362 2928 3440 sordes,
3000 3364 3179 3426 salva
3248 3362 3605 3425 substantia
3680 3365 3747 3423 et
3813 3363 3940 3422 vita

2389 3482 2716 3560 baptizati.

2466 3599 2598 3660 Hoc
2629 3597 2827 3660 etiam
2855 3600 3159 3679 congruit
3197 3596 3623 3675 providentiae
3653 3603 3719 3660 et
3743 3613 3937 3660 reve·

2386 3715 2613 3777 rentiae
2682 3715 3108 3777 sacramenti.
3183 3712 3369 3777 Unde
3438 3719 3512 3775 ut
3576 3729 3940 3793 sequamur

2386 3832 2765 3894 instantiam
2825 3828 2907 3892 de
2962 3831 3233 3893 materia
3304 3827 3607 3906 Corporis
3680 3827 3934 3900 Christi,

2385 3948 2682 4027 gravium
2755 3953 3095 4009 auctorum
3169 3951 3269 4010 est
3346 3947 3698 4018 sententia,
3784 3947 3942 4007 licet

2387 4069 2575 4143 panis
2629 4065 2715 4125 sit
2768 4065 3040 4127 materia
3086 4064 3522 4136 Eucharistiae,
3564 4063 3628 4124 in
3667 4066 3932 4142 quanti-

2388 4186 2519 4244 tate
2566 4183 2907 4243 excessiva
2965 4195 3098 4241 non
3161 4196 3355 4258 posse
3405 4195 3646 4257 panem
3693 4196 3937 4266 conse·

2388 4302 2575 4371 crari,
2638 4304 2708 4360 ut
2770 4298 2963 4360 (locet
3022 4297 3301 4368 AlensiS,
3352 4298 3423 4357 D.
3472 4299 3933 4359 Bonaventura
3980 4305 4043 4353 tm

2386 4422 2453 4480 et
2497 4417 2625 4490 alii,
2675 4432 2842 4496 quos
2885 4413 3049 4477 infra
3106 4415 3472 4485 citabimus,
3524 4413 3676 4492 quia
3732 4412 3934 4475 habet

2388 4534 2738 4596 terminum
2769 4545 2910 4593 suae
2942 4529 3415 4611 magnitudinis
3443 4529 3816 4607 respective
3847 4528 3928 4590 ad

2385 4647 2950 4712 consecrationem
2984 4645 3288 4709 validam.
3323 4643 3570 4708 Eodem
3601 4660 3761 4723 ergo
3795 4660 3928 4704 mo·

2387 4763 2494 4836 dc,
2566 4769 2633 4825 et
2706 4766 2976 4825 materia
3031 4760 3334 4840 Baptismi
3394 4761 3641 4823 habere
3711 4764 3930 4839 potest

2382 4880 2834 4943 limitationem
2890 4894 2975 4940 ex
3031 4877 3249 4941 divina
3303 4876 3707 4939 institutione
3778 4893 3924 4937 con·

2379 5012 2617 5076 gruam
2671 4994 2782 5058 fini
2826 4996 3251 5066 Sacramenti,
3285 4994 3394 5072 qui
3428 4999 3526 5055 est
3583 4991 3920 5070 providere

2381 5112 2574 5173 saluti
2621 5110 2878 5181 animae,
2926 5110 3067 5171 sine
3115 5106 3492 5189 praejudicio
3534 5106 3759 5169 salutis
3789 5121 3917 5166 cor·

2380 5229 2644 5308 poraliS,
2681 5244 2802 5307 per
2842 5243 2916 5288 se
2945 5223 3305 5305 loquendO,
3340 5224 3491 5304 quia
3522 5221 3667 5286 finis
3697 5224 3911 5284 Sacra·

2379 5352 2751 5407 mentorum
2795 5348 2896 5406 est
2950 5341 3202 5404 mederi
3256 5339 3610 5404 infirmitati
3663 5339 3909 5402 viatoris

2378 5466 2521 5530 sine
2574 5463 3017 5530 destructione
3073 5459 3424 5540 suppositi3
3468 5475 3593 5537 per
3635 5476 3703 5522 sc
3745 5457 3902 5530 dico,

2378 5580 2745 5660 spectando
2802 5584 3102 5641 naturam
3156 5575 3454 5653 actioniS,
3509 5591 3640 5639 non
3705 5573 3904 5654 condi-

3984 2363 4032 2521 ,ΑΓΕ
