4255 6375
1354 447 1549 509 οιετ.
1612 447 1713 509 vi.
1748 445 2114 522 QuAEs'rio
2163 447 2236 505 V.

141 603 571 696 dirigatur
603 626 647 677 a
679 608 1110 700 principali
1149 611 1437 698 agente
1472 606 1720 679 inten-

141 721 385 793 dente
454 722 735 805 tinem3
796 723 1174 797 minister
1231 726 1353 795 est
1414 723 1720 796 instru-

147 842 530 911 mentum
572 839 743 923 Dei,
783 859 1008 931 ergo,
1063 845 1214 912 etc.

238 954 694 1034 Praeterea,
733 956 825 1027 ad
863 957 1482 1027 Sacramentum
1528 954 1720 1026 nihil

151 1089 298 1161 per
373 1091 466 1141 se
547 1071 1027 1162 requiritur,
1109 1071 1267 1143 nisi
1326 1071 1455 1143 vel
1530 1091 1721 1163 pars

143 1185 273 1256 vel
348 1206 493 1257 res
564 1188 1116 1265 sacramenti:
1185 1189 1315 1260 sed
1377 1187 1719 1262 intentIO

143 1322 309 1372 non
382 1306 514 1374 est
591 1323 811 1394 parS,
866 1323 1011 1376 nec
1065 1303 1362 1397 aliquid
1434 1308 1720 1376 Sacra·

146 1417 438 1499 menti‚
495 1418 680 1509 quia
731 1439 889 1489 non
931 1422 1051 1490 est
1127 1420 1420 1512 aliquid
1477 1420 1723 1491 sensi-

142 1531 329 1612 bile,
380 1553 532 1605 nec
566 1537 689 1605 est
753 1555 883 1606 res
930 1535 1467 1617 sacramenti,
1535 1536 1723 1627 quia

148 1670 280 1719 res
330 1652 849 1725 Sacramenti
904 1655 1025 1724 est
1089 1653 1169 1724 in
1230 1652 1720 1744 suspriente

150 1767 816 1841 Sacramentum.

3289 422 3407 505 565

1837 604 2294 697 disponens,
2342 607 2428 676 ut
2470 602 2856 677 dividitur
2896 605 3189 677 contra
3223 602 3394 695 per-

1836 721 2142 805 ficiens
2211 742 2452 814 quam
2507 741 2756 813 agens
2820 722 3394 793 instrumenta-

1838 838 1935 917 le,
1982 838 2329 910 divisum
2382 842 2675 911 contra
2720 838 3205 931 principale.

1923 955 2065 1027 Vel
2139 955 2206 1027 si
2301 960 2656 1049 ponatur
2754 955 3391 1027 instrumentum

1836 1072 2221 1151 activum,
2296 1075 2373 1144 et
2436 1079 2708 1144 tamen
2752 1070 3164 1160 attingens
3235 1074 3393 1142 ter-

1836 1190 2143 1261 minum
2185 1190 2667 1282 principalis
2713 1188 3058 1280 agentis,
3107 1188 3186 1258 in
3236 1187 3387 1259 hoc

1831 1304 2366 1396 distinguitur
2399 1326 2445 1377 a
2488 1326 2734 1377 causa
2778 1304 3147 1386 secunda,
3195 1304 3385 1395 quia

1835 1441 1992 1492 non
2027 1420 2263 1494 habet
2315 1422 2391 1493 in
2439 1444 2616 1494 esse
2675 1422 2947 1513 quieto
3008 1421 3391 1501 formam,

1834 1556 2009 1626 quae
2062 1536 2166 1607 sit
2219 1537 2710 1629 principium
2765 1537 3047 1627 agendi
3103 1537 3183 1608 in
3243 1557 3388 1606 suo

1836 1652 2137 1733 ordine,
2187 1654 2319 1725 sed
2363 1658 2679 1726 tantum
2741 1654 2820 1726 in
2881 1653 3182 1726 actuali
3229 1673 3396 1724 mo-

1829 1766 2075 1851 tione,
2110 1774 2190 1841 et
2237 1769 2528 1861 recipit
2570 1790 2750 1841 eam
2810 1769 2995 1841 dum
3051 1768 3387 1841 actuali-

1831 1888 1959 1957 ter
2029 1892 2429 1961 movetur.
2525 1890 2624 1961 Et
2697 1888 2788 1959 de
2875 1906 3381 1977 quocumque
3439 1978 3448 1986 ο

1832 2000 2164 2074 illorum
2229 2004 2506 2082 trium,
2574 2003 2889 2076 scilicet
2958 2023 3207 2075 causa
3268 2022 3384 2073 se·
3433 1988 3743 2102 'nsffissffen‘

1835 2119 2089 2190 cunda
2145 2121 2477 2212 proprie
2542 2120 2779 2202 dicta,
2835 2124 2915 2209 et
2966 2139 3212 2191 causa
3274 2103 3741 2219 in-.⁵³⁰f,{,ss{{⁵v³

1837 2237 2359 2309 strumentali
2410 2237 2892 2330 dispositiva
2933 2242 3012 2309 ct
3077 2227 3742 2308 instru-intentionfflm

240 1883 359 1954 Ad
400 1883 784 1975 primum,
830 1886 1005 1958 dico
1094 1888 1298 1978 quod
1342 1888 1557 1959 aliud
1598 1891 1721 1960 est
3501 1916 3658 1966 causo

158 2000 386 2091 loqui
422 2002 515 2074 de
559 2022 809 2074 causa
851 2005 1221 2085 secunda,
1261 2010 1338 2078 et
1375 2005 1590 2077 aliud
1631 2006 1721 2076 de

156 2116 718 2193 instrumento
767 2122 1100 2213 proprie
1140 2122 1377 2203 dicto,
1422 2122 1512 2194 de
1564 2144 1720 2214 quo

160 2235 619 2307 tractatum
711 2241 836 2310 est
926 2258 1176 2331 supra
1266 2241 1563 2307 distinct.
1654 2242 1715 2309 1.

159 2351 432 2422 Causa
509 2351 724 2424 enim
797 2355 1147 2428 secunda
1241 2354 1482 2428 habet
1558 2354 1722 2425 for*
3428 2306 3699 2358 propriam.
3787 2294 3817 2330 ο

123 2464 382 2537 {mam
428 2468 851 2561 propriam
883 2471 964 2542 in
999 2492 1176 2543 esse
1211 2472 1507 2563 quieto,
1548 2493 1721 2563 quae

166 2586 291 2654 est
326 2582 483 2655 sibi
537 2585 751 2656 ratio
795 2587 1076 2677 agendi
1123 2587 1199 2658 in
1221 2588 1513 2689 ‚ordine
1548 2608 1720 2668 suo;

168 2700 247 2768 et
296 2694 453 2770 hoc
517 2703 883 2791 respectu
946 2702 1299 2791 ejusdem
1360 2703 1718 2785 effectus,

123 2818 552 2904 *respectu
604 2815 833 2908 cujus
896 2817 1067 2909 agit
1124 2839 1370 2890 causa
1429 2819 1722 2910 princi-

122 2968 133 2977 ·
176 2927 384 3017 palis
431 2929 511 3001 in
556 2952 703 3005 suo
766 2923 1067 3015 ordine,
1135 2933 1247 3005 ita
1291 2935 1496 3025 quod
1552 2935 1722 3007 uni-

123 3018 615 3121 '⁸versaliter
678 3051 1025 3122 secunda
1085 3072 1328 3123 causa
1392 3052 1722 3145 proprie

126 3151 529 3256 accepta,
585 3163 955 3239 effectum
1004 3166 1480 3261 principalis
1534 3190 1767 3242 cau-.

166 3299 268 3350 sae
337 3302 488 3374 per
566 3281 917 3355 sormam
996 3307 1224 3358 suam
1296 3290 1719 3380 propriam

164 3397 529 3489 attingit,
589 3398 667 3470 in
737 3399 1047 3475 virtute
1121 3407 1393 3474 tamen
1454 3424 1720 3477 causae

166 3512 645 3608 principalis
699 3517 1042 3607 agentis
1109 3520 1296 3610 quia
1359 3520 1719 3593 subordi-

1841 2354 2175 2428 mentali
2244 2353 2513 2428 activa
2579 2376 2719 2445 per
2759 2355 3114 2426 formam
3169 2374 3388 2425 rece-

1841 2476 2061 2562 ptam
2137 2471 2214 2542 in
2256 2471 2559 2543 actuali
2633 2468 3014 2552 motione,
3092 2468 3386 2541 falsum

1834 2591 1959 2661 est
2009 2588 2214 2679 quod
2263 2609 2423 2660 non
2491 2590 2785 2661 habeat
2848 2588 3382 2662 intentionem

1840 2704 2286 2797 propriam,
2323 2726 2418 2776 eo
2466 2706 2697 2777 modo
2752 2726 2905 2796 quo
2968 2724 3217 2794 agens
3259 2724 3392 2774 na-

1837 2822 2103 2895 turale
2167 2822 2406 2895 habet
2462 2822 2994 2896 intentionem
3062 2822 3394 2892 natura-

1837 2938 2019 3022 lem,
2058 2939 2246 3030 quia
2280 2939 2683 3033 quodlibet
2732 2939 3082 3011 istorum
3134 2937 3388 3008 trium

1834 3054 2073 3128 habet
2126 3054 2478 3127 formam
2541 3054 2988 3147 propriam,
3039 3075 3212 3147 quae
3264 3057 3390 3126 est

1838 3171 1988 3243 sibi
2044 3172 2470 3266 proprium
2544 3171 3036 3265 principium
3101 3170 3389 3262 agendi

1836 3288 1917 3359 in
1987 3289 2263 3361 ordine
2318 3310 2487 3371 suo,
2542 3296 2620 3362 et
2685 3310 2826 3381 per
2886 3308 3387 3379 consequens

1839 3406 2255 3498 propriam
2327 3406 2884 3488 intentionem,
2963 3405 3151 3497 quia
3221 3403 3383 3477 sor-

1836 3541 2050 3594 mam
2138 3522 2490 3595 activam
2568 3523 3030 3594 naturalem
3110 3543 3385 3593 conse-

165 3631 408 3702 natur
453 3630 605 3702 illi.
664 3633 810 3704 Sed
854 3627 1494 3708 instrumentum
1540 3656 1721 3728 pro·
1835 3640 2114 3732 quitur
2149 3639 2491 3714 intentio
2538 3640 2697 3711 isto
2737 3639 2995 3711 modo.

167 3743 365 3831 prie,
432 3746 500 3819 si
562 3747 896 3838 ponitur
956 3748 1343 3832 activum,
1389 3751 1515 3823 vel
1559 3774 1717 3824 non
1920 3761 2229 3839 Quarto
2270 3756 2503 3827 modo
2541 3757 2815 3848 posset
2861 3755 3047 3846 poni
3083 3753 3381 3828 instru-
3558 3777 3607 3826 7.

164 3860 496 3954 attingit
530 3863 907 3938 effectum
959 3867 1436 3959 principalis
1481 3887 1714 3959 agen·
1835 3878 2218 3947 mentum,
2292 3877 2371 3944 et
2433 3871 2765 3963 proprie
2837 3870 3194 3943 activum
3264 3891 3378 3942 re·
3450 3838 3712 3951 Αἷὶηῗῗρι

1829 3993 2104 4081 spectu
2146 3989 2425 4070 totius,
2473 3987 2746 4078 aliqua
2798 4008 3015 4079 pars,
3064 3989 3192 4060 cui
3237 3988 3382 4060 sci·
3448 3962 3705 4086 Qfflffiss‘do

1827 4105 2042 4185 licet,
2089 4103 2358 4196 primo
2417 4103 2792 4176 convenit
2856 4125 3034 4176 esse
3089 4103 3382 4196 princi·
3516 4103 3636 4160 Pars

3482 4150 3671 4201 dicitur

1828 4223 2049 4313 pium
2094 4219 2625 4311 operationis,
2672 4224 2751 4292 et
2804 4219 2957 4292 toti
3012 4240 3171 4290 non
3223 4218 3380 4289 nisi
3429 4211 3734 4324 instgffien·

1828 4357 1972 4428 per
2016 4341 2357 4429 partem.
2403 4337 2500 4405 Et
2543 4333 2694 4406 hoc
2740 4336 2969 4406 modo
3018 4333 3382 4407 Philoso-
3452 4343 3700 4411 respectu,

3421 4414 3572 4464 opera
3580 4405 3731 4450 tionis

1827 4452 2031 4544 phus
2103 4455 2342 4522 vocat
2435 4469 2746 4541 organa
2816 4455 3095 4542 partes
3171 4449 3381 4531 illas,
3476 4462 3668 4511 mlius?

165 3973 291 4058 tis,
348 3982 479 4052 sed
532 3984 855 4055 tantum
906 3982 1261 4076 aliquam
1307 3984 1716 4076 dispositi-

169 4110 394 4165 onem
440 4093 859 4188 praeviam,
906 4100 1304 4191 quomodo
1360 4101 1712 4192 qualitas

170 4208 526 4285 alterans
650 4213 950 4289 dicitur
1076 4218 1710 4294 instrumentum

171 4326 639 4402 substantiae
710 4332 803 4403 ad
900 4333 1447 4422 generandum
1539 4336 1711 4408 sub-

175 4444 557 4517 stantiam
588 4473 603 4527 ;
640 4445 789 4520 hoc
825 4451 1095 4520 tamen
1128 4468 1287 4519 non
1322 4454 1470 4532 est,
1509 4454 1711 4544 quod

174 4557 272 4630 sit
314 4561 950 4638 instrumentum
996 4564 1074 4636 in
1137 4565 1455 4638 actione
1518 4567 1709 4640 alte-

173 4678 410 4762 randi,
504 4679 662 4751 imo
735 4687 1107 4772 respectu
1193 4681 1711 4755 alterationis

171 4794 286 4862 est
352 4795 802 4886 p'erfectum
859 4796 1371 4890 principium,
1429 4797 1507 4869 in
1543 4803 1713 4873 tan-

173 4906 334 4981 tum
377 4913 584 5004 quod
628 4913 695 4985 si
766 4934 911 5005 per
967 4934 1050 4986 se
1109 4918 1348 4996 esset,
1422 4936 1569 5007 per
1629 4938 1712 4988 se

182 5032 437 5108 posset
510 5029 912 5111 alterare;
981 5031 1113 5103 sed
1196 5032 1462 5104 solum
1532 5054 1712 5125 pro-

176 5141 347 5225 pter
440 5143 591 5218 hoc
677 5147 977 5219 dicitur
1072 5147 1710 5224 instrumentum

180 5267 537 5352 respectu
602 5264 1103 5345 substantiae,
1151 5265 1338 5357 qula
1397 5268 1567 5357 agit
1620 5268 1713 5338 ad

182 5369 520 5465 aliquam
556 5378 931 5460 formam,
982 5401 1154 5472 quae
1206 5386 1330 5454 est
1371 5382 1714 5474 disposi-

182 5483 287 5557 tio
326 5495 418 5564 ad
480 5495 1063 5576 substantiain;
1132 5499 1332 5568 unde
1392 5499 1485 5569 ad
1538 5498 1711 5569 sub·

187 5601 556 5681 stantiam
633 5609 1045 5684 diceretur
1131 5614 1391 5702 magis
1463 5630 1710 5702 agens

1827 4569 2257 4641 secundum
2310 4587 2509 4659 quas
2561 4566 2939 4639 convenit
2994 4567 3145 4638 toti
3201 4588 3384 4658 ope-

1831 4686 2068 4759 ratio.
2127 4688 2227 4757 Et
2286 4685 2495 4757 istud
2559 4683 2898 4775 quodam
2958 4685 3190 4754 modo
3254 4683 3387 4754 ha-

1826 4805 1958 4877 bet
2004 4802 2536 4876 intentionem
2585 4800 3036 4892 propriam,
3085 4805 3164 4873 et
3199 4822 3385 4892 quo-

1826 4918 2006 4988 dam
2081 4907 2312 4987 modo
2368 4934 2552 4985 non.
2617 4915 2824 4985 Nam
2871 4913 3140 4985 forma
3209 4914 3388 5005 ejus

1827 5031 2117 5112 activa,
2182 5032 2260 5102 et
2316 5033 2441 5102 est
2495 5029 2697 5119 ejus,
2769 5031 2847 5100 et
2898 5033 3022 5102 est
3091 5031 3389 5118 totius;

1829 5148 1961 5220 sed
1996 5146 2172 5239 ejus
2240 5149 2363 5218 est
2425 5143 2694 5236 primo
2734 5170 2747 5226 ;
2789 5148 3042 5218 totius
3105 5149 3380 5218 autem

1827 5269 1951 5338 est
1993 5284 2139 5357 per
2191 5284 2300 5343 se,
2356 5262 2490 5333 sed
2550 5280 2709 5332 non
2769 5261 3061 5352 prim0,
3128 5266 3208 5335 et
3257 5283 3383 5333 co-

1826 5383 2000 5453 dem
2038 5381 2268 5453 modo
2310 5380 2399 5451 de
2436 5377 2905 5450 intentione.
2945 5380 3129 5449 Non
3161 5379 3376 5450 enim

1826 5498 1948 5568 est
2000 5495 2131 5566 hic
2177 5496 2372 5566 ordo
2415 5493 2754 5567 virtutis
2828 5494 2922 5565 ad
2984 5495 3376 5567 virtutem

1829 5611 1908 5683 in
1949 5635 2083 5681 esse
2121 5615 2364 5701 quiem,
2420 5612 2629 5683 sicut
2674 5610 2751 5681 in
2806 5611 3073 5703 primo
3137 5632 3377 5684 mom-
