4255 6375
684 325 804 388 630

397 479 635 595 inssffoessssn
707 483 897 557 licet
947 483 1046 556 ab
1094 482 1558 557 extrinseco
1610 484 1925 578 possint
1973 484 2248 557 distin-

707 599 843 693 gui
898 599 1382 683 extrinsece,
1447 606 1721 676 tamen
1789 599 2255 674 formaliter

705 713 1319 807 distinguuntur
1351 717 1668 810 seipsis

799 831 947 906 Sed
980 852 1048 904 si
1083 853 1429 925 quaeras
1498 854 1750 925 quare
1810 852 2009 925 ergo
2073 836 2262 906 sunt

708 950 1031 1023 tantum
1071 953 1243 1023 tres
1283 948 1861 1024 characteres?
1904 951 2261 1041 Respon-

363 978 804 1145 ἓζὲἶῗᾷἷῗῗᾶθ
764 1081 884 1146 e,o
933 1064 1123 1157 quia
1162 1065 1253 1137 de
1305 1064 1457 1138 hoc
1489 1085 1648 1138 non
1696 1063 2001 1138 faciam
2043 1085 2259 1137 men-

394 1159 658 1290 perbssssffi-
713 1180 1018 1254 tionem
1071 1181 1508 1274 specialem
1588 1182 1669 1255 in
1749 1181 2097 1256 materia
2173 1181 2263 1254 de

370 1281 1352 1408 {grggffffifflConfirmatione
1394 1299 1520 1370 vel
1564 1298 1882 1381 Ordine,
1928 1298 2101 1370 ideo
2152 1297 2264 1369 di-

385 1410 679 1458 humfflam·
715 1437 810 1489 co
854 1414 1061 1506 quod
1120 1413 1269 1487 hoc
1322 1417 1590 1506 potest
1640 1419 1921 1506 patere
1975 1435 2118 1506 per
2169 1414 2267 1485 si-

718 1529 907 1601 mile
987 1529 1068 1601 in
1160 1528 1470 1622 politiis
1552 1528 1733 1602 istis
1798 1529 2262 1612 mundanis;

712 1645 983 1719 nullus
1043 1646 1258 1719 enim
1327 1645 1567 1720 habet
1635 1646 2268 1750 determinatum

713 1763 1058 1854 gradum
1109 1762 1192 1835 in
1239 1761 1556 1835 familia
1602 1763 1845 1852 regiS,
1903 1762 2093 1855 quia
2144 1783 2269 1836 co-

721 1879 964 1954 medit
1009 1880 1137 1952 vel
1193 1879 1416 1961 bibit,
1481 1900 1626 1951 nec
1680 1879 1869 1972 quia
1912 1885 2095 1972 post
2157 1879 2273 1951 of—

722 1999 1034 2072 fensam
1067 1997 1440 2070 dominus
1476 1995 2060 2071 reconciliatur
2093 1995 2270 2077 sibi,

720 2134 865 2187 nec
926 2113 1114 2205 quia
1176 2111 1666 2203 multiplicat
1727 2128 2122 2205 personas
2195 2109 2276 2181 in

722 2234 884 2306 ista
926 2230 1239 2325 politia,
1313 2249 1501 2301 nam
1570 2228 1708 2302 isti
1771 2234 2002 2302 actus
2063 2246 2279 2300 com-

728 2370 1010 2423 munes
1089 2349 1426 2440 possunt
1497 2367 1673 2419 esse
1743 2346 2111 2418 omnibus
2200 2343 2279 2414 in

730 2485 1232 2559 quocumque
1281 2464 1534 2556 gradu
1568 2489 1583 2545 ;
1623 2465 1756 2536 sed
1789 2464 2043 2535 alium
2088 2481 2279 2553 gra-

727 2586 913 2656 dum
946 2581 1185 2654 habet
1239 2582 1559 2673 aliquis,
1615 2583 1932 2674 quando
1994 2580 2281 2672 recipi-

724 2703 865 2771 tur
955 2698 1036 2770 in
1119 2696 1518 2771 familiam
1600 2696 1941 2778 domini;
2033 2696 2283 2768 alium

732 2817 1045 2909 quando
1098 2816 1446 2890 ulterius
1500 2816 1823 2909 proficit
1864 2818 1942 2887 et
1984 2814 2287 2888 consti-

731 2936 1021 3018 tuitur,
1096 2939 1185 3009 ut
1257 2933 1490 3006 miles
1559 2934 1653 3005 ad
1718 2929 2284 3005 defendendum

736 3050 1362 3144 rempublicam;
1419 3049 1669 3123 alium
1725 3049 2034 3143 quando
2108 3068 2288 3121 con·

737 3166 1117 3242 stituitur
1149 3171 1239 3242 ut
1283 3186 1710 3259 supremus
1762 3166 1906 3239 sub
1964 3163 2288 3239 domino

741 3286 838 3360 ad
878 3286 1487 3360 constituendos
1522 3285 1730 3358 alios
1784 3286 1862 3356 in
1907 3285 2289 3375 gradibus

739 3402 1304 3475 determinatis
1341 3401 1421 3473 in
1455 3422 1601 3474 sua
1632 3400 1971 3484 familia,
2008 3402 2292 3493 utpote

741 3527 1038 3620 aliquis
1103 3520 1611 3601 senescallus
1689 3526 2123 3619 generalis,
2208 3531 2295 3600 ut

744 3644 1258 3718 immediatus
1322 3643 1465 3716 sub
1502 3644 1853 3724 domino,
1910 3642 2041 3715 cui
2082 3663 2294 3716 com-

750 3761 1002 3833 missa
1077 3765 1203 3834 est
1262 3759 1721 3835 auctoritas
1799 3757 2295 3832 universalis

746 3879 841 3950 ad
888 3877 1437 3970 recipiendum
1485 3876 1805 3969 aliquos
1867 3875 1948 3948 in
2008 3874 2297 3948 famili-

748 4016 881 4068 am
921 3994 1247 4067 domini.
1288 3997 1388 4067 Et
1431 3994 1603 4066 ideo
1639 3993 1707 4065 si
1738 3998 1955 4066 esset
2003 4013 2299 4065 nomen

752 4112 1258 4203 impositum,
1297 4110 1502 4203 quod
1553 4110 2061 4202 significaret
2120 4128 2302 4200 gra-

752 4230 938 4301 dum
988 4229 1071 4300 in
1122 4228 1457 4311 familia,
1511 4227 1637 4300 vel
1686 4227 2096 4309 baliviam,
2143 4246 2303 4298 non

754 4343 1163 4417 diceretur
1218 4343 1517 4416 habere
1593 4344 1937 4436 gradum
2003 4342 2133 4415 vel
2198 4342 2303 4416 di-

757 4461 1157 4552 gnitatem
1244 4460 1564 4553 aliquis,
1646 4460 1835 4553 quia
1920 4460 2304 4533 accedens

757 4579 852 4650 ad
909 4596 1298 4659 mensam,
1354 4578 1477 4650 vel
1540 4577 1729 4670 quia
1784 4576 2301 4669 conjugatuS,

754 4695 883 4766 vel
946 4694 1133 4786 quia
1194 4693 1507 4767 rediens
1549 4695 1645 4768 ad
1696 4693 2056 4786 gratiam
2121 4697 2307 4787 post

756 4810 1169 4893 offensam,
1261 4811 1395 4883 sed
1487 4811 1899 4884 diceretur
1985 4812 2304 4883 tantum

754 4928 1049 5000 habere
1093 4927 1457 5017 gradum,
1515 4928 1650 5018 qui
1690 4927 1781 4998 de
1836 4926 2135 5019 populo
2190 4947 2306 4998 es-

756 5049 879 5117 set
910 5045 1380 5135 assumptus
1416 5042 1496 5114 in
1531 5043 1928 5115 familiam
1970 5042 2302 5125 domini,

754 5165 837 5233 et
887 5157 1368 5233 ulteriorem
1418 5160 1782 5247 gradum,
1850 5158 1983 5250 qui
2045 5157 2126 5229 in
2194 5156 2308 5227 fa-

760 5275 985 5348 milia
1044 5274 1692 5347 constitueretur
1744 5274 1837 5345 ad
1898 5271 2307 5357 defenden-

408 842 628 911 Optimae

380 921 657 977 congruen-

758 5392 943 5463 dum
973 5391 1300 5463 domum
1342 5390 1468 5463 vel
1507 5389 1947 5472 dominum,
2002 5394 2083 5462 et
2116 5389 2310 5465 ulte-

765 5507 1099 5591 riorem,
1190 5507 1325 5600 qui
1409 5507 2056 5581 constitueretur
2139 5510 2310 5579 tan-

1873 324 2817 390 Llss.1V.SENTEN'r1ARUM

2377 503 2616 576 quam
2666 486 3154 578 praepositus
3226 487 3324 557 ad
3372 482 3871 576 recipiendum

2375 599 2692 693 aliquos
2752 601 2848 673 ad
2904 601 3332 682 familiam,
3390 606 3479 674 et
3529 600 3875 672 instruen-

2373 717 2557 790 dum
2595 717 3058 791 inferiores.

2464 834 2592 906 Sic
2633 835 2714 906 in
2759 835 3209 928 proposito,
3248 834 3413 909 tria
3460 837 3884 907 Sacramen-

2376 953 2486 1030 ta,
2525 949 2839 1023 scilicet
2881 948 3409 1024 Eucharistia
3451 949 3553 1022 ad
3602 950 3887 1023 nutriti·

2378 1086 2612 1137 onem
2682 1066 3225 1158 spiritualem,
3305 1064 3886 1138 Matrimonium

2376 1183 2472 1255 ad
2596 1184 3252 1274 procreationem
3377 1183 3886 1274 corporalem,

2380 1299 2863 1374 Poenitentia
2980 1302 3074 1374 ad
3172 1300 3890 1373 reconciliationem

2382 1419 2837 1500 annualem,
2914 1419 2990 1491 in
3060 1418 3283 1491 nullo
3368 1421 3609 1491 certo
3686 1417 3894 1508 gradu

2382 1536 2890 1609 constituunt
2952 1536 3033 1608 in
3075 1535 3474 1616 Ecclesia,
3535 1533 3697 1604 imo
3751 1553 3901 1625 pos·

2385 1655 2571 1723 sunt
2636 1671 2812 1722 esse
2881 1671 3353 1722 communes
3414 1649 3646 1722 omni
3706 1668 3906 1719 mem·

2383 1766 2530 1837 bro
2585 1766 2992 1849 Ecclesiae,
3048 1767 3128 1839 in
3189 1785 3704 1859 quocumque
3755 1782 3907 1854 gra-

2385 1882 2510 1953 du.
2559 1883 2704 1955 Sed
2740 1884 3053 1974 primus
3088 1882 3442 1973 gradus
3422 1902 3511 1953 m
3552 1878 3902 1958 Ecclesia,

2387 2001 2465 2070 et
2546 1998 2862 2089 quidem
2954 1998 3723 2071 universalissimus
3810 2001 3910 2066 est

2393 2115 2644 2208 recipi
2715 2115 2795 2187 in
2856 2115 3256 2189 familiam
3325 2111 3672 2192 Christi,
3741 2112 3907 2204 quod
3929 2081 4084 2206 ἕςξῗ

2390 2230 2480 2303 fit
2539 2230 2621 2301 in
2693 2231 3141 2323 BaptismO.
3205 2231 3626 2306 Secundus
3693 2227 3910 2321 speci·
3961 2209 4062 2318 ἃ

2392 2345 2545 2419 alis
2615 2347 2695 2419 in
2766 2348 3149 2421 militiam
3225 2347 3319 2419 ad
3393 2331 4094 2441 (ἰθῐεῐιείοῃθωῐξὲ

2391 2464 2570 2539 fidei
2622 2442 3136 2546 Christianae,
3194 2465 3399 2558 quod
3457 2467 3556 2539 fit
3618 2464 3697 2536 in
3759 2480 3913 2535 con·
3973 2469 4050 2510 ²³*

2394 2584 2884 2658 firmatione.
2966 2585 3290 2658 Tertius
3374 2582 3772 2658 constitui
3854 2579 4018 2712 infm
3958 2583 4067 2629 vm

2403 2708 2718 2795 patrem
2781 2707 2864 2776 et
2943 2706 3359 2794 pastorem
3428 2701 3528 2773 ad
3601 2661 4018 2772 introduffm

2401 2822 2730 2893 cendum
2793 2820 3000 2893 alios
3061 2820 3141 2893 in
3184 2818 3674 2897 Ecclesiam,
3734 2812 3916 2887 etad

2400 2938 2904 3029 dirigendum
2937 2942 3016 3011 et
3047 2938 3143 3010 ad
3184 2936 3754 3010 instruendum
3782 2953 3915 3010 eos,

2403 3056 2610 3148 quod
2651 3055 2739 3128 fit
2773 3055 2854 3126 in
2888 3054 3208 3129 Ordine.
3267 3056 3369 3128 Et
3428 3053 3648 3126 sicut
3697 3052 3769 3123 in
3816 3067 3915 3141 po·

2402 3172 2585 3246 litia
2643 3169 2786 3245 illa
2852 3191 3015 3244 non
3081 3170 3468 3263 congruit
3545 3169 3729 3244 illas
3779 3170 3918 3239 tres

2404 3288 2841 3380 dignitates
2889 3287 3207 3369 iterari,
3262 3286 3587 3361 scilicet
3633 3280 3919 3375 recepti·

2408 3426 2641 3477 onem
2703 3406 2783 3477 in
2849 3405 3274 3485 familiam,
3352 3402 3918 3498 promotionem

2407 3523 2501 3594 ad
2573 3523 2977 3604 militiam,
3048 3528 3128 3596 et
3214 3520 3785 3615 praelationem
3846 3513 3916 3586 ad

2406 3638 2890 3720 doctrinam,
2995 3637 3193 3708 bene
3287 3640 3565 3709 tamen
3672 3626 3913 3708 iterari

2415 3760 2749 3849 possunt
2791 3754 3164 3834 nutritio,
3210 3759 3289 3827 et
3340 3750 3827 3845 procreati0,
3857 3749 3914 3816 et

2413 3870 3018 3950 reconciliatio;
3121 3870 3238 3941 ita
3332 3867 3416 3938 in
3505 3863 3911 3959 proposito,

2413 3988 2580 4062 tria
2624 3990 3153 4060 Sacramenta
3189 4004 3349 4056 non
3381 3985 3616 4057 decet
3648 3975 3912 4057 iterari,

2414 4104 2578 4177 alia
2643 4107 2916 4176 autem
2979 4104 3414 4183 iterantur,
3496 4106 3580 4174 et
3653 4101 3730 4172 in
3792 4113 3914 4167 non

2417 4220 2807 4295 iterandis
2887 4219 3186 4311 gradus
3274 4216 3763 4291 initerabilis
3827 4231 3917 4283 ac·
4095 4242 4102 4275 ι

2418 4340 2802 4432 quiritur,
2857 4343 2938 4412 et
2997 4337 3429 4410 character
3486 4335 3802 4414 dicitur,
3861 4328 3918 4398 in

2418 4452 2807 4528 iterandis
2849 4453 3123 4524 autem
3154 4468 3335 4521 non.

2870 4696 3506 4761 COMMENTARIUS.

4091 4676 4107 4845 -=-——-—·

2497 4923 2587 5006 (e)
2615 4927 2708 4986 Ad
2736 4922 3090 4984 secunaum
3137 4919 3402 4981 dubium
3451 4919 3624 4992 dien,
3682 4922 3789 4979 etc.
3823 4913 3909 4972 Re·
3990 4940 4018 4990 ᾖ
4097 4874 4102 4905 ¹

2419 5046 2649 5108 solutio
2697 5049 2798 5105 est
2856 5042 3269 5104 characteres
3323 5037 3565 5114 seipsis
3630 5028 3905 5112 distingui,

2418 5165 2555 5227 sive
2586 5167 2916 5241 ponantur
2941 5158 3167 5220 formae
3196 5156 3538 5228 absolutae,
3583 5157 3719 5216 sive
3744 5160 3908 5224 respe-

2423 5284 2625 5355 ctivae,
2674 5279 2826 5358 quia
2853 5281 2921 5338 in
2962 5288 3214 5357 genere
3257 5271 3660 5334 relationum
3695 5259 3905 5349 perinde

2424 5396 2759 5460 diversitas
2786 5389 3096 5473 specifica
3166 5395 3230 5451 et
3269 5388 3619 5450 numerica
3659 5384 3899 5449 salvatur,

2421 5518 2592 5579 sicut
2628 5515 2699 5576 in
2741 5512 2884 5576 aliis
2910 5508 3294 5591 generibus.
