4255 6375
529 4329 610 4378 35.

448 4393 683 4521 ἓξζῖῗᾷῧ
752 4423 871 4485 sed
904 4424 986 4485 de
1032 4425 1156 4487 hoc
1189 4424 1491 4502 exigetur
1523 4422 1684 4483 ratio
1716 4421 1938 4482 amech.
1989 4421 2078 4481 12.
2132 4421 2299 4500 Ergo

767 407 885 467 644

741 575 807 629 et
872 584 1004 630 non
1080 585 1159 628 ex
1235 584 1433 630 causa
1500 569 1886 631 infirmitatis
1953 575 2062 627 aut
2118 567 2312 644 igno-

762 688 1029 746 rantiae,

838 793 1115 870 Oportet
1161 809 1319 872 ergo
1385 794 1477 854 sic
1535 792 1806 870 intelligi
1868 791 2310 870 Augustinum

757 909 838 969 ab
884 910 1210 983 omnibus,
1258 910 1407 988 quia
1463 911 1780 971 Doctores
1833 907 2097 968 alterius
2148 921 2308 966 sen-

762 1027 995 1098 tentiae,
1045 1026 1156 1104 qui
1183 1027 1350 1086 hanc
1397 1025 1587 1087 nobis
1617 1023 2073 1086 auctoritatem
2107 1037 2308 1099 oppo-

758 1148 945 1218 nunt,
993 1144 1346 1208 admittunt
1395 1144 1664 1224 aliquod
1714 1159 1882 1221 opus
1925 1141 2313 1203 indifferens

762 1276 843 1319 ex
878 1261 1186 1340 objecto;
1240 1269 1306 1325 et
1361 1264 1503 1340 ipso
1561 1268 1832 1323 sanctus
1877 1259 2305 1338 AugustinuS,

761 1379 834 1434 ut
862 1376 1279 1454 praemissum
1314 1383 1435 1452 est,
1483 1377 1642 1439 illud
1677 1378 1871 1438 etiam
1920 1374 2205 1436 admittit
2243 1372 2308 1432 in

765 1494 1074 1555 exercitio
1118 1496 1182 1555 in
1233 1494 1595 1568 individuo,
1648 1512 1777 1556 non
1824 1493 2110 1572 loquitur
2155 1504 2312 1568 ergo

766 1608 850 1672 de
898 1612 1253 1685 voluntate,
1292 1619 1364 1673 ut
1416 1616 1714 1675 versatur
1760 1612 1824 1671 in
1874 1612 2051 1671 omni
2094 1610 2302 1670 latitu-

763 1723 915 1788 dine
954 1732 1053 1791 sui
1110 1729 1355 1808 objecti
1417 1734 1542 1790 tam
1602 1725 1927 1791 commodi
1978 1743 2100 1788 seu
2149 1726 2304 1786 boni

757 1845 1095 1916 naturaliS,
1150 1864 1344 1926 quam
1400 1847 1595 1907 etiam
1632 1845 1923 1924 justitiae,
1975 1843 2097 1904 sed
2146 1859 2305 1920 prze-

761 1967 891 2028 cise
924 1966 987 2025 in
1022 1964 1288 2025 materia
1323 1963 1612 2042 justitiae,
1661 1966 1733 2023 ut
1781 1961 2114 2022 discursus
2166 1961 2309 2038 ejus

756 2083 840 2144 sit
884 2081 967 2142 ad
1014 2079 1421 2158 propositum
1453 2084 1678 2140 contra
1711 2078 2065 2156 Pelagium.

839 2198 1093 2261 Deinde
1149 2197 1505 2259 admittunt
1548 2195 1751 2258 iidem
1795 2198 2110 2258 Doctores
2173 2195 2310 2255 dari

761 2316 1185 2378 omissionem
1232 2315 1385 2375 boni
1433 2310 1653 2389 operis
1704 2313 2308 2390 supererogationis

763 2434 920 2495 citra
973 2438 1442 2508 contemptum,
1491 2435 1602 2490 aut
1649 2435 2019 2506 peccatum,
2067 2430 2131 2489 in
2179 2446 2308 2508 qua

758 2549 1110 2610 omissione
1193 2562 1327 2607 non
1411 2544 1828 2606 admitterent
1908 2545 2308 2605 voluntatem

759 2666 933 2727 nullo
992 2665 1190 2725 modo
1263 2664 1562 2724 affectam
1619 2680 1767 2725 esse
1825 2662 1908 2725 ad
1960 2663 2306 2742 justitiam,

761 2784 906 2860 quia
945 2787 1167 2858 potest
1213 2788 1277 2845 et
1328 2781 1529 2844 debet
1573 2779 1740 2843 affici
1792 2779 2162 2841 secundum
2211 2779 2303 2841 af-

761 2896 1010 2959 fectum
1054 2899 1365 2976 simplicis
1426 2898 1953 2976 complacentiae,
2011 2900 2311 2975 quamvis

754 3035 887 3081 non
922 3019 1168 3080 affectu
1202 3017 1473 3092 efficaci,
1525 3023 1590 3080 et
1635 3020 2138 3098 prosecutionis,
2197 3020 2304 3079 llla

755 3152 914 3215 ergo
961 3137 1281 3210 voluntaS,
1329 3153 1526 3215 quam
1576 3135 1927 3214 pessimam
1989 3132 2142 3197 dicit
2183 3137 2305 3197 Au-

756 3256 1061 3333 gustinus
1091 3254 1156 3315 in
1201 3254 1474 3314 materia
1512 3252 1796 3330 justitiae,
1830 3259 1894 3314 et
1935 3268 2077 3329 qum
2125 3252 2302 3312 nullo

758 3372 954 3433 modo
999 3370 1228 3451 diligit,
1279 3379 1378 3433 est
1426 3371 1554 3441 illa,
1606 3387 1745 3448 quie
1791 3385 2009 3447 neque
2066 3370 2306 3432 affectu

754 3489 1031 3568 simplici
1061 3495 1173 3549 aut
1216 3486 1465 3549 efficaci
1509 3486 1715 3549 fertur
1746 3488 1809 3548 in
1846 3489 2194 3566 justitiam,
2243 3494 2307 3549 et

752 3607 888 3667 haec
921 3610 1023 3667 est
1052 3610 1522 3677 contemnens;
1562 3619 1692 3665 non
1731 3604 2111 3682 intelligitur
2142 3620 2301 3683 ergo

759 3724 839 3783 ab
906 3725 1273 3801 Augustino
1334 3738 1481 3783 esse
1542 3722 1821 3783 mediam
1896 3722 2301 3783 voluntatem

748 3836 1257 3912 indifferentem,
1320 3852 1518 3917 quam
1601 3838 1704 3898 liic
1784 3837 2094 3910 excludit,
2184 3837 2302 3899 sed

752 3961 1113 4017 extremam
1148 3959 1212 4017 in
1258 3955 1625 4034 iniquitate,
1675 3958 1742 4013 et
1773 3953 2049 4029 quaestio
2102 3969 2304 4030 quam

756 4071 1037 4145 disserit,
1073 4073 1272 4149 longe
1307 4070 1561 4132 diversa
1594 4075 1695 4131 est
1726 4086 1757 4127 a
1794 4070 2120 4146 praesenti.

837 4190 1170 4268 Objiciunt
1225 4188 1544 4259 secund0‚
1612 4187 1864 4247 nullum
1920 4202 2088 4264 opus
2155 4201 2300 4246 esse

757 4308 962 4387 magis
994 4307 1402 4377 indifferens,
1438 4322 1631 4383 quam
1676 4303 1950 4365 verbum
1991 4304 2297 4374 otiosum,

749 4538 925 4601 idem
961 4539 1315 4602 dicendum
1350 4538 1432 4599 de
1464 4554 1667 4616 opere
1715 4539 1919 4599 otioso
1955 4543 2019 4597 et
2046 4535 2300 4597 indiffe-

742 4662 958 4729 rente,
1022 4657 1173 4735 quia
1242 4656 1519 4718 verbum
1599 4655 1879 4715 otiosum
1945 4658 2045 4714 est
2111 4652 2297 4723 illud,

742 4775 921 4853 quod
957 4781 1057 4837 est
1102 4791 1369 4847 vanum,
1421 4780 1486 4834 et
1531 4779 1711 4834 caret
1755 4772 1974 4835 debito
2024 4769 2180 4845 fine,
2228 4774 2300 4831 ut

1916 407 2057 466 ΜΒ.
2106 404 2208 465 lv.
2260 402 2864 466 SENTENTIARUM

2429 565 2704 625 verbum
2762 564 3069 632 otiosum,
3126 578 3250 622 seu
3291 561 3477 621 illum
3526 558 3738 618 locum
3776 551 3918 612 intel·

2423 680 2631 759 ligere
2680 679 2762 742 de
2790 681 2991 741 verbo
3025 678 3335 740 mendaci
3378 681 3449 737 et
3496 672 3800 736 inferente
3840 687 3917 729 ca·

2424 798 2760 868 lumniam,
2818 799 2924 858 cui
2977 794 3366 875 expositioni
3421 791 3605 854 favet
3653 792 3780 868 ipse
3821 797 3920 848 tex·

2423 921 2547 988 tuS,
2628 916 2739 993 qui
2801 920 3024 976 contra
3093 914 3452 974 Pharisaeos
3510 907 3924 969 calumniantes

2422 1046 2622 1107 opera
2689 1029 2828 1107 eJus
2890 1030 3153 1093 disserit
3195 1029 3492 1089 Christus
3542 1044 3558 1084 ε
3613 1025 3924 1099 Proyenies,

2423 1148 2655 1225 inquit,
2689 1150 3089 1224 viperarum,
3146 1146 3468 1223 quomodo
3503 1143 3759 1219 potestas
3801 1140 3926 1199 bono

2423 1268 2626 1347 loqui,
2659 1286 2806 1331 cum
2847 1271 2986 1330 sicis
3028 1269 3159 1344 ipsi
3212 1266 3402 1341 mali,
3437 1270 3569 1326 etc.
3632 1281 3716 1325 ea:
3767 1262 3925 1321 abun·

2423 1387 2644 1448 dantia
2687 1387 2855 1446 enim
2912 1387 3127 1446 cordis
3181 1386 3412 1460 linqua
3468 1382 3780 1458 loquitur,
3827 1384 3927 1440 etc.

2422 1501 2653 1563 Subdit
2699 1499 2780 1562 de
2825 1502 3059 1564 arbore
3090 1502 3289 1573 bona,
3314 1506 3382 1561 et
3413 1499 3632 1560 fructu
3665 1499 3847 1566 bone,
3869 1493 3931 1554 de

2424 1620 2589 1680 mala
2641 1619 2876 1681 arbore
2928 1623 2994 1679 et
3035 1619 3207 1679 malo
3255 1617 3472 1678 fructu
3525 1616 3726 1694 ejus:
3767 1617 3936 1674 Bonus

2419 1736 2632 1805 homo,
2692 1734 2925 1812 inquit,
2993 1737 3070 1795 cle
3129 1734 3289 1796 bono
3345 1733 3649 1794 thesauro
3717 1727 3937 1808 (supple

2425 1850 2661 1930 cordis)
2702 1853 2953 1931 profert
3010 1850 3200 1922 bona,
3260 1859 3317 1909 ec
3365 1848 3584 1908 malus
3644 1847 3830 1907 homo
3881 1847 3940 1905 de

2423 1967 2596 2026 malo
2646 1966 2948 2026 thesauro
2991 1969 3247 2042 profert
3300 1965 3503 2025 mala.
3556 1965 3716 2025 Dico
3762 1967 3942 2022 aulem

2420 2082 2617 2155 vobis,
2688 2083 2995 2158 quoniam
3074 2098 3258 2142 omne
3335 2081 3598 2140 verbum
3676 2083 3936 2146 otiosum,

2423 2205 2548 2260 etc.
2599 2214 2740 2276 quae
2798 2203 2900 2259 est
2940 2199 3270 2260 sententia
3326 2194 3824 2259 accommodata
3868 2193 3942 2255 di·
3971 2187 4131 2300 3339-

2421 2314 2564 2388 ctiS,
2596 2316 2813 2393 glossa
2846 2314 3269 2378 interlinealis
3319 2316 3593 2393 exponit
3643 2313 3729 2374 de
3779 2312 3942 2373 frivo—
4030 2325 4072 2356 τε

2419 2431 2497 2492 lis
2555 2436 2619 2491 et
2662 2431 3069 2506 mendaciis;
3110 2432 3385 2493 verbum
3449 2433 3649 2492 etiam
3692 2431 3945 2490 otiosum

2421 2550 2544 2616 est,
2588 2546 2763 2625 quod
2812 2547 2989 2609 nullo
3020 2545 3150 2608 fine
3200 2548 3436 2609 saltem
3487 2547 3803 2608 naturalis
3843 2546 3944 2606 uti·

2417 2666 2633 2740 litatis,
2695 2666 3044 2744 profertur.
3109 2669 3200 2729 Ex
3272 2668 3515 2746 quibus
3592 2667 3950 2744 intelligitur

2419 2786 2767 2864 Origenes,
2818 2789 2928 2864 qui
2978 2786 3133 2847 dicit
3176 2787 3455 2849 verbum
3486 2789 3768 2848 otiosum
3803 2797 3948 2853 esse,

2421 2902 2600 2981 quod
2658 2902 2812 2963 nihil
2857 2903 3013 2964 boni
3058 2910 3171 2965 aut
3222 2904 3373 2964 mali
3417 2906 3482 2966 in
3534 2919 3610 2964 se
3665 2904 3950 2970 continet,

2419 3018 2488 3080 id
2553 3025 2674 3091 est,
2738 3020 2882 3081 sine
2942 3020 3306 3081 rationabili
3367 3036 3566 3081 causa
3626 3018 3949 3097 profertur,

2422 3142 2536 3197 aut
2580 3136 2873 3199 utilitate.
2922 3138 3045 3200 Alii
3091 3137 3315 3200 Patres
3357 3135 3776 3216 intelligendi
3820 3139 3950 3195 sunt

2423 3252 2661 3315 eodem
2699 3253 2921 3323 modo,
2969 3253 3074 3316 vel
3123 3254 3490 3331 respective
3537 3252 3619 3314 ad
3669 3269 3807 3326 θος,
3854 3251 3945 3331 qui

2415 3368 2674 3433 silentio
2722 3375 2789 3432 et
2833 3369 3310 3433 mortificationi
3353 3369 3658 3442 student,
3692 3385 3942 3448 quorum

2417 3487 2615 3547 verba
2674 3483 2922 3546 debent
2979 3501 3125 3546 esse
3186 3484 3269 3545 ad
3338 3484 3834 3549 aedificationem
3886 3489 3941 3544 et

2419 3602 2825 3665 doctrinam:
2868 3600 3017 3663 vide
3071 3603 3400 3679 Vasquem
3452 3601 3540 3662 ad
3595 3602 3939 3680 praedictam

2420 3719 2490 3778 D.
2525 3719 2806 3779 'l'ltomae.

2497 3834 2828 3913 Objiciunt
2902 3834 3114 3906 tertio,
3159 3832 3575 3910 dispendium
3653 3834 3937 3912 temporis
4038 3837 4082 3884 Ξέ-

2416 3950 2655 4010 incurri
2696 3950 2759 4010 in
2820 3965 3023 4026 opere
3086 3950 3528 4021 indifferente‚
3585 3949 3763 4029 quod
3815 3966 3931 4009 ma·

2411 4068 2546 4129 lum
2609 4073 2728 4129 est.
2790 4065 3255 4145 Respondetur
3322 4069 3634 4149 negando
3695 4076 3934 4129 antece·
3985 4070 4000 4080 “

2415 4183 2604 4256 dens,
2634 4182 2687 4243 si
2717 4183 3011 4245 subsistit
3039 4182 3183 4244 finis
3214 4184 3530 4247 naturalis
3559 4185 3794 4262 operis.

2494 4301 2824 4381 Objiciunt
2873 4306 3131 4378 quarm,
3177 4317 3386 4380 agens
3430 4304 3745 4365 rationale
3777 4310 3934 4365 tene·
3985 4342 4102 4397 w

2416 4423 2518 4478 tur
2573 4433 2740 4495 opus
2797 4434 2991 4479 suum
3052 4416 3337 4497 dirigere
3380 4421 3449 4481 in
3492 4416 3697 4481 finem
3759 4419 3934 4481 hone·
3979 4405 4092 4453 ἔῃ

2410 4539 2622 4605 stum;
2680 4548 2866 4611 erg0,
2930 4539 3056 4595 etc.
3127 4535 3264 4596 Haec
3323 4534 3607 4613 objectio
3672 4538 3932 4596 continet

2409 4647 2800 4726 praecipuum
2857 4645 3351 4711 fundamentum
3398 4650 3632 4728 prioris
3689 4656 3929 4713 senten-

2410 4764 2528 4836 tiae,
2590 4763 2768 4843 quod
2825 4781 3026 4843 supra
3069 4766 3532 4847 impugnatum
3576 4773 3702 4829 est.
3750 4769 3928 4846 Nega·

738 4892 899 4954 illud
946 4864 1126 4971 quo-d
1169 4893 1311 4953 sine
1352 4889 1777 4953 {edificatione
1826 4887 2179 4966 profertur,
2224 4894 2299 4950 ut
2411 4885 2513 4942 tur
2551 4897 2708 4961 ergo
2760 4882 3188 4957 antecedens,
3239 4885 3388 4964 quia
3441 4885 3587 4946 talis
3641 4885 3920 4965 obligatio

743 5013 940 5075 docet
1008 5011 1282 5073 Basilius
1339 5012 1405 5071 z'n
1462 4992 1595 5086 req.
1662 5008 1920 5079 minori,
1990 5024 2133 5083 cap.
2193 5007 2292 5067 23.

734 5129 1111 5195 Bernartius
1159 5143 1349 5189 serm.
1386 5128 1462 5188 de
1505 5125 1758 5201 triplici
1781 5125 2094 5196 custodia,
2133 5124 2291 5183 Gre-

732 5251 958 5333 gorius
1014 5249 1184 5307 hom.
1251 5247 1347 5306 18.
1410 5247 1473 5305 in
1532 5244 1774 5318 Evany.
1835 5248 1889 5301 εἰ.
1934 5242 1994 5301 7.
2057 5240 2290 5300 moral.

733 5389 875 5446 cap.
931 5368 1024 5430 18.
1085 5360 1548 5441 Respondetur
1592 5357 1899 5438 negando
1945 5357 2288 5435 majorem.

733 5484 831 5547 Ad
865 5481 1055 5560 cujus
1100 5478 1558 5558 probationem
1602 5473 2039 5552 respondetur
2081 5472 2283 5552 Chry·

735 5598 1124 5670 sostenium,
1196 5592 1783 5672 Theophylactum,
1847 5589 2288 5669 Euthymium›

2407 5014 2537 5060 non
2593 4996 2996 5061 sufficienter
3049 5001 3326 5073 ratione,
3388 5004 3500 5061 aut
3571 5002 3916 5063 auctoritate

2406 5114 2812 5191 proponitur,
2878 5121 2942 5178 et
2990 5123 3065 5178 ut
3111 5117 3269 5179 alias
3317 5117 3578 5195 objecta
3627 5134 3916 5199 suppona-

2405 5246 2571 5301 mus,
2616 5231 2874 5294 videtur
2932 5234 3128 5294 etiam
3177 5233 3406 5295 tollere
3472 5234 3723 5297 indulta
3774 5233 3907 5299 infir·

2402 5356 2664 5430 mitatis,
2739 5363 2803 5418 et
2872 5359 3341 5435 permissiones
3413 5377 3536 5422 seu
3613 5362 3901 5423 libertates
3944 5328 4116 5433 ἓξὲξ

2401 5487 2563 5548 quas
2593 5472 2926 5551 Scriptura
2972 5491 3158 5536 sacra
3210 5477 3275 5535 in
3323 5477 3637 5553 operibus
3666 5474 3896 5543 admitit,
3924 5441 4122 5561 ἐξ,

2399 5605 2551 5649 nam
2585 5590 2916 5652 etPaulus
2970 5595 3022 5653 l.
3075 5594 3164 5653 ad
3209 5593 3491 5655 Corinth.
3539 5613 3679 5671 cap.
3718 5594 3769 5654 8.
3808 5589 3892 5652 ubi
3988 5573 4048 5621 Ψ*
