4255 6375
801 402 919 465 386
1981 406 2123 467 LlB.
2176 407 2274 467 IV.
2337 405 2934 473 SENTENTIARUM

814 582 976 635 non
1027 566 1482 649 crediderit,
1528 588 1672 640 nec
1732 572 1944 649 actu,
2018 588 2164 642 nec
2231 569 2362 639 ha·
2475 575 2647 646 lesu,
2708 578 2832 635 etc.
2890 575 3102 637 salvos
3146 593 3261 639 nos
3310 578 3466 653 fecit
3510 592 3648 655 per
3694 578 3960 639 lavacrum

816 679 1015 763 bitti,
1086 685 1779 767 condemnabitur,
1845 686 2032 776 quia
2083 706 2364 762 secun·
2478 694 3021 765 reqeneratz·onis;
3054 692 3136 753 ad
3178 694 3390 755 Titum
3434 696 3495 754 3.
3532 698 3609 755 ln
3639 711 3761 770 quo
3795 702 3841 755 et
3875 698 3967 757 eir·

817 796 1004 868 dum
1049 800 1534 890 Apostolum
1582 803 1822 874 Hebr.
1875 806 1985 874 11.
2034 806 2196 871 Sine
2233 804 2367 887 sicle
2481 808 2749 865 cumcisi
2803 809 2968 880 estiS,
3014 807 3535 886 {Circumcisione
3607 826 3733 870 non
3794 825 3972 869 mauu-

819 916 1226 1002 impossibile
1255 931 1348 985 est
1376 922 1641 1006 plaeere
1681 923 1838 999 Dea,
1875 922 2142 987 credere
2191 923 2369 987 enim
2478 923 2682 999 facta,
2730 926 2797 984 in
2847 927 3352 1001 eoepotiationem
3392 929 3637 991 veteris
3666 928 3879 997 car-nis,
3902 931 3975 987 sai

822 1045 1075 1119 oportet
1133 1036 1548 1102 accedentem
1597 1037 1688 1103 ad
1747 1041 1974 1104 Deam.
2037 1036 2368 1108 Parvuli
2481 1039 2549 1097 in
2608 1040 3107 1101 Ci'rcumcl'sl'one
3164 1043 3422 1115 Christi.
3474 1040 3831 1117 conmuni
3860 1042 3908 1101 δ’
3935 1045 3977 1099 ῑδ

513 2809 753 2880 Probatio

537 2884 739 2937 pmmae.

487 3489 496 3498 ’
513 3520 774 3586 Diospolit.

506 3584 785 3699 &fficiam
830 3594 1294 3669 Milevitanum‚
1345 3598 1414 3655 et
1486 3596 1736 3673 reliqua
1808 3594 2094 3658 Concilia
2169 3597 2390 3658 habita

480 3708 789 3822 Laqgfflffis
834 3711 902 3772 in
954 3708 1167 3772 Africa
1226 3715 1449 3772 contra
1505 3711 1866 3790 Pelagium,
1919 3713 2386 3787 Lateranense,

530 3834 759 3948 glasia-gt(
838 3827 1303 3900 Florentinum,
1361 3826 1852 3900 Tridentinunu
1918 3833 1984 3888 et
2055 3834 2239 3907 patet
2302 3828 2389 3891 ad

477 3956 560 4007 Ad
586 3937 800 4011 Ποσιὲ.
833 3947 1158 4006 Romanos
1200 3946 1262 4005 5.
1296 3947 1420 4004 Per
1450 3959 1651 4004 unum
1693 3943 2015 4004 hominem
2050 3950 2390 4021 peccatum

521 4249 764 4322 Probatio

526 4336 774 4384 secundae

497 4398 778 4509 cffffilug’ff·
826 4409 971 4470 Nisi
997 4409 1140 4484 quis
1180 4412 1444 4468 renatus
1479 4408 1684 4481 fuerit
1715 4424 1800 4467 ecc
1829 4424 2004 4484 aqua
2043 4414 2098 4469 et
2131 4411 2386 4484 Spiritu

471 4520 786 4637 ftffigffir}
822 4531 1062 4595 sancto,
1103 4540 1224 4584 non
1251 4528 1453 4600 potest
1496 4525 1768 4584 introire
1819 4523 1883 4582 in
1924 4540 2192 4601 requam
2244 4527 2382 4595 Dei,

826 1151 1122 1231 autem,
1184 1150 1338 1223 etsi
1418 1172 1579 1223 non
1659 1160 1997 1245 possunt
2073 1153 2371 1226 habere

733 1359 738 1363 q
825 1268 1096 1338 actum
1187 1268 1581 1351 credendi,
1677 1274 2010 1361 possunt·
2101 1274 2373 1342 tamen

824 1376 1121 1453 habere
1190 1382 1581 1466 habitum,
1677 1388 1763 1456 ut
1833 1385 1909 1455 in
2008 1386 2374 1477 sequenti

827 1496 1272 1585 quaestione
1314 1498 1652 1582 dicetur,
1701 1499 1872 1572 ideo
1915 1520 2075 1571 non
2127 1501 2370 1575 valet.

1266 1744 1905 1809 COMMENTARIUS.

908 1966 996 2051 (c)
1044 1969 1242 2031 Teneo
1286 1987 1438 2046 erqo
1471 1973 1852 2047 oppositum,
1900 1976 2025 2033 etc.
2075 1971 2186 2032 llic
2220 1970 2382 2033 duas

505 2070 773 2183 coffgiiffio,
834 2085 1290 2148 conclusiones
1359 2086 1693 2162 oppositas
1764 2085 1981 2146 eidem
2054 2088 2384 2147 erroribus

480 2194 758 2309 cosneccfflffif
836 2200 1124 2264 breviter
1156 2198 1657 2277 comprehendit
1685 2202 1942 2262 Doctor.
1992 2202 2195 2263 Prima
2232 2207 2332 2263 est
2365 2223 2379 2264 :

831 2325 1168 2396 peccatum
1196 2316 1519 2393 oriqinate
1547 2333 1678 2377 esse
1705 2318 1772 2376 in
1789 2317 2110 2392 parvulis.
2143 2319 2386 2380 Secun-

843 2434 921 2496 da
958 2455 972 2496 ε
1013 2433 1328 2512 parvulos
1354 2436 1719 2495 necessitate
1744 2433 1974 2495 salutis
2017 2452 2146 2495 esse
2176 2436 2382 2512 bapti-

836 2551 1092 2625 zandos,
1128 2552 1285 2627 quia
1322 2550 1642 2624 oriyinale
1685 2551 1751 2609 in
1792 2549 1931 2626 leqe
1976 2553 2382 2628 Evanyetica,

839 2673 903 2730 in
949 2671 1029 2730 iis
1071 2667 1288 2745 nequit
1336 2668 1560 2739 deleri,
1615 2670 1745 2729 nisi
1780 2685 1904 2744 per
1961 2672 2384 2748 Baptismum,

835 2789 961 2846 etc.
997 2784 1117 2844 Per
1144 2784 1350 2861 teyem
1384 2785 1830 2861 Evanqeticam
1865 2785 2168 2864 intelligit
2208 2786 2383 2849 ordi·

833 2901 1103 2970 nariam,
1176 2916 1320 2977 quae
1389 2904 1491 2961 est
1551 2886 1898 2979 'praesentis
1956 2908 2188 2975 statu8‚
2256 2917 2387 2965 non

832 3016 1337 3094 comprehendit
1381 3033 1603 3078 casum
1651 3018 1932 3097 Mar-tyni
1995 3023 2107 3078 aut
2149 3018 2388 3080 sancti·

827 3131 1147 3194 ficationis
1179 3148 1298 3209 per
1328 3133 1731 3210 Baptismum
1762 3131 2061 3195 flaminis.
2105 3136 2386 3211 Utraque

830 3247 1162 3309 conclusio
1223 3253 1324 3308 est
1396 3246 1478 3308 de
1535 3245 1689 3309 fide.
1767 3249 1974 3311 Prima
2047 3251 2385 3311 conclusio

829 3363 1221 3440 supponitur
1250 3379 1332 3423 ex
1363 3365 1630 3424 materia
1665 3363 1747 3424 de
1773 3364 1985 3444 ‘gratia
2017 3368 2082 3424 et
2116 3373 2386 3440 peccato

832 3479 1152 3557 originali.
1225 3479 1381 3540 Eam
1447 3476 1765 3541 definiunt
1837 3479 2384 3554 Diospolitanum.

829 4061 1118 4133 intravit,
1157 4064 1283 4121 etc.

911 4175 1212 4237 Secunda
1274 4172 1606 4236 conclusio
1658 4189 1810 4252 quae
1852 4173 1935 4233 ad
1987 4183 2386 4251 praesentem

831 4291 1170 4352 materiam
1204 4295 1479 4368 spectat,
1517 4291 1828 4368 probatur
1875 4307 1958 4352 ex
2003 4292 2330 4370 Scriptura
2368 4313 2381 4354 :

825 4646 951 4703 etc.
984 4641 1250 4700 loannis
1278 4641 1339 4702 3.
1378 4641 1502 4710 Qui
1533 4639 1886 4700 crediderit
1919 4644 1974 4699 et
2014 4640 2380 4715 baptizatus

814 4758 1044 4833 fuerit,
1103 4755 1321 4818 salvus
1379 4760 1525 4827 erit,
1599 4759 1726 4817 elc.
1798 4755 2064 4817 Matthaei
2122 4756 2375 4817 ultime.

817 4879 908 4935 An
979 4875 1319 4950 iquoratis,
1397 4876 1554 4949 quia
1614 4873 2006 4948 quicumque
2072 4872 2390 4948 baptizati

813 5007 1040 5053 sumus
1111 4992 1176 5051 in
1242 4990 1494 5050 Christo
1565 4994 1738 5061 Jesa,
1799 4989 1865 5050 in
1909 4994 2113 5049 morte
2181 4992 2385 5066 ipsius

814 5108 1129 5184 baptizati
1180 5108 1449 5168 samus?
1509 5107 1885 5182 Consepulti
1936 5108 2107 5166 enim
2156 5121 2383 5167 samus

814 5240 963 5284 cum
1006 5223 1129 5283 itlo
1167 5238 1287 5298 per
1331 5222 1734 5298 Baptismum
1785 5223 1854 5280 in
1897 5227 2194 5292 mortem,
2249 5228 2376 5283 etc.

814 5355 1011 5400 nemo
1085 5344 1306 5400 autem
1377 5337 1686 5410 salvatur,
1770 5338 1892 5401 nisi
1957 5339 2067 5415 qui
2143 5343 2243 5397 est
2315 5339 2380 5399 in

813 5455 1062 5517 Christo
1099 5457 1292 5524 Jesu;
1330 5454 1414 5516 ad
1468 5457 1794 5517 Romanos
1854 5454 1913 5515 8.
1973 5453 2150 5515 ΝἰΙιίί
2210 5471 2377 5532 nunc

813 5571 1251 5634 damnationis
1285 5572 1470 5632 estin
1499 5570 1621 5641 his,
1667 5572 1785 5646 qui
1826 5574 1970 5630 sunt
2009 5571 2077 5630 in
2125 5570 2380 5631 Christo

2487 1155 2837 1229 Baptismo‚
2886 1158 2951 1216 in
2981 1173 3105 1233 quo
3136 1163 3193 1217 et
3221 1158 3687 1218 resurrexistis
3706 1156 3978 1230 perfidem

2488 1270 2700 1344 operis
2743 1272 2880 1342 Dei,
2927 1273 3045 1347 qui
3080 1274 3399 1333 suscitavit
3436 1272 3642 1332 illum
3674 1288 3715 1330 a
3752 1272 3979 1339 mortuis,

2488 1389 2614 1447 etc.
2662 1386 2747 1447 ad
2793 1388 3029 1450 Coloss.
3077 1390 3137 1449 2.
3185 1389 3288 1450 Sic
3334 1391 3539 1451 etiam
3584 1390 3965 1465 Baptismus}

2488 1505 2667 1565 l'etri
2709 1504 2761 1563 l.
2796 1505 3167 1583 appellatur
3197 1504 3624 1569 circumcisio
3657 1507 3986 1585 spiritualis:
4084 1426 4090 1547 ¹

2489 1621 2809 1681 Mundans
2846 1637 2993 1680 eam
3021 1620 3287 1681 lavacro
3318 1638 3506 1697 aquae
3553 1624 3623 1681 in
3668 1621 3849 1682 verbo
3873 1623 3987 1691 vile,

2492 1730 2578 1794 ad
2622 1734 2944 1809 Ephesios
2991 1736 3051 1795 5.
3090 1750 3224 1815 vper
3268 1735 3689 1812 Baptismum
3729 1735 3993 1797 induimus

2493 1847 2817 1911 Christum
2874 1848 2959 1911 ad
3005 1850 3272 1912 Galatas
3318 1850 3377 1909 3.
3432 1857 3498 1913 et
3550 1850 3751 1927 plura
3786 1851 3992 1915 similiaz

2497 1980 2654 2043 ergo
2687 1966 3025 2042 supposita
3061 1965 3260 2042 priori
3291 1967 3570 2026 veritate
3628 1964 3716 2026 de
3762 1963 3997 2044 originali

2495 2089 2772 2160 peccato
2804 2085 2868 2145 in
2902 2086 3227 2151 omnibus,
3258 2086 3367 2161 qui
3402 2082 3896 2145 descenderunt
3921 2099 4000 2159 per

2494 2199 2857 2260 naturalem
2889 2202 3432 2278 propagationem
3479 2214 3568 2260 ex
3616 2196 3882 2269 AdamO,
3919 2213 3997 2258 ne·

2500 2317 2824 2378 cessarius
2857 2322 2971 2390 ⁴est
3020 2318 3386 2394 Baptismus
3430 2332 3555 2393 per
3600 2332 3806 2395 quem
3841 2315 3999 2376 indui-

2496 2449 2645 2494 mus
2716 2433 3065 2505 Christum,
3140 2432 3439 2493 exuimus
3490 2435 3797 2494 veterem
3844 2430 3999 2491 homi·

2500 2566 2677 2622 nem,
2748 2551 3124 2623 liberamur,
3204 2548 3638 2623 mundamur,
3716 2549 3999 2618 salvamur,

2503 2665 3033 2727 circumcidimur
3087 2685 3122 2727 a
3186 2668 3456 2743 peccato
3494 2672 3563 2726 et
3593 2666 4002 2731 illuminamur.

2500 2788 2574 2844 ut
2602 2785 2884 2846 liabetur
2913 2781 2996 2843 ad
3031 2784 3325 2843 Hebraeos
3351 2782 3412 2843 6.

2581 2898 2885 2959 Secundo
2917 2896 3156 2959 eadem
3184 2898 3421 2959 veritas
3467 2913 3555 2958 ex
3606 2896 3897 2958 Patribus
3923 2909 4005 2969 pa·
4036 2972 4047 2984 .

2504 3022 2614 3087 tet,
2649 3014 2939 3095 Syricius
2968 3015 3137 3092 Papa
3186 3016 3363 3090 epist.
3414 3014 3467 3074 l.
3513 3032 3667 3091 cap.
3714 3016 3775 3076 2.
3822 3003 4068 3097 suppo-f.¹

2501 3133 2596 3195 nit
2647 3149 2823 3204 eum,
2884 3132 2993 3210 qui
3057 3132 3308 3210 absque
3373 3132 3717 3211 Baptismo
3776 3128 4001 3200 decedit,
4040 3119 4078 3218 J

2501 3249 2784 3326 perdere
2814 3248 3013 3311 vitam
3065 3253 3133 3307 et
3176 3263 3483 3326 regnum.
3533 3249 3824 3312 Irenaeus
3851 3247 3939 3306 lib.
3960 3246 4001 3303 3.
4024 3222 4072 3331 ᾗ

2504 3371 2728 3426 contra
2767 3365 3054 3436 haereses,
3105 3380 3251 3440 cap.
3309 3365 3404 3426 19.
3462 3380 3721 3443 aquam
3775 3369 3837 3425 et
3871 3363 4005 3440 spiri·

2505 3485 2634 3541 tum
2670 3496 2816 3542 esse
2849 3481 3246 3550 necessaria,
3279 3487 3353 3542 ut
3383 3481 3582 3543 homo
3620 3482 3690 3544 in
3720 3483 3900 3542 vitam
3927 3475 4007 3538 Dei

2503 3595 2894 3674 perficiatur.
2950 3599 3076 3658 Leo
3129 3598 3298 3674 Papa
3350 3602 3530 3674 epist.
3585 3601 3693 3661 78.
3753 3600 3906 3659 alias
3932 3595 4003 3656 80.

2503 3713 2612 3792 qui
2656 3714 2982 3789 Baptismo
3033 3717 3340 3790 privatur,
3395 3713 3784 3776 necessaria
3823 3713 4004 3774 libera·

2503 3831 2675 3890 tione
2736 3832 2996 3907 privari,
3070 3836 3196 3892 etc.
3260 3829 3704 3909 Hieronymus
3772 3829 3913 3890 diat.
3963 3827 4004 3887 3.

2500 3952 2722 4006 contra
2796 3947 3154 4020 Pelaqium.
3228 3947 3641 4026 Augustinus
3685 3949 3762 4008 de
3814 3953 4002 4023 pem-at.

2500 4063 2747 4122 meritis
2779 4065 2834 4120 et
2867 4063 3115 4122 remiss.
3161 4066 3385 4123 contra
3430 4066 3602 4124 duas
3652 4064 3825 4140 epist.
3868 4058 4006 4120 Pete-

2498 4177 2874 4251 57ianoram,
2924 4193 3065 4252 cap.
3127 4177 3187 4238 4.
3258 4178 3368 4238 tib.
3429 4179 3483 4238 l.
3553 4181 3635 4240 de
3694 4181 3921 4245 Anima,
3967 4179 4003 4231 e:

2499 4275 2639 4369 ejus
2668 4294 2942 4368 ore'yine,
2975 4310 3118 4370 cap.
3158 4294 3250 4356 10.
3288 4295 3398 4354 tib.
3432 4295 3496 4355 2.
3530 4312 3683 4372 cap.
3723 4296 3812 4356 12.
3842 4292 3935 4354 lib.
3958 4290 3996 4349 3·

2499 4425 2639 4483 cap.
2686 4410 2745 4471 9.
2796 4413 2972 4484 epist.
3029 4410 3132 4472 28.
3194 4416 3257 4472 et
3313 4410 3465 4472 alibi
3524 4413 3775 4489 passim
3828 4413 3993 4471 contra

2499 4523 2906 4603 Pelagianos.
2966 4524 3326 4587 Concilium
3397 4523 4043 4610 Constantinopolim-ij

2498 4654 2656 4699 num
2710 4659 2723 4700 :
2770 4640 3088 4715 Confiteor
3139 4657 3337 4703 unam
3364 4633 3709 4719 Baptisma
3734 4644 3798 4704 in
3822 4637 3991 4700 remis·

2495 4755 2739 4815 sionem
2761 4761 3203 4832 peccatorum.

2573 4873 2787 4933 Tertio
2840 4873 3157 4949 probatur
3198 4874 3579 4949 specialiter
3631 4876 3715 4939 de
3768 4868 3984 4954 parvulis
4060 4937 4069 4944 .

2496 5003 2575 5047 ex
2610 4989 2940 5049 communi
2971 4988 3231 5051 Patrum
3274 4997 3339 5053 et
3383 4991 3697 5057 Ecclesiae
3737 5007 3905 5055 sensu
3940 4947 4061 5046 elT⁹

2498 5101 2902 5165 definitione.
2997 5104 3305 5167 Clemens
3393 5109 3728 5171 Romanus
3800 5108 3891 5168 tib.
3937 5103 3977 5162 6.
4006 5090 4058 5180 ξ’·

2495 5237 2637 5295 cap.
2688 5221 2781 5281 15.
2828 5226 3076 5283 constit.
3131 5226 3339 5297 Apost.
3386 5222 3453 5285 id
3519 5223 3721 5288 docet
3763 5245 3778 5285 ε
3820 5222 3979 5297 Βαρίἰ·

2496 5341 2658 5404 zate.
2720 5336 2953 5414 inquit,
3011 5356 3250 5414 pueros
3305 5340 3617 5416 infantes,
3670 5351 3786 5406 etc.
3830 5340 3976 5402 susse

2495 5454 2688 5526 enim,
2740 5454 2831 5514 ait
2878 5459 3208 5531 Dominus,
3256 5474 3506 5533 pue-ros
3558 5464 3770 5523 venire
3805 5460 3972 5519 adae.

2495 5577 2551 5632 et
2598 5589 2675 5631 ne
2725 5573 3060 5646 prohibete
3089 5591 3214 5637 eae.
3254 5574 3624 5654 Dionysius
3673 5575 3819 5640 licet.
3857 5572 3967 5631 ker.
