4255 6375
505 4696 634 4758 Arg.
710 4732 725 4746 .

808 325 925 386 390

814 485 1035 560 inter
1091 491 1388 576 fideles,
1479 501 1561 571 et
1646 501 1727 570 in
1814 500 1991 592 lege
2075 522 2359 574 eorum

813 603 1224 692 doceatur,
1280 611 1667 685 similiter
1728 617 2188 710 acquiescet
2246 616 2365 692 illi

814 720 1000 812 legi,
1065 722 1277 799 sicut
1342 727 1639 821 aliquis
1724 732 2211 826 baptizatus.
2286 738 2367 811 Si

815 855 1017 927 ergo
1076 840 1298 914 nullo
1363 845 1596 917 modo
1664 848 1910 922 aliter
1978 872 2061 923 se
2129 852 2367 930 habet

819 952 913 1023 ad
1018 959 1291 1029 actum
1405 961 1775 1037 credendi
1876 966 2364 1058 baptizatus,

820 1079 1060 1151 quam
1101 1084 1262 1136 non
1312 1065 1799 1159 baptizatuS,
1847 1075 2069 1147 nullo
2136 1080 2367 1151 modo

818 1176 1059 1251 habet
1138 1177 1506 1257 habitum
1583 1186 1787 1261 fidei.

907 1292 991 1366 Si
1047 1315 1246 1368 vero
1303 1303 1917 1392 respondeatur,
1980 1312 2187 1401 quod
2237 1311 2371 1386 ha-

821 1408 1038 1483 bitus
1099 1414 1551 1506 acquisitus
1620 1421 1894 1513 aliquo
1975 1426 2208 1498 modo
2286 1447 2372 1498 se

821 1524 1064 1601 habet
1132 1529 1225 1601 ad
1293 1536 1595 1619 actum,
1643 1522 1836 1610 'non
1913 1540 2028 1613 sic
2096 1546 2369 1617 autem

825 1640 1168 1717 infusus.
1231 1650 1538 1723 Contra
1588 1651 1765 1736 hoc,
1818 1660 1899 1729 et
1950 1658 2042 1730 ad
2085 1660 2371 1731 confir-

821 1758 1270 1835 mationem
1340 1768 1818 1861 principalis
1877 1775 2367 1865 argumenti,

822 1874 1010 1966 quia
1062 1876 1129 1949 si
1199 1880 1412 1953 Deus
1455 1881 1910 1961 infunderet
1952 1890 2200 1965 alicui
2240 1892 2375 1963 ha-

822 1990 1079 2065 bitum
1139 1998 1624 2074 Geometriae
1695 2008 2372 2082 concurrentibus

484 2101 766 2214 iudanon
830 2107 978 2181 sibi
1044 2113 1501 2189 rationibus
1572 2122 2116 2196 terminorum
2178 2131 2375 2202 Geo-

495 2227 660 2276 tendit
711 2226 765 2277 in

487 2290 768 2352 credibilia,

469 2352 702 2464 ‘⁶503th
735 2412 788 2464 in
821 2344 1225 2417 assentire
1266 2348 1752 2424 veritatibus
1794 2358 2367 2445 Geometricis;

527 2477 734 2527 seinana.
819 2475 1020 2547 ergo
1071 2478 1118 2529 a
1169 2459 1416 2534 simili
1452 2462 1533 2536 in
1578 2471 2028 2560 proposito,
2074 2495 2175 2547 ex
2222 2477 2369 2552 fide

829 2225 1325 2311 metralium,
1412 2238 1684 2322 posset
1719 2256 1816 2306 ex
1880 2238 2019 2310 illo
2092 2240 2365 2317 habitu

820 2569 1113 2656 infusa,
1178 2576 1249 2649 si
1317 2580 1658 2665 adesset,
1729 2592 2001 2677 posset
2067 2590 2367 2666 habens

813 2689 1218 2764 assentire
1254 2699 1869 2774 occurrentibus
1913 2705 2369 2783 rationibus

816 2805 1393 2893 terminorum,
1486 2818 1567 2887 et
1662 2815 1778 2888 ita
1863 2826 2368 2913 apprehensa

817 2922 1141 2995 ratione
1206 2930 1511 3001 mortui
1561 2933 1641 3003 et
1700 2940 2360 3029 resurrectioniS‚

817 3044 1093 3129 posset
1163 3040 1459 3133 aliquis
1537 3051 1941 3125 assentire
1995 3052 2179 3128 huic
2239 3080 2364 3132 ve-

816 3153 1086 3258 ritati,
1169 3161 1476 3236 mortui
1589 3179 2047 3262 resurgent,
2117 3181 2364 3272 cujus

817 3275 1286 3365 oppositum
1332 3282 1832 3373 experimur.

901 3390 1250 3463 Tandem
1356 3396 1894 3475 confirmatur
1995 3414 2365 3502 proposi-

812 3508 1013 3586 tum,
1099 3507 1288 3599 quia
1368 3531 1545 3585 cum
1622 3514 1947 3594 habitus
2025 3524 2156 3600 det
2224 3529 2361 3602 ali-

811 3640 1050 3711 quam
1091 3620 1576 3703 facilitatem
1619 3638 1700 3709 et
1738 3636 2360 3718 delectationem

810 3735 889 3808 in
929 3758 1197 3830 opere,
1235 3763 1334 3814 ex
1380 3751 1666 3818 secundo
1722 3755 2023 3826 Echicor.
2088 3761 2360 3836 nullus

808 3856 1081 3927 autem
1161 3858 1509 3943 facilius,
1579 3875 1724 3939 nec
1802 3869 2358 3952 delectabilius

812 3978 1207 4063 operatur
1290 3984 1584 4054 contra
1667 3983 2029 4063 habitum
2121 4017 2357 4069 suum

816 4107 1054 4179 quam
1097 4095 1532 4169 secundum
1592 4121 1819 4185 eum:
1883 4108 2014 4180 sed
2071 4130 2359 4201 parvu-

813 4202 938 4276 lus
1025 4207 1485 4301 baptizatus
1583 4223 2013 4311 postquam
2107 4228 2356 4306 fuerit

812 4320 1159 4407 adultuS‚
1206 4322 1528 4403 facilius
1576 4332 1953 4412 dissentit
2003 4361 2049 4411 a
2107 4347 2357 4419 credi-

813 4434 1105 4511 bilibus
1147 4461 1387 4532 quam
1448 4452 1933 4535 consentiat,
1997 4462 2083 4530 ut
2123 4479 2357 4554 expe·

819 4551 1113 4638 rimur;
1159 4577 1382 4650 ergo,
1446 4566 1600 4636 etc.

901 4672 1106 4744 Item
1139 4673 1234 4746 ad
1278 4677 1728 4772 principale
1773 4709 1788 4753 ε
1833 4686 2102 4760 nullus
2159 4696 2355 4767 reci-

812 4785 930 4880 pit
1005 4790 1364 4879 gratiam
1449 4812 1498 4864 a
1573 4798 1764 4882 Deo,
1854 4804 2012 4877 nisi
2079 4807 2353 4902 aliquo

810 4902 1043 4975 modo
1106 4905 1256 4979 sibi
1326 4909 1896 5005 conjungatur,
1973 4941 2162 4994 nam
2230 4945 2356 4999 ac-

804 5020 1147 5094 tualiter
1212 5043 1530 5112 averse,
1605 5035 1685 5104 et
1753 5035 2081 5110 omnino
2162 5041 2355 5114 indi-

807 5138 1144 5228 sposito,
1226 5143 1437 5215 Deus
1511 5166 1673 5219 non
1757 5149 1890 5223 dat
1960 5156 2345 5244 gratiam.

808 5252 1083 5326 Prima
1124 5261 1397 5330 autem
1448 5261 1911 5357 conjunctio
1956 5270 2049 5341 ad
2093 5272 2348 5344 Deum

802 5369 890 5440 fit
979 5390 1125 5462 per
1190 5374 1476 5459 fidem;
1530 5400 1732 5472 ergo
1793 5403 1954 5455 non
2022 5385 2346 5464 habenti

1986 341 2130 403 [ΑΒ.
2180 343 2276 402 IV.
2323 342 2914 411 SENTENTIARUM

2460 5391 2754 5467 habent
2798 5393 2877 5467 in
2953 5396 3017 5466 3.
3086 5397 3198 5463 lib.
3263 5395 3421 5462 dist.
3465 5395 3578 5465 23.
3653 5384 3922 5482 probant
3968 5374 4059 5504 ᾖξ’,

801 5483 1054 5570 illam,
1097 5511 1259 5565 non
1295 5495 1538 5569 datur
1582 5500 1900 5591 gratia3
1958 5506 2346 5596 parvulus
2458 5511 2674 5585 enim
2732 5513 3039 5586 nullam
3105 5535 3282 5587 esse
3332 5512 3565 5586 fidem
3617 5508 3916 5583 infusam,
3969 5503 4053 5558 θ’

2480 525 2639 577 non
2698 506 2939 584 habet
2994 530 3173 582 eam
3216 517 3405 586 ante
3473 512 3933 605 Baptismum·,

2479 641 2678 713 ergo
2729 644 2889 696 non
2947 628 3188 701 datur
3226 630 3299 701 ei
3354 631 3437 701 in
3484 630 3877 723 Baptisma

2572 742 2903 821 Contra,
2957 744 3468 835 Augustinus
3523 746 3604 817 in
3656 746 4025 818 Euchiri-ia

2480 854 2610 926 dio
2646 867 2742 926 :A
2788 864 3076 945 parvulo
3137 877 3433 931 recenter
3470 877 3652 949 nato,
3682 887 3848 952 usque
3879 867 3935 930 od
3980 870 3999 890 ²

2483 970 2913 1059 decrepitum,
2996 978 3170 1044 sicut
3249 982 3476 1070 nullus
3556 980 3938 1067 prohibetura

2484 1088 2850 1175 BaptismO,
2887 1094 2983 1159 ica
3042 1097 3268 1162 nullus
3311 1109 3403 1163 est
3444 1100 3563 1184 qui
3609 1120 3729 1164 non
3768 1100 3940 1162 moria·

2486 1216 2594 1270 tur
2663 1219 2931 1292 peccato
2970 1211 3039 1275 in
3107 1212 3501 1299 Baptismo;
3564 1211 3689 1283 sed
3748 1211 3943 1282 nullus

2487 1318 2844 1392 moritur
2887 1328 3239 1414 peccato,
3276 1327 3438 1399 nisi
3474 1328 3797 1419 recipiat
3828 1347 3949 1416 gra·

2482 1432 2728 1517 tiam;
2765 1456 2992 1530 ergo,
3042 1446 3196 1515 etc.

3042 1694 3458 1752 SCHOLIUM.

2560 1935 2910 1993 Secundum
2963 1936 3148 1995 fidem
3197 1945 3438 1996 certum
3489 1946 3606 2008 est,
3638 1945 3952 2014 gravamin-

2485 2032 2691 2100 fundi,
2748 2035 2912 2092 sicut
2974 2037 3286 2107 originale
3343 2038 3580 2097 dimitti
3638 2042 3879 2112 parvulis
3911 2044 3951 2097 in

2486 2130 2820 2202 Baptismo,
2861 2132 2936 2190 de
2967 2149 3090 2206 quo
3136 2138 3308 2195 citati
3353 2152 3469 2209 pro
3518 2146 3731 2210 quaest.
3761 2140 3952 2211 prmd.

2484 2233 2578 2288 est
2600 2231 2674 2288 de
2704 2230 2825 2289 fide
2855 2248 2931 2289 ex
2959 2249 3093 2306 cap.
3123 2239 3393 2306 Major-es
3443 2237 3521 2295 de
3556 2239 3721 2309 Bapt.
3753 2241 3952 2295 Trident.

2483 2343 2636 2386 8888.
2682 2331 2739 2386 7.
2791 2345 2923 2386 can.
2977 2334 3031 2387 6.
3080 2335 3134 2388 7.
3173 2337 3232 2390 et
3277 2336 3332 2390 8.
3375 2338 3437 2391 et
3479 2339 3747 2392 Floreat.
3784 2336 3952 2391 decret.

2486 2430 2723 2500 Eugen.
2760 2436 3040 2489 Amor-03.
3094 2432 3202 2489 lib.
3243 2436 3299 2489 2.
3351 2436 3415 2490 in
3470 2436 3618 2493 Luc.
3671 2440 3883 2504 Anyust.
3915 2436 3951 2488 5.

2484 2530 2698 2583 contra
2747 2529 2959 2586 Donat.
3009 2545 3061 2585 c.
3108 2529 3201 2587 21.
3250 2529 3400 2587 vide
3459 2534 3741 2589 Coc-cium
3778 2534 3830 2586 et
3857 2531 3954 2585 Bel-

2483 2630 2678 2683 larm.
2723 2628 2963 2687 citatos,

2536 2831 2646 2902 Ad
2693 2832 3778 2926 quaestionem(a)dico,quod
3799 2832 3952 2905 sicut

2478 2949 2602 3019 est
2644 2947 3043 3020 creditum
3086 2948 3425 3041 parvulo
3476 2949 3556 3022 in
3602 2950 3949 3043 Baptismo

2483 3062 2884 3154 originale
2955 3064 3279 3145 dimitti,
3332 3065 3449 3138 ita
3505 3072 3586 3141 et
3624 3067 3952 3140 creditum

2476 3185 2603 3255 est
2671 3180 2820 3255 sibi
2882 3180 3237 3272 gratiam
3291 3182 3622 3266 infundi,
3667 3184 3855 3277 quia,
3894 3186 3953 3253 ut

2475 3297 2777 3372 dictum
2835 3303 2960 3372 est
3028 3300 3111 3370 in
3183 3299 3629 3390 quaestione
3690 3302 3778 3372 de
3828 3299 3954 3373 Cir-

2468 3403 2999 3497 cumcisione,
3042 3415 3257 3486 Deus
3321 3434 3469 3506 pro
3518 3419 3724 3489 statu
3784 3421 3955 3487 natu·

2481 3548 2591 3601 rae
2652 3530 2926 3623 lapsae,
2997 3528 3190 3601 nulli
3249 3530 3601 3606 remittit
3664 3532 3952 3624 culpam,

2476 3646 2633 3718 nisi
2668 3646 2798 3718 cui
2839 3647 2972 3721 dat
3013 3647 3370 3738 gratiam
3410 3648 3753 3728 mullum
3792 3646 3952 3719 enim

2475 3762 2769 3836 liberat
2838 3783 2885 3835 a
2956 3763 3446 3855 perditione,
3528 3764 3679 3837 nisi
3770 3782 3952 3855 quem

2474 3876 2797 3951 ordinat
2857 3878 2952 3951 ad
3004 3877 3152 3952 hoc
3199 3884 3287 3951 ut
3337 3878 3446 3952 sit
3495 3879 3701 3952 filius
3746 3878 3949 3970 regni.

2560 3995 2674 4066 Ad
2770 3995 3125 4087 primum
3217 3994 3320 4085 (b)
3403 4002 4039 4091 argumentumffl.

2470 4108 2662 4185 licet
2720 4112 2935 4183 Deus
3011 4112 3104 4183 de
3177 4112 3541 4203 potentia
3606 4112 3943 4185 absoluta,

2475 4231 2750 4321 posset
2806 4227 2998 4299 darc
3047 4227 3403 4318 gratiam
3454 4230 3627 4303 sine
3666 4229 3797 4302 fide
3827 4231 3949 4319 (po-

2470 4346 2726 4417 nendo
2761 4344 2965 4435 quod
3026 4343 3189 4419 sint
3228 4346 3380 4416 duo
3414 4346 3777 4422 absoluta
3811 4344 3948 4416 sim-

2469 4459 2795 4553 pliciter
2825 4459 3262 4550 distincta),
3315 4463 3591 4534 tamen
3635 4461 3799 4554 quia
3838 4454 3946 4532 Dei

2473 4578 2833 4670 perfecta
2895 4579 3081 4649 sunt
3155 4597 3427 4668 opera,
3490 4582 3819 4647 Deuteron.
3861 4577 3943 4647 32.

2466 4697 2545 4767 et
2608 4695 2918 4786 quando
3003 4692 3416 4766 hominem
3485 4702 3737 4775 sanat,
3789 4695 3943 4765 tota-

2468 4809 2660 4882 liter
2721 4816 2981 4891 sanat,
3029 4809 3201 4882 ideo
3260 4811 3740 4890 conceditur,
3787 4802 3941 4899 quod

2464 4947 2625 4998 non
2659 4924 3107 4997 infunditur
3147 4924 3421 5016 gratia
3469 4924 3784 5017 parvulo
3813 4919 3937 4992 sine

2465 5043 2612 5115 fide
2652 5045 2730 5114 et
2765 5043 2938 5115 sine
2970 5063 3153 5135 spe.⁶

2465 5283 2651 5350 sunt
2737 5281 3030 5351 contra
3115 5275 3266 5349 hoc
3333 5277 3424 5348 de
3500 5276 3667 5355 fide,
3721 5257 4053 5364 lociumgfssm,
