4255 6375
476 2488 556 2536 De
601 2485 696 2535 hoc

476 2548 625 2661 (1.0ἷί
654 2546 796 2659 ⁰52¹·
827 2547 1154 2620 fiamine
1198 2550 1420 2639 patet
1460 2547 1551 2617 de
1583 2546 1967 2627 Jeremia,
2019 2551 2260 2614 Jerem.
2305 2549 2369 2618 1.

523 2678 752 2744 concert·
827 2671 908 2739 et
966 2665 1056 2737 de
1090 2665 1402 2735 Joanne
1443 2661 1842 2753 Baptista,
1911 2666 2107 2730 Lucoe
2171 2665 2235 2734 1.
2297 2663 2375 2733 et

506 2741 577 2853 ¹1³1i
607 2738 765 2850 &iffi
827 2783 918 2854 de
953 2784 1219 2854 matre
1251 2776 1561 2853 Christi
1591 2776 1743 2850 hoc
1779 2782 1995 2851 tenet
2027 2777 2381 2849 firmiter

516 2861 763 2929 baptizari

477 2932 644 2999 potent.
688 2942 802 2994 quis

505 2995 708 3045 flamine
733 2997 785 3041 et

508 3053 779 3118 sanguine.

830 396 947 459 406

816 559 982 632 ctio
1044 559 1501 652 personalis
1571 560 1874 635 sufficit
1932 560 2028 634 ad
2075 559 2365 633 distin-

814 673 1169 748 ctionem
1241 677 1675 750 secundum
1732 681 2184 771 peccatum,
2235 677 2363 750 vel

807 791 1247 882 justitiam,
1301 794 1380 864 et
1425 812 1587 865 non
1639 792 2095 885 justitiam;
2169 813 2357 866 nam

815 912 1239 1002 peccatum
1309 914 1390 982 et
1445 909 1777 1003 justitia
1859 910 2135 984 insunt
2224 910 2363 984 isti

813 1046 1184 1119 personae
1238 1026 1673 1099 secundum
1710 1027 1916 1118 quod
1960 1027 2155 1108 haec,
2203 1048 2364 1100 non

813 1144 1001 1235 quia
1037 1143 1115 1216 in
1149 1143 1298 1217 tali
1328 1145 1457 1217 vel
1502 1143 1651 1218 tali
1693 1144 1872 1219 loco
1903 1172 1917 1225 ;
1950 1165 2155 1236 ergo
2205 1166 2363 1217 non

813 1263 1187 1337 obstante
1259 1262 1401 1334 illa
1477 1262 2048 1355 conjunctione
2120 1263 2365 1336 locali

808 1384 1151 1473 propter
1181 1379 1778 1454 distinctionem
1823 1381 2364 1474 personalem,

813 1502 1084 1590 potest
1127 1498 1517 1590 parvulus
1586 1519 1763 1570 esse
1815 1497 2117 1591 justus,
2176 1498 2367 1572 licet

817 1617 1082 1687 mater
1152 1615 1857 1707 qualitercumque
1916 1615 2213 1688 habeat
2280 1636 2366 1687 se

815 1733 908 1806 ad
933 1731 1374 1825 justitiam.

906 1853 1140 1933 Item,
1181 1851 1249 1923 si
1289 1870 1450 1922 non
1491 1853 1767 1943 posset
1818 1870 2001 1923 cum
2039 1850 2367 1942 conjun-

813 1966 1083 2039 ctione
1126 1965 1286 2041 ista
1328 1966 1421 2038 ad
1446 1985 1778 2039 causam
1804 1963 2367 2057 corruptionis

819 2087 1044 2157 stare
1095 2082 1369 2173 gratia
1414 2081 1494 2153 in
1540 2081 1910 2173 parvuIO,
1965 2099 2168 2171 ergo
2208 2099 2368 2151 non

830 2201 1107 2290 posset
1185 2197 1575 2291 parvulus
1629 2197 1706 2269 in
1777 2201 2012 2269 utero
2072 2195 2370 2267 habere

822 2314 1335 2406 Baptismum
1369 2311 1722 2384 flaminis
1753 2311 1879 2384 vel
1916 2310 2366 2403 sanguinis,

735 2483 788 2533 3·
828 2450 1175 2523 quorum
1221 2433 1655 2521 utrumque
1697 2433 1821 2502 est
1875 2427 2199 2501 falsum.
2255 2430 2372 2501 De

832 2897 1223 2972 Ecclesia.

917 3026 1034 3097 De
1079 3021 1421 3097 secundo
1474 3022 1695 3114 patet
1744 3041 1885 3114 per
1923 3019 2102 3102 hoc,
2172 3020 2375 3113 quod

833 3140 902 3214 si
946 3139 1122 3232 quis
1157 3138 1677 3233 persequitur
1712 3142 2059 3211 matrem
2104 3137 2377 3230 gravi-

827 3259 1036 3340 dam,
1073 3257 1347 3330 eadem
1406 3257 1497 3328 de
1547 3275 1795 3330 causa
1855 3255 2378 3349 persequitur

829 3372 1261 3468 parvulum
1305 3373 1383 3447 in
1456 3377 1692 3447 utero
1759 3372 1976 3465 ejus;
2023 3391 2225 3462 ergo
2306 3373 2373 3444 si

829 3504 1094 3574 mater
1129 3498 1530 3573 occiditur
1573 3518 1721 3590 pro
1759 3496 2109 3590 justitia,
2164 3496 2379 3570 simi-

826 3616 1023 3691 liter
1058 3621 1139 3691 et
1183 3616 1598 3710 parvulus.
1640 3615 1720 3689 Si
1782 3619 2051 3688 autem
2087 3634 2377 3708 parvu-

825 3734 952 3808 lus
1006 3734 1515 3808 occideretur
1559 3737 1797 3808 extra
1833 3737 2182 3814 uterum,
2245 3732 2376 3804 ha-

826 3853 1056 3926 beret
1087 3852 1597 3945 Baptismum
1634 3848 2082 3941 sanguinis,
2121 3849 2189 3920 si
2227 3869 2376 3941 pro

820 3968 1149 4060 justitia
1179 3967 1305 4041 vel
1358 3967 1504 4039 fide
1558 3966 2070 4039 occideretur
2127 3965 2375 4037 etiam

827 4107 985 4160 non
1025 4085 1533 4179 baptizatus;
1588 4103 1787 4175 ergo
1820 4083 2094 4155 eodem
2142 4082 2375 4154 modo

828 4202 1319 4278 rationabile
1405 4206 1554 4285 est,
1648 4200 1856 4293 quod
1930 4203 2147 4275 Deus
2215 4221 2375 4273 non

829 4321 1306 4394 condemnet
1361 4339 1572 4400 eum,
1611 4337 1766 4412 pro
1831 4316 2083 4390 simili
2123 4337 2374 4390 causa

833 4437 911 4509 in
953 4441 1193 4512 utero
1239 4436 1535 4510 matris
1569 4454 1926 4528 passum.

919 4555 1021 4626 Et
1094 4574 1193 4625 ex
1236 4552 1387 4624 hoc
1444 4554 1709 4643 potest
1771 4548 2006 4641 argui
2086 4551 2377 4620 contra

833 4669 1323 4763 opinionem,
1399 4668 1585 4761 quia
1656 4667 1724 4739 si
1793 4665 2185 4760 parvulus
2247 4685 2377 4756 po-

832 4793 994 4865 test
1049 4785 1347 4860 habere
1408 4784 1920 4880 Baptismum
1988 4781 2372 4861 flaminis,

831 4923 1033 4995 ergo
1068 4902 1339 4995 potest
1380 4899 1677 4973 habere
1704 4899 2294 4993 purgationem
2332 4915 2379 4966 a

831 5023 1166 5114 peccato
1228 5017 1640 5109 originali.
1697 5018 1842 5090 Sed
1893 5016 2377 5108 conjunctus

829 5135 1097 5220 matri,
1142 5154 1318 5227 quae
1350 5140 1475 5208 est
1506 5153 1752 5206 causa
1786 5130 2374 5226 corruptionis,

829 5273 975 5346 per
1015 5255 1093 5326 te
1159 5254 1428 5347 potest
1499 5250 1796 5323 habere
1862 5249 2376 5342 Baptismum

831 5368 1234 5451 flaminis;
1276 5387 1508 5460 ergo,
1559 5372 1713 5442 etc.

1972 403 2118 471 LlB,
2152 403 2251 474 IV.
2303 402 2897 471 SENTEN'HARUM

2924 706 3557 775 COMMENTARIUS.

2556 900 2643 983 (a)
2715 907 2968 967 Dicitur
3049 913 3217 985 quod
3268 927 3412 984 non,
3477 917 3606 973 etc.
3672 912 3962 978 Conclusio
4059 940 4083 983 ι,

2476 1023 2844 1083 communis
2926 1024 3240 1098 omnium,
3302 1029 3431 1087 tam
3492 1027 3751 1089 Pati-um
3814 999 4088 1110 quamegf}

2474 1136 2935 1215 conciliorum,
2971 1159 3170 1220 quam
3213 1146 3410 1206 etiam
3442 1145 3962 1219 Scholasticorum,
4000 1141 4087 1249 ΒΞ

2476 1254 2580 1316 hic
2623 1259 3058 1333 supponunt-3
3108 1276 3304 1338 quam
3364 1262 3602 1340 probat
3649 1264 3873 1326 Dor-tor
3908 1282 3968 1327 ex
3996 1250 4088 1359 iffi

2478 1371 2790 1449 Apostolo
2843 1378 2909 1436 et
2964 1374 3234 1442 lsidoro.
3289 1384 3687 1456 argumento
3746 1380 3973 1442 liminari

2481 1490 2707 1548 contra
2750 1488 3016 1567 objecta
3102 1489 3189 1551 ad
3273 1494 3703 1570 oppositum,
3780 1512 3972 1576 nempe

2480 1603 2828 1680 parvulum
2890 1606 3034 1667 sine
3090 1608 3421 1685 Baptismo
3474 1608 3895 1675 decedentem
3926 1614 3974 1675 in

2479 1724 2667 1781 utero
2712 1723 3034 1793 maternO,
3069 1727 3181 1783 aut
3210 1727 3394 1784 extra
3425 1729 3719 1801 uterum,
3765 1726 3978 1789 damna·

2479 1836 2554 1898 ri.
2626 1834 2813 1898 Unde
2871 1837 2953 1899 ab
3017 1838 3323 1901 omnibus
3381 1806 3651 1903 notatur
3705 1846 3977 1906 sententia

2482 1951 2766 2030 Cajetani
2826 1954 2888 2015 3.
2938 1960 3118 2029 part.
3180 1961 3398 2032 quoest.
3469 1958 3571 2020 68.
3640 1964 3765 2020 arc.
3830 1962 3881 2020 2.
3940 1967 3980 2020 et
4015 2014 4088 2060 qm

2482 2075 2606 2131 art.
2661 2071 2754 2131 11.
2790 2069 3067 2133 dicentis
3095 2076 3320 2134 votum
3359 2080 3428 2135 et
3454 2073 3661 2137 fidem
3693 2084 3982 2156 parentum
4018 2078 4088 2140 012

2483 2202 2601 2265 pro
2657 2187 2945 2263 parvulis
3007 2191 3074 2249 in
3145 2193 3562 2264 necessitate,
3632 2197 3771 2257 sive
3833 2197 3982 2269 intra,

2483 2301 2620 2363 sive
2689 2307 2869 2364 extra
2947 2311 3234 2379 uterum,
3309 2307 3575 2385 quando
3670 2311 3986 2389 Baptismus

2486 2423 2797 2501 applicari
2843 2441 2975 2486 non
3020 2432 3239 2504 potest
3266 2428 3489 2491 valere
3516 2430 3599 2492 ad
3646 2432 3928 2495 salutem.

2568 2542 2705 2602 Haec
2732 2544 3057 2604 sententia
3089 2542 3382 2625 Cajetani
3412 2548 3658 2611 omissa
3708 2558 3806 2612 est
3836 2551 4088 2630 jussuosi·

2490 2664 2575 2725 Pii
2607 2666 2680 2727 V.
2732 2667 2798 2727 in
2845 2665 3343 2732 Commentariis
3394 2672 3616 2735 Romae
3675 2674 3984 2752 impressis,

2490 2786 2557 2842 et
2587 2782 2671 2843 de
2703 2782 2873 2845 facili
2907 2781 3281 2848 confutatur
3324 2803 3406 2849 ex
3435 2791 3536 2865 iiS,
3584 2808 3740 2870 quae
3781 2792 3858 2855 de
3898 2810 3985 2855 ne·

2490 2900 2796 2961 cessitate
2829 2901 3137 2987 Baptismi
3182 2902 3530 2967 traduntur
3556 2908 3624 2968 in
3682 2909 3985 2987 Scriptura,
4021 2908 4088 3017 ξς

2488 3021 2560 3078 ut
2589 3019 2857 3079 ,ioannis
2887 3019 2945 3079 3.
2973 3021 3117 3080 Nisi
3142 3023 3285 3096 quis
3316 3028 3581 3085 renatus
3627 3026 3851 3099 fuerit,
3891 3036 3987 3087 etc..
4020 3046 4088 3095 ges

2487 3148 2637 3211 quae
2673 3138 2776 3195 est
2814 3135 3205 3200 universalis
3236 3138 3468 3219 regula
3502 3142 3733 3220 quoad
3776 3159 3989 3215 omneS,

2491 3250 2725 3326 quibus
2771 3252 3140 3329 Baptismus
3181 3253 3248 3314 in
3291 3271 3363 3316 re
3424 3257 3531 3318 vel
3588 3259 3658 3320 in
3710 3265 3871 3331 voto,
3911 3266 3995 3320 aut

2492 3371 2669 3428 certe
2700 3368 3128 3447 aequivalenS,
3162 3376 3235 3431 ut
3264 3373 3635 3450 Baptismus
3674 3377 3994 3456 sanguinis

2490 3490 2600 3545 aut
2669 3482 2946 3547 flaminis
3016 3488 3331 3566 applicari
3414 3493 3678 3569 nequit.
3748 3497 3997 3574 Eamque

2489 3605 2813 3679 perpetuo
2916 3605 3229 3681 supponit
3317 3610 3732 3688 Augustinus
3814 3618 3995 3672 contra

2488 3716 2900 3797 Pelagianos,
2936 3724 3004 3781 et
3059 3722 3483 3798 probatlocis
3537 3743 3739 3804 supra
3802 3727 3995 3792 citatis,

2488 3838 2561 3893 ut
2593 3840 2815 3896 contra
2850 3836 3257 3900 vincentium
3304 3841 3635 3904 Victorem
3684 3847 3753 3905 in
3798 3845 3900 3906 lib.
3940 3846 3997 3904 de
4034 3846 4088 3902 Aa,

2489 3951 2741 4025 Anima,
2774 3957 2830 4011 et
2885 3955 3021 4029 ejus
3085 3957 3356 4032 origine,
3393 3963 3620 4019 contra
3679 3959 3999 4040 Pelagium,

2489 4069 2557 4129 in
2601 4068 2710 4128 lib.
2772 4071 2851 4130 de
2886 4076 3209 4145 peccator.
3283 4075 3497 4137 merit.
3557 4081 3618 4136 et
3678 4078 3911 4138 remiss
3961 4083 4002 4134 ee

2491 4185 2602 4247 lib.
2653 4190 2727 4249 de
2766 4190 2990 4264 qratia
3022 4190 3279 4263 Christi,
3311 4209 3453 4267 cap.
3488 4193 3548 4254 8.
3582 4195 3663 4255 dc
3696 4196 3853 4255 bono
3880 4196 4003 4270 'per-

2488 4306 2882 4375 severantioe,
2919 4322 3061 4381 cap.
3104 4309 3197 4368 12.
3232 4309 3523 4370 omnium
3556 4309 3839 4382 Patrum,
3870 4326 4000 4391 quos

2491 4437 2690 4499 supra
2736 4422 3074 4485 citavimus
3135 4424 3218 4487 de
3276 4427 3606 4503 Baptismo
3668 4428 3997 4498 infantium,

2493 4540 2560 4597 et
2607 4537 2752 4616 ejus
2801 4540 3217 4614 necessitate,
3267 4547 3335 4604 et
3379 4544 3789 4623 reliquorum
3834 4549 3997 4608 inter·

2490 4658 2752 4732 pretum
2783 4655 2848 4716 in
2871 4658 3246 4735 praedictum
3291 4659 3506 4722 locum
3537 4662 3828 4735 Joannis,
3860 4666 3919 4723 et
3946 4662 3995 4718 in

2489 4771 2745 4832 Mathaei
2775 4772 3097 4846 ultimum,
3123 4779 3526 4853 Baptizantes
3547 4796 3677 4854 eoS,
3714 4783 3836 4841 etc.
3866 4777 3996 4838 aliis·

2494 4903 2624 4965 que
2682 4888 2749 4949 in
2818 4889 3003 4963 locis,
3080 4893 3193 4955 ubi
3253 4891 3609 4955 denotatur
3677 4895 3992 4957 necessitas

2492 5003 2826 5079 Baptismi.
2872 5003 3052 5067 Patet
3104 5022 3185 5067 ex
3243 5024 3385 5085 cap.
3450 5011 3737 5088 Μηίονες
3783 5012 3855 5071 de
3890 5011 3983 5068 Βα-

2483 5123 2746 5195 ptismO,
2781 5137 2859 5181 ex
2891 5120 3369 5185 Constantiensi
3401 5142 3549 5187 sess.
3617 5128 3713 5189 15.
3774 5143 3847 5188 ex
3887 5125 3987 5185 Τή-
4030 5152 4088 5200 ω

2493 5233 2675 5296 dent.
2719 5254 2864 5298 sess.
2912 5239 2973 5299 5.
3008 5255 3148 5299 can.
3184 5240 3243 5300 3.
3290 5256 3439 5301 sess.
3489 5242 3551 5304 6.
3604 5260 3748 5319 cap.
3798 5242 3852 5301 4.
3896 5237 3983 5299 de·
4021 5214 4088 5316 0}

2490 5351 2844 5423 scribente,
2879 5356 3408 5432 justificationem
3479 5377 3612 5421 esse
3663 5358 3984 5420 translatio·
4029 5333 4087 5383 τά

2489 5484 2638 5530 nem
2665 5470 2748 5532 ab
2791 5488 2864 5532 eo
2905 5476 3101 5545 statu,
3149 5475 3217 5534 in
3256 5490 3382 5550 quo
3413 5478 3558 5552 quis
3605 5477 3882 5539 nascitur
3918 5469 3978 5547 fi·

2490 5597 2617 5658 lius
2635 5600 2852 5675 primi
2871 5600 3099 5675 Adam,
3130 5604 3197 5663 in
3251 5606 3491 5666 statum
3517 5608 3750 5683 qratiae
3792 5607 3844 5663 et
3880 5599 3990 5660 ado·
