4255 6375
1288 459 1493 525 Dls'r.
1540 459 2034 537 111.QUAEST10
2080 461 2180 525 IV.

215 620 693 714 purificatus
730 622 1164 695 secundum
1198 621 1459 713 legem
1492 640 1762 693 ascen·

213 738 334 811 dit
415 739 830 831 templum,
904 742 984 813 et
1072 737 1363 812 obtulit
1434 758 1583 830 pro
1679 756 1763 810 se

217 853 738 935 sacrificium,
834 854 1203 946 quamvis
1285 853 1764 926 solemniter

216 972 409 1041 ante
466 968 638 1063 jam
708 968 815 1041 ibi
898 970 1170 1043 fuerat
1231 969 1761 1061 Evangelium

218 1085 741 1178 publicatum.
844 1089 1078 1160 Patet
1167 1092 1318 1156 Ace.
1407 1090 1519 1160 21.
1609 1112 1755 1177 cap.

215 1204 408 1295 quia
466 1202 753 1276 ibidem
820 1203 1024 1276 dixit
1093 1204 1499 1277 Jacobus:
1571 1206 1764 1272 Vides

210 1325 454 1406 frater,
517 1336 672 1410 quot
718 1324 942 1390 millia
978 1337 1133 1389 sunt
1198 1326 1272 1390 in
1309 1325 1583 1405 Judoeis,
1647 1325 1763 1411 qui

214 1438 668 1520 crediderunt,
723 1451 785 1505 et
849 1461 1073 1506 omnes
1137 1441 1554 1507 cemulatores
1609 1452 1763 1508 sunt

213 1557 415 1642 le9i33
491 1573 689 1646 ergo
761 1557 1030 1628 stante
1097 1557 1330 1628 tanta
1416 1556 1763 1648 publica-

213 1671 438 1742 tione
524 1672 947 1764 Evangelii
1036 1672 1169 1754 ibi,
1253 1676 1334 1746 et
1429 1672 1509 1744 in
1585 1673 1761 1765 ipso

216 1786 502 1870 Paulo,
546 1792 625 1860 et
659 1787 741 1860 in
782 1787 1081 1860 Judaeis
1142 1786 1561 1861 conversis
1626 1807 1764 1880 ap-

218 1903 621 1995 probatur
669 1903 1134 1977 observatio
1176 1904 1382 1997 legis
1421 1930 1436 1987 ;
1482 1907 1560 1977 et
1595 1904 1765 1997 ipse

220 2020 518 2091 Paulus
562 2019 852 2093 ibidem
913 2021 1132 2096 inter
1193 2024 1315 2096 tot
1375 2020 1767 2097 christia·

217 2157 361 2208 nos
398 2156 597 2229 opus
630 2138 831 2230 legis
865 2138 1266 2232 implevit.

294 2260 469 2337 Quo
516 2260 790 2330 autem
834 2261 1203 2350 tempore
1251 2257 1468 2332 facta
1518 2257 1764 2331 fuerit

222 2370 378 2445 ista
459 2373 689 2445 Pauli
761 2373 1228 2466 purificatio
1285 2377 1364 2447 et
1463 2373 1763 2447 oblatio

179 2480 655 2562 'secundum
758 2490 1046 2581 legem,
1110 2489 1407 2582 conjici
1498 2494 1768 2583 potest

178 2585 526 2695 ¹partim
576 2625 674 2677 ex
721 2607 952 2677 textu
1016 2606 1515 2693 Actunm,·et
1586 2624 1764 2697 par·

220 2720 368 2792 tim
486 2742 583 2792 ex
682 2721 1089 2813 Magistro
1186 2719 1759 2792 historiarum.

227 2836 444 2910 Istud
512 2836 729 2908 enim
796 2836 950 2910 fuit
1034 2840 1223 2910 ante
1301 2835 1763 2929 captionem

223 2948 448 3020 Pauli
493 2969 638 3041 per
689 2953 999 3042 septem
1037 2948 1230 3031 dies,
1279 2950 1489 3024 sicut
1542 2953 1764 3042 patet

220 3067 350 3131 Ace.
383 3067 500 3137 21.
555 3064 695 3137 illa
739 3068 1009 3137 autem
1042 3064 1312 3157 captio
1355 3064 1764 3138 fuitcirca

225 3180 710 3276 principium
793 3181 1027 3274 regni
1117 3182 1496 3264 Neronis,
1576 3181 1765 3275 quia

225 3299 466 3373 tertio
526 3320 737 3373 anno
832 3300 1060 3391 regni
1127 3300 1481 3372 Neronis
1539 3299 1763 3374 venit

224 3416 616 3499 Romam,
717 3417 1150 3490 secundum
1267 3417 1761 3509 Magistrum

223 3529 793 3615 historiarum;
841 3534 1062 3605 Nero
1126 3534 1398 3605 autem
1460 3531 1762 3625 incepit

228 3667 565 3740 regnare
633 3648 854 3722 circa
920 3649 1405 3722 vicesimum
1457 3669 1756 3722 annum

225 3769 397 3855 post
457 3765 769 3840 Christi
811 3766 1299 3858 passionem.
1376 3766 1468 3837 In
1524 3769 1758 3840 tanto

228 3884 484 3955 autem
557 3888 927 3976 tempore
992 3882 1315 3956 videtur
1392 3887 1761 3975 Evange-

226 3996 408 4071 lium
472 3999 677 4072 satis
748 3999 1247 4092 publicatum
1325 4000 1600 4086 fuisse,
1679 4004 1760 4074 et

232 4116 566 4188 maxime
675 4115 754 4188 in
858 4117 1172 4199 Judaea,
1268 4115 1400 4187 ubi
1483 4118 1758 4190 tamen

235 4233 512 4305 Paulus
549 4232 1016 4308 observavit
1055 4232 1378 4326 legalia.

642 4488 1308 4552 COMMENTARIUS.

307 4701 394 4790 (d)
424 4706 521 4769 De
557 4703 845 4770 secundo
878 4704 1275 4789 principali,
1307 4712 1430 4769 etc.
1469 4705 1540 4768 D.
1589 4704 1759 4768 Tho-

178 4802 358 4884 ⁰'mas
385 4818 730 4906 distinguit
784 4818 912 4885 duo
968 4831 1260 4904 tempora
1317 4819 1628 4904 Baptismi
1689 4821 1753 4885 3.

178 4927 202 4960 ¹·
240 4945 391 5014 part.
428 4937 786 5023 quoese.66.
813 4946 944 5001 art.
975 4938 1039 5002 2.
1065 4940 1130 5001 et
1151 4940 1216 5001 ’1.
1247 4939 1546 5022 2.quoest.
1588 4939 1745 5003 103.

178 5051 201 5148 ᾗ
243 5060 352 5114 art.
387 5054 444 5118 3.
501 5052 790 5118 Primum
834 5063 1092 5138 tempus
1144 5051 1267 5118 ruit
1305 5051 1641 5138 Baptismi,
1690 5066 1760 5119 ut

246 5177 362 5231 erat
389 5170 507 5235 sub
536 5168 835 5249 consilio,
871 5177 935 5234 et
974 5166 1097 5233 hoc
1126 5167 1388 5234 duravit
1434 5188 1643 5254 usque
1680 5168 1758 5234 ad

247 5294 488 5351 mortem
511 5285 774 5352 Christi.
817 5283 1186 5351 Secundum
1210 5295 1493 5370 tempuS,
1533 5284 1597 5349 in
1632 5306 1760 5372 quo

250 5393 350 5462 fuit
389 5401 505 5466 sub
559 5412 906 5488 praeceptO,
953 5412 1018 5467 et
1048 5400 1172 5466 hoc
1230 5400 1474 5485 incepit
1539 5400 1757 5465 statim

250 5533 279 5578 a
319 5530 508 5586 morte
570 5518 834 5586 Christi.
901 5518 1049 5586 Tria
1103 5529 1418 5605 praeterea
1467 5528 1760 5603 tempora

252 5637 449 5706 statuit
490 5637 1044 5722 circumcisionis,
1113 5637 1397 5725 primum
1437 5657 1646 5724 usque
1682 5635 1761 5703 ad

3302 458 3418 521 347

3552 620 3677 675 Tria

3506 688 3737 750 tempora

1877 761 2005 806 non
2055 742 2265 809 solum
2317 745 2441 811 sub
2481 744 2781 823 consilio,
2855 742 3049 809 etiam
3123 740 3424 808 instituto
3452 745 3776 860 Cirgfficisi-

1877 858 2225 944 Baptismo‚
2262 861 2372 926 sed
2433 860 2626 926 etiam
2688 860 2811 926 sub
2869 868 3221 945 praecepto,
3272 856 3425 944 quia
3471 871 3753 944 circumci-

1878 974 2163 1041 nondum
2252 975 2372 1042 fuit
2457 977 2767 1062 abrogata
2835 974 2964 1041 lex.
3047 974 3419 1040 Secundum
3477 950 3738 1048 sruc‘ffiosa

1874 1102 2133 1177 tempus
2166 1091 2284 1159 fuit
2331 1091 2858 1159 circumcisionis
2889 1111 3098 1178 usque
3142 1088 3221 1155 ad
3276 1110 3420 1176 pro·
3447 1126 3514 1176 „d
3540 1074 3772 1172 *ffi‘ss‘t’em

1876 1207 2343 1295 mulgationem
2393 1209 2559 1297 legis
2599 1208 2666 1274 in
2710 1208 2815 1275 die
2865 1211 3301 1288 PentecosteS‚
3358 1219 3423 1274 et
3495 1184 3709 1240 Christi.

1876 1346 1991 1411 pro
2022 1325 2132 1391 illo
2180 1338 2470 1413 tempore
2510 1327 2632 1393 fuit
2678 1325 3101 1392 t.}ircumcisio
3140 1324 3415 1407 inutilis,

1875 1440 2028 1528 quia
2085 1441 2188 1507 lex
2273 1455 2462 1509 vetus
2520 1441 2642 1509 ruit
2705 1443 3017 1530 abrogata
3091 1441 3158 1508 in
3209 1453 3423 1509 morte

1875 1556 2137 1637 Christi,
2183 1556 2353 1623 sicut
2399 1569 2462 1623 et
2498 1553 2945 1638 circumcisio,
2989 1578 3139 1644 quae
3199 1569 3417 1624 tamen
3473 1550 3743 1664 12⁰2?ssng

1876 1694 2085 1760 usque
2160 1674 2238 1740 ad
2316 1678 2740 1741 Pentecosten
2815 1674 2936 1741 fuit
2999 1673 3197 1754 licita,
3266 1673 3417 1761 quia
3494 1631 3741 1728 pgnteco-

1877 1789 2166 1856 nondum
2210 1790 2620 1877 promulgata
2659 1801 2796 1857 erat
2843 1788 2948 1856 lex
2990 1788 3409 1875 Evangelica.
3513 1745 3679 1854 ιὶὲξῗέ.

1877 1905 2169 1973 Tertium
2206 1917 2462 1993 tempus
2504 1906 2626 1973 fuit
2660 1904 3191 1974 circumcisionis
3228 1904 3416 1971 dein-

1878 2041 2030 2107 ceps
2090 2034 2236 2109 post
2293 2022 2885 2110 promulgationem
2926 2020 3292 2108 Evangelii,
3350 2019 3417 2086 in

1879 2159 2006 2227 quo
2039 2137 2160 2204 fuit
2202 2137 2556 2217 mortifera,
2595 2151 2658 2204 et
2708 2139 2803 2205 sic
2840 2137 3133 2225 loquitur
3181 2137 3418 2203 Paulus
3462 2129 3745 2242 Pffigoggss·

1878 2254 1958 2320 de
2025 2253 2533 2321 circumcisione
2581 2255 2658 2321 ad
2708 2255 2961 2321 Galatas
3012 2258 3075 2319 5.
3136 2253 3323 2330 Quod
3360 2253 3422 2317 si
3464 2254 3750 2307 mortifera.

1878 2371 2481 2451 circumcidamini,
2563 2384 2686 2439 etc.
2772 2375 2948 2439 Hanc
3023 2370 3415 2438 sententiam

1879 2485 2175 2574 sequitur
2207 2488 2397 2551 Sotus
2433 2485 2515 2551 de
2552 2486 2823 2552 Iustitia
2854 2495 2915 2551 et
2945 2489 3126 2572 jure,
3183 2484 3296 2551 lib.
3334 2488 3405 2550 2.

1878 2613 2103 2689 quoest.
2149 2607 2213 2670 5.
2256 2613 2387 2669 art.
2435 2606 2505 2668 5.
2594 2613 2657 2671 et
2707 2604 2817 2668 hic
2881 2614 3107 2689 quoest.
3191 2604 3414 2682 unica,

1876 2731 2007 2785 art.
2045 2723 2109 2785 2.
2149 2718 2513 2785 Richardus
2580 2719 2736 2785 disc.
2777 2723 2837 2784 1.
2875 2730 3100 2807 quoest.
3148 2720 3412 2799 ultima,

1877 2848 1938 2903 et
1981 2838 2301 2923 proesenti
2330 2837 2485 2902 dist.
2522 2847 2654 2902 arc.
2691 2841 2754 2901 5.
2794 2847 3026 2923 quoest.
3078 2839 3143 2904 3.

1963 2955 2231 3032 Verum,
2277 2964 2347 3019 ut
2401 2952 2523 3018 tria
2588 2952 2732 3019 haec
2790 2952 3068 3018 seorsim
3134 2952 3418 3019 dissera-

1878 3090 2048 3150 mus,
2093 3091 2331 3156 nempe
2386 3071 2467 3137 de
2523 3069 3034 3137 Circumcisione
3091 3091 3301 3157 usque
3340 3070 3421 3136 ad

1879 3197 2150 3252 mortem
2193 3184 2454 3268 Christi,
2492 3184 2571 3253 de
2602 3185 2825 3252 eadem
2895 3196 3041 3273 post
3115 3196 3414 3265 mortem,

1875 3314 1938 3370 ct
1977 3300 2177 3372 tertio
2236 3314 2380 3390 post
2430 3303 3020 3391 promulgationem
3069 3302 3301 3369 factam
3349 3302 3415 3366 in

1873 3418 1979 3485 die
2009 3422 2447 3501 Pentecostes‚
2492 3418 3019 3505 respondendum
3071 3417 3195 3483 erit
3233 3438 3416 3484 seor-

1874 3536 1997 3602 sim
2034 3537 2111 3602 ad
2147 3535 2430 3623 singula.
2476 3534 3010 3602 Proemittendum
3061 3540 3277 3601 lamen
3317 3545 3418 3601 est
3463 3557 3768 3611 Dissertatio

1873 3653 1979 3719 bic
2016 3657 2355 3719 Doctorem
2408 3672 2537 3719 non
2595 3652 2921 3718 disserere
2976 3672 3054 3717 ex
3116 3651 3416 3718 instituto
3491 3623 3727 3735 Ῑζὲζίἶῗῖ

1871 3780 2094 3835 contra
2135 3772 2213 3834 D.
2259 3768 2599 3846 Thomam,
2668 3767 2973 3854 quamvis
3012 3768 3411 3835 contrarium
3471 3751 3759 3862 Dffo'f'ffin.

1871 3887 2381 3971 interpretentur
2422 3886 2762 3972 utriusque
2801 3885 3044 3950 scholae
3075 3889 3410 3963 AuctoreS,
3465 3872 3756 3999 Huffissem.

1872 4002 1984 4070 sed
2032 4013 2257 4069 contra
2308 4005 2645 4090 Hugonem
2687 4001 2767 4067 de
2807 4004 2871 4069 S.
2910 4001 3190 4082 Victore,
3227 4003 3415 4086 cujus

1871 4130 2026 4185 sunt
2064 4139 2162 4198 ea,
2236 4139 2383 4205 quae
2432 4117 2690 4185 adducit
2730 4121 2963 4184 Doctor
3018 4117 3229 4205 quoad
3283 4119 3417 4184 sin-

1871 4238 2024 4327 gula
2082 4247 2355 4304 asserta.
2408 4237 2589 4303 Un'de
2648 4255 2777 4301 non
2838 4234 3143 4302 existimo
3186 4238 3413 4302 Docto-

1872 4376 2008 4421 rem
2048 4354 2227 4421 aliud
2258 4353 2490 4420 docere
2538 4353 2618 4419 de
2666 4352 3196 4419 circumcisionis
3246 4374 3414 4439 prae-

1870 4482 2080 4559 cepto,
2117 4492 2313 4559 quam
2369 4474 2444 4537 D.
2508 4471 2791 4535 Thomas
2850 4467 3142 4535 docuerit
3200 4469 3412 4557 quoad

1871 4590 1994 4655 hoc
2033 4598 2371 4675 punctum,
2413 4598 2483 4653 ut
2513 4586 2682 4651 infra
2713 4587 2835 4653 sub
2866 4587 3041 4653 calce
3073 4589 3410 4653 Commen-

1868 4705 2013 4772 tarii
2053 4703 2385 4770 ostendam
2426 4728 2441 4782 ;
2499 4703 2761 4769 interim
2813 4713 3032 4770 tamen
3072 4703 3411 4788 explicabo

1870 4819 2318 4886 difficultatem
2345 4822 2531 4908 juxta
2570 4837 2984 4885 communem
3021 4817 3412 4904 interpreta-

1871 4939 2142 5016 tionem,
2187 4950 2256 5003 ut
2320 4936 2596 5003 liberum
2666 4935 2751 5002 sit
2807 4933 3058 5014 lectori,
3128 4935 3248 5002 hoc
3306 4935 3412 5001 vel

1872 5055 2029 5120 illud
2061 5052 2273 5140 sequi.
3098 5143 3103 5148 ᾖ

1958 5171 2175 5248 Quoad
2211 5170 2493 5255 primum
2527 5180 2809 5255 tempuS,
2836 5167 3412 5235 circumcisionem
3566 5199 3648 5249 28.
3692 5255 3702 5265 ⁸

1871 5287 2075 5354 fuisse
2126 5287 2188 5352 in
2232 5299 2581 5374 praecept0‚
2636 5306 2765 5353 non
2804 5287 3102 5353 obstante
3152 5288 3410 5355 institu-
3442 5256 3742 5377 Cssffiffiffiu

1870 5405 2047 5470 tione
2133 5417 2194 5470 et
2261 5403 2533 5470 consilio
2611 5403 2920 5490 Baptismi
2979 5404 3407 5492 suscipiendi,
3548 5398 3645 5498 ἐξῇ

1871 5521 2180 5607 supponit
2223 5541 2352 5586 non
2397 5520 2599 5587 fuisse
2644 5531 2963 5588 mortuam
3016 5523 3227 5610 quoad
3282 5523 3414 5589 fru-
3463 5513 3735 5625 praeffigtav

1872 5651 2045 5706 ctum
2077 5639 2246 5726 ejus,
2293 5637 2371 5704 de
2401 5659 2529 5727 quo
2560 5659 2757 5727 supra
2788 5639 3245 5711 disseruimus.
3291 5644 3412 5711 So-
3466 5642 3741 5691 fructuosa.

1877 634 2151 721 mortem
2190 624 2457 707 christi,
2502 636 2566 692 et
2612 636 2771 692 tunc
2818 623 3242 691 circumcisio
3302 622 3423 690 fuit

3528 2505 3701 2554 Sotus.

3475 2566 3723 2618 Richard.
