4255 6375
792 405 902 470 142

779 568 1109 644 salitate
1181 590 1468 645 eorum
1556 573 1930 664 respectu
2000 573 2317 663 gratiae,

776 690 1026 779 patet,
1090 688 1277 780 quia
1348 708 1490 781 per
1551 686 1700 761 hoc
1789 690 2322 762 Sacramenta

775 823 1004 876 novae
1072 805 1274 897 legis
1325 808 1407 879 et
1469 806 1767 879 veteris
1822 805 2323 898 distinguun-

777 923 940 1003 tur,
984 923 1070 993 ut
1111 920 1414 995 dicitur
1453 921 1533 993 in
1575 920 1879 995 littera.
1929 920 2008 994 Si
2051 923 2322 993 autem

779 1039 857 1108 et
929 1035 1097 1110 haec
1164 1042 1243 1112 et
1307 1038 1448 1111 illa
1516 1042 1834 1111 tantum
1899 1038 2324 1129 signarent

777 1154 1161 1244 gratiam,
1205 1154 1397 1229 licet
1468 1154 1624 1227 ista
1685 1160 2018 1247 possent
2073 1153 2325 1246 perfe-

772 1269 987 1345 ctius
1057 1271 1386 1362 signare
1481 1291 1719 1365 quam
1812 1272 1981 1355 illa,
2047 1277 2325 1346 tamen

769 1405 929 1457 non
1024 1391 1238 1462 esset
1333 1387 1750 1463 distinctio
1838 1388 1919 1460 in
2004 1387 2325 1462 ratione

774 1522 1067 1586 causae,
1139 1508 1219 1577 et
1279 1524 1440 1575 non
1508 1525 1814 1587 causae3
1878 1524 2039 1576 non
2107 1504 2324 1577 enim

773 1624 988 1693 esset
1027 1619 1470 1702 distinctio,
1532 1620 1690 1693 nisi
1755 1641 1897 1714 per
1955 1620 2204 1693 aliam
2246 1624 2326 1695 et

777 1735 1027 1808 aliam
1126 1736 1533 1811 rationem
1627 1737 2020 1830 signandi,
2119 1738 2328 1829 quod

776 1852 1003 1924 nullo
1051 1853 1283 1925 modo
1350 1852 1636 1925 tribuit
1683 1853 2085 1926 rationem
2146 1873 2328 1925 cau-

778 1970 1030 2043 sandi.
1114 1970 1483 2053 Qualiter
1558 1989 1757 2061 ergo
1857 1973 2327 2043 Sacramen-

779 2088 955 2159 tum
989 2087 1095 2159 sit
1139 2107 1385 2160 causa
1426 2087 1740 2179 gratiae,
1780 2086 2115 2180 ponitur
2156 2086 2322 2159 sic:

783 2203 970 2294 quia
1037 2202 1394 2276 efficiens
1479 2203 2013 2293 distinguitur
2078 2201 2329 2295 dupli-

659 2388 673 2413 ,
779 2318 1011 2391 citer.
1058 2318 1232 2390 Uno
1281 2319 1511 2390 inodo
1563 2338 1662 2387 ex
1708 2320 1940 2409 parte
1982 2315 2326 2391 effectus

777 2433 860 2506 in
919 2433 1516 2526 dispositivum,
1593 2434 1799 2525 quod
1868 2433 2173 2506 inducit
2223 2431 2327 2505 ef·

777 2549 1078 2622 fectum
1168 2550 1583 2643 praevium,
1718 2555 1796 2624 et
1895 2549 1973 2621 in
2067 2549 2327 2643 perfe-

778 2668 1128 2750 ctivum,
1235 2669 1442 2761 quod
1548 2667 1848 2743 inducit
1943 2666 2327 2741 effectum

779 2784 1341 2877 principalem.
1414 2784 1593 2857 Alio
1650 2785 1880 2858 modo
1939 2806 2039 2857 ex
2090 2788 2330 2878 parte

777 2900 1232 2985 efficientis,
1290 2901 1370 2974 in
1413 2901 1862 2995 principale
1905 2905 1982 2976 et
2026 2901 2329 2975 instru-

785 3019 1157 3092 mentale.
1295 3021 1939 3093 Instrumentum
2055 3023 2331 3092 autem

780 3134 1181 3229 duplicem
1269 3135 1507 3212 habet
1579 3136 2018 3219 actionem,
2085 3156 2329 3209 unam

782 3272 881 3323 ex
958 3256 1258 3326 natura
1329 3252 1689 3345 propria,
1773 3252 2020 3324 aliam
2085 3257 2330 3346 prout

782 3372 1096 3442 motum
1173 3372 1298 3441 est
1366 3387 1414 3438 a
1482 3366 1912 3460 principali
1991 3373 2328 3460 agente;

781 3485 861 3556 et
922 3482 1234 3576 quando
1294 3482 1532 3554 habet
1575 3482 2031 3565 secundam,
2091 3483 2334 3555 simul

778 3596 1018 3673 habet
1059 3601 1139 3671 et
1173 3597 1550 3690 primam,
1595 3601 1675 3671 et
1719 3618 1862 3692 per
1904 3600 2334 3672 secundam

780 3712 1117 3805 attingit
1186 3714 1280 3786 ad
1331 3713 1634 3806 aliquid
1688 3715 1910 3788 ultra
1962 3716 2182 3797 illud,
2236 3715 2333 3787 ad

782 3831 986 3924 quod
1046 3830 1381 3924 attingit
1453 3851 1595 3924 per
1673 3832 2050 3925 primam,
2123 3832 2328 3906 alias

780 3966 939 4019 non
1000 3952 1215 4021 esset
1258 3948 1939 4029 instrumentum;
1996 3952 2074 4021 et
2135 3948 2331 4021 illud

782 4065 877 4136 ad
944 4065 1151 4157 quod
1238 4065 1573 4156 attingit
1652 4086 1796 4158 per
1871 4066 2325 4148 secundam,

784 4200 957 4272 quae
1030 4184 1156 4254 est
1204 4181 1380 4275 ejus
1457 4180 1935 4273 inquantum
2016 4183 2329 4254 motum

778 4300 929 4381 est,
976 4297 1101 4371 vel
1163 4297 1824 4379 instrumentum,
1890 4296 2324 4389 aliquando

786 4413 909 4484 est
961 4412 1362 4487 terminus
1433 4411 1923 4506 principalis
1970 4411 2324 4503 agentiS,

784 4527 1219 4621 aliquando
1252 4532 1378 4603 est
1411 4532 1727 4603 tantum
1765 4527 2195 4620 dispositio
2232 4528 2327 4599 ad

784 4643 1013 4716 illum
1055 4646 1524 4718 terminum.

448 4774 735 4825 Secundum
873 4762 988 4834 Ad
1073 4761 1613 4855 propositum,
1699 4781 1908 4853 aqua
1970 4781 2115 4855 per
2171 4759 2330 4833 for-

451 4838 1001 4951 &mmmm
1127 4898 1359 4950 suam
1468 4879 1934 4951 naturalem
2086 4877 2326 4950 habet

537 4968 644 5075 ²2¹2?
783 4993 1349 5086 operationem
1448 4991 1868 5086 propriam
1891 5047 1907 5073 ,
2016 4991 2328 5065 scilicet

445 5102 751 5202 inffiffiffl.
781 5111 1113 5184 abluere
1195 5108 1321 5182 vel
1414 5108 1913 5182 madefacere
2000 5129 2327 5202 corpus.

527 5215 661 5328 ‘2¹3⁸’
778 5228 1140 5303 Ulterius
1181 5231 1456 5301 autem
1524 5226 2001 5318 inquantum
2042 5225 2329 5298 estin-

452 5339 714 5453 οὴὶξξξῑθ·
783 5348 1327 5419 strumentum
1387 5343 1677 5417 divinae
1718 5342 2326 5427 misericordiae,

465 5440 703 5580 ornv‘ii’m
785 5462 1024 5536 habet
1090 5460 1472 5536 effectum
1571 5461 2080 5545 ulteriorem,
2171 5481 2330 5534 non

562 5547 592 5582 Β
708 5566 721 5581 ”
782 5580 1096 5675 quidem
1138 5580 1234 5653 ad
1276 5579 1658 5671 gratiam,
1716 5583 2101 5671 tanquam
2141 5598 2322 5652 eam

2054 406 2199 471 [ΑΒ.
2234 404 2333 473 1v.
2384 404 2996 476 SENTENTIARUM

2438 570 2791 664 attingat
2851 573 3100 647 etiam
3170 574 3251 646 in
3308 573 3623 647 virtute
3693 572 3976 665 princi-

2438 687 2647 778 palis
2742 690 3086 781 agentis,
3191 690 3326 763 sed
3417 690 3516 762 ad
3574 688 3980 781 dispositi-

2441 824 2674 877 onem
2762 805 3179 898 praeviam,
3263 826 3435 900 quae
3506 806 3592 879 in
3674 805 3987 898 quibus·

2437 916 2619 988 dam
2707 918 3258 992 sacramentis
3328 922 3449 992 est
3523 917 3985 996 character.

2440 1032 2520 1104 in
2581 1033 3054 1125 quibusdam
3113 1040 3239 1110 est
3291 1036 3587 1129 aliquis
3653 1040 3991 1109 ornatus

2440 1150 2730 1224 animae
2775 1154 3454 1246 proportionatus
3496 1153 3988 1227 characteri.

2441 1267 2571 1341 Sic
2669 1286 2868 1359 ergo
2958 1272 3581 1344 Sacramentum
3688 1269 3987 1343 instru-

2443 1385 2913 1456 mentaliter
2970 1406 3132 1459 non
3200 1385 3373 1477 agit
3405 1387 3499 1458 ad
3588 1386 3984 1477 gratiam,

2441 1502 2574 1575 sed
2629 1501 3128 1595 dispositive,
3175 1502 3364 1596 quia
3412 1524 3558 1575 nec
3603 1524 3750 1597 per
3797 1503 3986 1576 acti·

2444 1638 2703 1700 onem,
2768 1638 2941 1709 quae
2991 1623 3116 1692 est
3181 1618 3358 1711 ejus
3422 1622 3811 1712 tanquam
3883 1619 3986 1691 in-

2441 1736 3017 1816 strument-um,
3107 1735 3443 1826 attingit
3514 1736 3770 1815 illam,
3863 1734 3986 1806 sed

2437 1849 3054 1943 dispositionem
3108 1851 3527 1943 praeviam.
3571 1850 3671 1921 Et
3718 1869 3991 1921 secun·

2438 1968 2624 2039 dum
2710 1966 2916 2041 istos
3001 1968 3217 2042 istud
3320 1972 3445 2043 est
3543 1986 3981 2041 consonum

2438 2084 2650 2157 dicto
2705 2084 3086 2175 Magistri
3130 2083 3213 2157 in
3251 2084 3562 2165 littera,
3621 2082 3755 2174 qui
3795 2082 3984 2155 dicit

2441 2198 2647 2290 quod
2702 2198 2947 2272 homo
3029 2219 3191 2272 non
3268 2199 3564 2292 quaerit
3644 2198 3986 2270 salutem

2440 2335 2487 2386 a
2547 2317 3126 2399 sacramentis,
3205 2317 3437 2408 quasi
3498 2316 3597 2387 ab
3654 2314 3801 2396 eis,
3864 2314 3985 2387 sed

2441 2450 2589 2523 per
2645 2452 2741 2504 ea
2799 2452 2846 2504 a
2912 2434 3109 2516 Dec,
3172 2431 3339 2506 haec
3402 2431 3622 2505 enim
3686 2449 3987 2523 praepo·

2442 2547 2631 2620 sitio
2672 2574 2736 2632 a,
2781 2550 3115 2622 denotat
3163 2568 3495 2623 causam
3558 2549 3980 2638 agentem;

2436 2684 2559 2749 per
2608 2680 2806 2736 vero
2841 2667 3075 2737 notat
3117 2682 3452 2736 causam
3498 2662 3984 2735 instrumen-

2439 2777 2718 2850 talem.

2890 3032 3552 3097 COMMENTARIUS.

2529 3254 2618 3344 (a)
2675 3254 2755 3321 In
2802 3257 2950 3320 istis
3002 3256 3472 3342 quaestionibus
3525 3264 3622 3320 est
3661 3276 3800 3322 una
3853 3257 3979 3356 opi·
4091 3297 4126 3345 Ξ,

2439 3371 2572 3451 nio,
2620 3385 2740 3439 etc.
2791 3375 2908 3439 Hic
2965 3373 3266 3459 proponit
3309 3375 3545 3438 Doctor
3603 3372 3975 3438 sententiam

2439 3490 2511 3555 D.
2549 3489 2821 3554 Thomae
2851 3487 3061 3576 quoad
3094 3488 3377 3574 primum
3410 3487 3796 3575 quaesitum,
3830 3487 3977 3554 sicut

2437 3616 2502 3669 et
2574 3605 2606 3688 ἓ
2677 3603 2977 3691 sequenti
3057 3603 3326 3690 exponit
3382 3601 3768 3689 opinionem
3851 3604 3975 3690 ejus

2440 3721 2651 3809 quoad
2692 3720 3080 3788 secundum.
3119 3723 3290 3806 Lege
3329 3720 3577 3787 scholia
3631 3721 3698 3787 in
3763 3720 3975 3808 quibus

2440 3850 2615 3905 recte
2680 3838 3331 3926 comprehenduntur
3398 3836 3854 3904 conclusiones
3918 3847 3976 3902 et

2442 3965 2690 4020 asserta
2758 3955 2934 4041 ejus.

2529 4071 2852 4134 Caeterum
2884 4079 3235 4156 antequam
3272 4067 3545 4134 ulterius
3609 4067 3971 4155 progredia-
4002 4111 4061 4161 De

2443 4204 2613 4264 mur,
2658 4184 3026 4270 exponendi
3073 4194 3228 4250 sunt
3271 4184 3556 4249 breviter
3589 4184 3755 4249 varii
3790 4183 3968 4261 modi,
4016 4181 4161 4282 ³²22

2441 4299 2682 4386 quibus
2724 4299 2829 4364 illa
2888 4297 3236 4365 causalitas
3288 4298 3558 4384 physica
3608 4301 3969 4365 Sacramen·
4045 4295 4161 4346 ΜΒ

2444 4424 2655 4480 torum
2679 4415 2758 4480 ab
2790 4415 3227 4481 assertoribus
3260 4412 3655 4494 defenditur,
3685 4428 3753 4481 et
3804 4415 3968 4481 redu·

2443 4530 2500 4596 ci
2536 4541 2747 4616 potest
2784 4529 2863 4596 ad
2888 4541 3167 4618 quatuor
3200 4530 3449 4597 modos.
3489 4531 3753 4597 Primus
3783 4543 3875 4599 est
3901 4535 3963 4598 D.
4038 4561 4104 4610 pff

2444 4644 2713 4712 Thomae
2760 4645 2837 4711 in
2874 4649 2940 4711 4.
2986 4646 3054 4711 d.
3097 4651 3156 4711 l.
3203 4667 3265 4732 q.
3305 4652 3366 4712 1.
3400 4656 3531 4712 art.
3569 4650 3635 4713 4.
3672 4657 3736 4713 et
3768 4669 3828 4734 q.
3866 4621 4127 4735 210²&

2443 4764 2523 4830 de
2565 4765 2848 4831 Ver-itate
2886 4777 3017 4832 arc.
3063 4765 3128 4835 4.
3173 4766 3264 4831 ad
3304 4769 3369 4832 3.
3416 4779 3481 4832 et
3519 4787 3671 4833 eum
3706 4768 3970 4854 explicat

2443 4884 2675 4946 Doctor
2708 4881 2771 4945 in
2812 4880 3049 4960 littera,
3088 4900 3344 4966 nempe,
3383 4882 3803 4949 Sacramenta
3838 4902 3969 4950 cau·

2442 5013 2588 5061 sare
2625 4993 2929 5080 gratiam,
2987 5013 3115 5059 non
3157 4992 3328 5081 quod
3387 4994 3717 5082 attingant
3767 4997 3967 5083 physi-

2442 5131 2515 5177 ce
2544 5109 2881 5177 entitatem
2923 5108 3159 5196 gratiae
3189 5130 3339 5196 quae
3373 5124 3655 5193 creatur,
3690 5113 3805 5179 sed
3836 5133 3969 5199 pro-

2441 5225 2679 5294 ducant
2717 5226 3002 5313 aliquam
3046 5224 3504 5311 dipositionem
3542 5231 3877 5315 proeviam,
3910 5205 4153 5329 &de-

2442 5344 2629 5433 quasi
2679 5343 3178 5410 necessitantem
3229 5343 3307 5409 ad
3347 5344 3653 5430 gratiam,
3710 5360 3784 5414 ut
3833 5331 4133 5420 cha-produ?

2443 5472 2756 5527 racterem
2791 5460 2857 5526 in
2895 5459 3003 5540 iis,
3050 5480 3198 5547 quae
3244 5459 3688 5530 characterem
3760 5463 3966 5551 impri-
4065 5468 4140 5503 Μ’

2444 5589 2655 5658 munt,
2709 5577 2814 5645 vel
2880 5588 3183 5644 ornatum
3264 5576 3612 5662 quemdam
3680 5580 3961 5667 spiritua·
4000 5523 4174 5640 aruzii*
