4255 6375
139 584 180 637 3.

120 2256 206 2313 itio,

120 4892 125 4923 t

118 4964 195 5008 tria

118 5025 225 5075 usto.

120 5085 208 5136 isis.

120 5148 232 5196 horn.

118 5215 240 5260 nstin.

1410 429 1608 496 mS'r.
1656 432 1755 494 lv.
1799 430 2163 507 QUAESTIO
2228 432 2331 495 111.

354 588 465 660 Ad
523 590 887 672 tertium,
949 593 1299 667 concedo
1397 593 1599 686 quod
1642 590 1811 665 fru-

272 708 442 778 ctus
506 705 983 799 inquantum
1051 716 1176 785 est
1230 710 1529 802 aliquid
1580 709 1812 782 arbo-

271 822 406 903 ris,
443 825 815 916 sequitur
854 828 1396 901 conditionem
1459 828 1806 910 arboris,

269 945 534 1014 tamen
612 942 1086 1035 inquantum
1158 948 1281 1017 est
1359 945 1658 1037 aliquid
1730 945 1810 1017 in

265 1077 369 1139 se,
426 1062 690 1150 potest
747 1059 1041 1134 habere
1102 1061 1604 1135 conditiones
1669 1082 1808 1154 op-

263 1175 570 1266 positas
622 1176 900 1250 arbori
954 1179 1035 1251 in
1086 1201 1215 1259 se;
1273 1183 1539 1273 potest
1591 1179 1807 1252 enim

262 1290 575 1367 fructus
615 1316 793 1367 esse
828 1296 1125 1379 mollis,
1170 1303 1250 1373 et
1292 1298 1543 1370 arbor
1571 1299 1802 1369 dura.

263 1409 386 1483 Sic
440 1411 520 1482 in
590 1414 1040 1504 proposito,
1110 1415 1297 1506 quia
1350 1414 1679 1505 justitia
1728 1418 1809 1489 et

263 1526 667 1618 injustitia
715 1529 1050 1622 respicit
1085 1550 1517 1622 personam
1577 1532 1655 1602 in
1694 1552 1801 1613 se,

259 1644 576 1735 nonjut·
621 1645 1165 1738 conjunctam,
1255 1647 1385 1719 vel
1460 1648 1804 1720 divisam

262 1760 658 1845 localiter,
715 1769 1088 1856 respectu
1136 1763 1482 1837 alterius
1536 1786 1807 1857 perso·

260 1895 401 1958 nae,
467 1881 548 1950 et
608 1877 778 1950 ideo
812 1879 1143 1970 justitia
1179 1884 1447 1972 potest
1491 1901 1805 1972 compe-

256 1997 429 2066 tere
492 1994 729 2086 proli,
795 1994 987 2070 licet
1059 2016 1218 2068 non
1282 1996 1555 2078 matri,
1625 2002 1706 2070 et
1763 2016 1804 2068 e

257 2131 680 2184 converso,

339 2231 563 2297 Aliter
587 2236 799 2317 pote-'sl
846 2233 985 2298 dice·
1034 2233 1125 2299 ad
1157 2224 1592 2299 intentionem
1639 2234 1804 2319 Apo-

254 2347 431 2426 stoli,
486 2347 603 2413 sed
649 2349 770 2413 lzoc
805 2349 1060 2433 sufficit
1099 2350 1231 2415 lu‘c.
1278 2348 1382 2413 Ibi
1428 2348 1633 2427 enim,
1694 2352 1797 2415 11.

255 2486 307 2530 c.
367 2466 802 2551 reprehendit
863 2467 1188 2531 Romanos
1225 2466 1307 2531 ab
1366 2467 1800 2532 insultatione

251 2580 665 2662 Judoeorum,
730 2583 1034 2649 dicebant
1081 2584 1343 2653 Judoeos
1397 2604 1532 2649 esse
1580 2603 1800 2648 ramos

250 2700 524 2777 excisos,
581 2711 640 2765 el
680 2701 940 2787 aliquos
983 2701 1293 2785 insertosg
1342 2711 1616 2788 propter
1654 2702 1791 2778 hoc,

251 2816 412 2881 dicit
462 2815 729 2901 aliquos
782 2816 1050 2881 Judoeos
1097 2816 1297 2882 bonos
1353 2836 1514 2895 esse,
1566 2825 1626 2880 et
1665 2836 1801 2881 non

250 2933 526 3010 excisos,
579 2932 694 2998 sed
740 2934 1083 2999 naturales
1122 2953 1363 3011 ramos,
1433 2933 1531 2997 sic
1575 2932 1797 2998 dicen-

250 3048 333 3114 do
381 3073 402 3114 .·
448 3047 525 3118 si
577 3046 805 3117 radix
847 3048 1131 3118 sancta
1179 3049 1325 3127 est,
1382 3048 1455 3114 id
1497 3059 1615 3127 est,
1669 3048 1798 3112 Ρα-

256 3167 592 3247 triarchce,
629 3168 746 3254 qui
771 3166 1049 3251 fuerunt
1080 3167 1272 3253 quasi
1298 3165 1561 3232 radices
1587 3165 1801 3252 plebis

254 3286 577 3366 Ιιιάαίεω,
620 3284 698 3353 et
742 3281 976 3361 rami,
1010 3283 1261 3349 scilicet
1295 3285 1562 3361 Sancti,
1619 3293 1799 3369 patet

254 3402 332 3466 de
358 3400 721 3487 Apostolis,
769 3401 884 3487 qui
925 3400 1203 3484 fuerunt
1231 3399 1472 3465 Judaei.

338 3516 580 3590 Circa
648 3516 1083 3588 secundum
1154 3515 1603 3588 membrum
1687 3515 1799 3588 di-

251 3633 718 3708 stinctionis
808 3634 900 3706 de
989 3632 1431 3726 recipiente
1519 3637 1801 3707 Sacra-

252 3757 635 3833 mentum,
680 3755 762 3824 et
811 3770 970 3821 non
1034 3769 1206 3823 rem
1262 3748 1794 3830 Sacramenti,

254 3870 452 3960 quod
553 3867 895 3962 praecise
990 3867 1365 3939 convenIt
1472 3865 1797 3947 adultis,

256 4005 527 4078 quaero
591 3985 743 4056 duo
809 4009 823 4052 ε
880 3984 1183 4066 Primo,
1248 3989 1525 4057 utrum
1586 3981 1804 4055 adul-

256 4104 384 4172 tus
441 4116 604 4170 non
665 4094 1179 4170 consentiens
1253 4099 1520 4189 potest
1598 4094 1800 4166 reci-

261 4233 446 4304 pere
487 4212 862 4286 effectum
904 4212 1302 4305 Baptismi
1330 4216 1364 4282 ‘2
1414 4209 1797 4291 Secundo,

261 4332 536 4403 utrum
581 4330 899 4402 adultus
950 4328 1188 4404 fictus
1241 4328 1585 4420 recipiat
1625 4325 1806 4399 effe-

264 4451 477 4520 ctum
522 4445 980 4538 Baptismi?

713 4699 1342 4766 COMMENTARIUS.

335 4923 427 5006 (b)
470 4926 565 4988 Ad
591 4927 999 5002 quaestionem
1041 4925 1206 4986 dice.
1245 4923 1481 4999 Quarta
1532 4923 1805 4985 conclu-

266 5042 355 5104 sio
399 5042 619 5121 quoad
650 5043 927 5119 primam
969 5045 1217 5116 partem
1267 5043 1367 5100 est
1416 5040 1801 5101 communis

265 5157 511 5220 Alensis
565 5159 624 5218 4.
678 5163 855 5235 part.
921 5161 1138 5233 quaest.
1206 5156 1266 5217 8.
1314 5172 1400 5216 m.
1455 5157 1513 5215 7.
1563 5162 1686 5217 art.
1748 5158 1800 5217 l.

265 5274 394 5352 32.
454 5276 607 5335 citat
658 5274 869 5335 varias
930 5275 1218 5334 rationes
1276 5277 1599 5344 veterum,
1662 5288 1805 5351 quae

268 5406 379 5467 per
436 5390 753 5451 rationem
815 5403 1014 5465 supra
1073 5388 1337 5449 allatam
1410 5405 1448 5449 a
1520 5390 1801 5449 Doctore

271 5505 698 5568 confutantur.
745 5506 821 5565 D.
866 5504 1149 5568 Thomas
1177 5507 1236 5568 3.
1269 5511 1441 5585 part.
1474 5508 1689 5581 quaest.
1739 5504 1799 5567 8.

256 5629 373 5686 art.
425 5625 516 5689 ll.
563 5627 634 5687 et
677 5623 885 5686 caeteri
933 5624 1251 5685 Doctores
1281 5623 1347 5684 in
1376 5623 1498 5685 hac
1534 5624 1679 5684 dist.
1724 5621 1790 5684 4.

3379 432 3490 493 411

1922 595 2107 657 Patet
2136 610 2216 656 ex
2243 597 2612 676 Augustino
2645 594 2755 657 lib.
2788 592 2850 657 6.
2887 592 3480 672 contra2lult‘anum

1919 729 2060 789 cap.
2105 714 2157 773 1.
2194 714 2254 775 6.
2286 719 2340 774 cc
2381 715 2442 776 8.
2481 730 2624 790 cap.
2662 714 2743 775 Si
2778 712 3116 789 quidquid,
3146 713 3224 772 dc
3257 727 3472 773 conse·

1918 828 2234 889 crat.dist.
2267 829 2328 888 5.
2365 829 2432 889 In
2467 828 2742 890 concilio
2785 826 3292 889 Neocaesariensi
3335 843 3473 901 cap.

1917 946 1977 1008 6.
2038 952 2317 1025 negatur
2362 946 2765 1024 Baptismum
2811 948 3216 1026 praegnantis
3255 945 3479 1008 valere

1918 1062 2154 1141 partui.
2191 1063 2370 1123 Ratio
2403 1070 2623 1124 autem
2655 1067 2781 1135 est,
2822 1064 2975 1144 quia
3006 1063 3236 1142 nequit
3297 1062 3468 1125 ablui

1919 1183 2032 1239 aut
2064 1181 2240 1257 tangi
2272 1195 2467 1257 aqua,
2501 1179 2682 1257 quod
2726 1180 2775 1240 si
2811 1180 3202 1241 contrarium
3248 1183 3478 1259 posset

1916 1294 2080 1368 fieri,
2142 1299 2209 1355 et
2251 1294 2489 1356 salvari
2546 1292 2881 1357 sufficiens
2939 1292 3210 1367 ablutio,
3256 1291 3471 1356 valide

1917 1411 2357 1489 baptizaretur
2385 1427 2422 1472 a
2450 1426 2653 1473 sensu
2683 1412 3033 1473 contrario,

1997 1526 2083 1607 (c)
2130 1532 2231 1589 Ex
2269 1528 2399 1606 {hoc
2465 1530 2758 1604 sequitur
2826 1526 3278 1602 corollarium,
3339 1531 3468 1590 etc.
3633 1580 3687 1632 9.

1915 1646 2232 1724 Exprimit
2275 1644 2441 1707 duos
2473 1661 2690 1717 casuS‚
2725 1646 2791 1707 in
2824 1644 3067 1722 quibus
3098 1646 3470 1724 Baptismus
3547 1643 3774 1715 Inclusus

1918 1768 2020 1824 est
2062 1763 2320 1835 nullus;
2369 1765 2644 1839 primus,
2676 1762 2730 1824 si
2768 1762 2835 1824 in
2876 1762 3050 1823 corio
3101 1762 3471 1825 involvatur
3496 1719 3808 1834 ὥὲἓεῗιῗῗ.

1914 1884 2152 1959 infanS‚
2211 1887 2301 1948 ita
2345 1891 2419 1948 ut
2465 1902 2635 1964 aqua
2687 1900 2819 1947 non
2870 1891 3095 1966 tangat
3139 1886 3283 1967 ejus
3327 1905 3467 1951 cor-

1915 2019 2063 2080 pus,
2123 2016 2257 2064 non
2316 2005 2437 2065 erit
2493 2001 2899 2079 baptizatus;
2946 2009 3011 2065 et
3047 2002 3319 2080 perinde
3366 2010 3467 2067 est

1917 2119 2000 2181 de
2048 2118 2174 2180 alio
2223 2134 2645 2197 quocumque
2690 2118 3028 2180 involucro
3075 2120 3467 2196 prohibente

1915 2241 2292 2299 contactum
2365 2253 2571 2316 aquae,
2641 2238 2696 2297 si
2765 2236 3257 2317 aliquojjmodo
3330 2255 3465 2300 non

1913 2353 2276 2429 adhaereat,
2335 2358 2409 2416 ut
2464 2370 2618 2433 pars
2672 2353 2998 2436 quaedam]
3026 2357 3470 2420 connaturalis

1913 2472 2213 2548 corpori3
2279 2469 2456 2549 quod
2518 2469 2664 2532 dico
2724 2478 2998 2551 propter
3041 2472 3467 2547 secundinae,

1913 2588 2154 2669 quibus
2184 2587 2531 2648 involvitur
2555 2584 2956 2666 infans,quia
2996 2589 3194 2667 aliqui
3213 2592 3467 2666 putant,

1909 2706 1964 2767 si
2013 2708 2319 2785 tangatur
2358 2705 2453 2765 sic
2499 2704 2831 2767 involutus
2877 2705 3283 2781 secundinis‚
3326 2705 3467 2770 fore

1907 2824 2333 2900 baptizatum,
2378 2828 2450 2883 ut
2498 2822 2852 2903 sylvester,
2908 2828 2975 2884 et
3022 2824 3286 2885 Summa
3337 2826 3462 2887 Ro-

1909 2938 2108 3011 sellae,
2151 2937 2350 2999 verbo
2403 2939 2791 3014 Baptismus,
2841 2942 2908 3000 et
2948 2939 3248 3018 Vasquez
3294 2941 3461 3019 disp·
3512 2907 3786 3021 sgffiltgr

1907 3054 2047 3117 145.
2094 3072 2237 3132 cap.
2270 3055 2329 3115 4.
3519 3034 3774 3099 Vasquez.

1990 3169 2308 3234 Caeterum
2364 3186 2473 3233 res
2529 3170 2664 3233 haec
2721 3187 2854 3235 non
2925 3171 3187 3235 videtur
3258 3170 3456 3236 dubio
3552 3212 3748 3267 Dubius

1911 3306 2160 3361 carere,
2250 3289 2402 3368 quia
2470 3289 2855 3352 secundinae
2939 3306 3071 3352 non
3156 3289 3462 3353 videntur
3612 3282 3690 3325 ‘³³‘

3508 3337 3566 3387 ba
3605 3338 3784 3391 tismus

1910 3407 2246 3468 adhaerere
2288 3407 2570 3484 corpori,
2614 3412 2682 3468 ut
2726 3423 2876 3486 pars
2923 3407 3093 3487 ejus,
3143 3407 3281 3469 sive
3325 3409 3460 3469 ani·
3491 3400 3809 3516 ἐξωὲἓδωὲη

3792 3503 3805 3527 ,

1910 3527 2107 3595 mata,
2141 3520 2278 3583 sive
2309 3523 2690 3596 inanimata,
2728 3540 2873 3602 quae
2918 3521 3114 3586 faciat
3156 3524 3240 3586 ad
3286 3527 3454 3588 inte·
3522 3525 3617 3574 nisi
3647 3541 3780 3590 aqua

1909 3638 2212 3715 gritatem
2279 3640 2593 3716 corporis,
2654 3645 2766 3701 aut
2823 3640 3279 3712 substantiam,
3347 3644 3461 3701 aut
3541 3593 3748 3715 0325?

1908 3753 2161 3832 aliquid
2193 3757 2376 3834 ejus;
2412 3762 2477 3818 et
2517 3753 2686 3818 forte
2734 3762 3007 3836 propter
3052 3756 3461 3820 involucrum

1908 3871 2424 3936 secundinarum
2453 3879 2703 3954 negant
2730 3876 3047 3938 Doctores
3088 3878 3454 3937 communi-

1912 3992 2013 4050 ter
2080 3990 2391 4067 baptizari
2473 4007 2668 4069 posse
2740 3989 3059 4054 infantem
3130 3991 3195 4053 in
3266 3997 3458 4056 utero

1911 4108 2158 4179 matris,
2208 4111 2319 4168 aut
2355 4108 2535 4187 tangi
2578 4123 2772 4187 aqua,
2821 4106 2904 4170 de
2955 4083 3087 4188 quo
3118 4108 3276 4172 nihil
3305 4108 3462 4171 mihi

1915 4225 2193 4296 constat,
2269 4238 2418 4283 cum
2487 4223 2612 4285 boc
2677 4221 3038 4287 decernere
3102 4227 3312 4304 magis
3376 4224 3461 4287 ad

1911 4336 2211 4401 medicos
2278 4343 2342 4400 et
2386 4338 2774 4402 obstetrices
2805 4345 3084 4418 spectet.
3131 4341 3198 4403 Si
3241 4350 3461 4404 tamen

1911 4460 2184 4536 urgeret
2230 4471 2418 4517 casus
2449 4456 2881 4530 necessitatiS,
2925 4457 3020 4518 sic
3054 4462 3251 4520 etiam
3283 4462 3464 4520 esset

1911 4571 2345 4652 baptizandus
2405 4573 2471 4634 in
2533 4571 2953 4636 festinatione
3026 4574 3320 4652 periculi,
3394 4580 3464 4637 et

1916 4707 2066 4753 cum
2094 4692 2412 4753 Doctores
2456 4706 2692 4770 graves
2739 4689 2807 4751 id
2849 4688 3177 4755 affirment
3216 4693 3461 4767 valere,

1914 4805 2342 4886 sepeliendus
2372 4814 2550 4870 esset
2576 4806 2642 4869 in
2673 4807 2816 4869 loco
2848 4823 3059 4871 sacro.

1993 4927 2341 4988 Secundus
2385 4941 2576 4987 casus
2605 4929 2727 4998 est,
2762 4923 2845 4986 de
2873 4923 3122 4987 infante
3160 4926 3459 5005 projecto

1916 5056 1998 5101 ex
2027 5044 2232 5118 ponte
2262 5041 2327 5100 in
2362 5055 2623 5118 aquam,
2672 5042 2735 5101 in
2781 5057 2911 5119 qua
2950 5046 3129 5103 esset
3168 5042 3457 5103 submer-
3516 5005 3688 5121 casffi'
3713 5067 3777 5117 do

1912 5153 2216 5235 gendus;
2255 5153 2408 5216 dicit
2457 5172 2592 5217 non
2643 5170 2790 5217 esse
2835 5172 2989 5218 vere
3033 5157 3458 5234 baptizatum,
3590 5133 3781 5181 ‘⁰¹⁶⁰²⁰

3503 5191 3554 5242 in
3578 5209 3696 5242 sne
3724 5208 3787 5242 ex

1911 5285 2134 5348 neque
2193 5270 2597 5332 ablutionem
2652 5270 2823 5331 illam
2883 5288 3030 5334 esse
3100 5273 3453 5351 baptisma-
3485 5260 3767 5368 wnssissss'n

1910 5386 2066 5461 lem,
2135 5401 2277 5464 quae
2316 5402 2448 5448 non
2498 5386 2581 5447 ad
2628 5391 2905 5448 mortem
2954 5404 3075 5465 per
3103 5405 3175 5450 se
3209 5388 3459 5463 tendat,
3484 5381 3785 5446 baptizatus.

1912 5503 2079 5566 sicut
2113 5504 2223 5567 illa
2261 5502 2521 5568 infantis
2564 5505 2969 5582 proturbatio
3016 5523 3098 5568 ex
3139 5511 3343 5585 ponte
3389 5507 3458 5571 in

1908 5619 2177 5695 flumen,
2225 5629 2290 5684 et
2336 5602 2763 5702 quaecumq'ue
2806 5622 3030 5687 similis
3061 5623 3145 5686 ad
3175 5631 3457 5688 mortem
