4255 6375
1298 460 1496 521 Dls'r.
1545 462 1618 522 111
1665 461 2030 535 QUAES'rto
2078 462 2147 523 ΙΙ.

253 615 539 709 ptizans
599 620 972 710 peccaret
1045 619 1543 705 mortaliter,
1597 619 1760 692 imo

251 736 545 807 omnino
613 756 775 808 non
832 736 1314 830 baptizaret.
1393 736 1760 810 Primum

245 850 635 943 probatur,
713 852 903 943 quia
968 852 1231 944 legem
1302 852 1757 945 superioris

243 968 484 1039 nullus
562 967 907 1041 inferior
988 975 1258 1063 potest
1340 989 1758 1053 revocare,

244 1108 370 1162 nec
427 1089 936 1181 simpliciter,
1010 1111 1153 1164 nec
1225 1092 1319 1164 ad
1391 1097 1755 1183 tempus;

237 1206 346 1278 lex
393 1205 481 1277 de
547 1205 1027 1298 baptizando
1101 1207 1178 1278 in
1251 1208 1411 1280 ista
1491 1206 1762 1281 forma

239 1323 684 1395 communi:
787 1325 866 1393 In
976 1330 1245 1393 nomine
1352 1329 1580 1394 Patris
1701 1341 1762 1395 et

240 1443 432 1521 Filii,
540 1443 692 1512 etc.
820 1440 1345 1533 promulgata
1450 1439 1601 1515 fuit
1715 1463 1762 1514 a

241 1556 541 1630 Christo
610 1559 838 1624 Maeth.
920 1561 1195 1638 animm
1294 1577 1491 1649 ergo
1579 1578 1756 1630 eam

240 1694 365 1767 pro
431 1678 834 1767 tempore,
921 1695 1070 1766 pro
1143 1696 1298 1768 quo
1381 1675 1760 1750 Christus

236 1811 370 1862 non
414 1790 859 1871 revocavit,
896 1790 1167 1863 nullus
1220 1791 1428 1864 alius
1494 1796 1760 1886 potest

235 1927 626 1981 revocare.
696 1908 842 1982 Sed
903 1908 1100 1981 licet
1162 1908 1757 2002 dispensaverit

235 2027 297 2098 in
329 2024 461 2097 illa
493 2025 699 2116 lege,
731 2045 880 2117 pro
918 2029 1286 2117 tempore
1319 2025 1760 2119 primitivae

231 2142 617 2222 Ecclesiae,
690 2141 879 2233 quia
957 2141 1108 2213 fuit
1173 2141 1389 2215 ratio
1449 2142 1764 2235 dispen-

229 2260 454 2340 sandi,
494 2264 585 2334 ut
616 2259 1188 2351 divulgaretur
1218 2279 1507 2332 nomen
1538 2260 1763 2335 Chri-

231 2376 345 2458 sti,
407 2379 682 2449 tamen
756 2374 894 2447 illa
965 2376 1286 2449 ratione
1363 2382 1757 2462 cessante,

227 2513 369 2564 non
417 2490 964 2585 dispensavit;
1037 2510 1237 2583 ergo
1307 2492 1578 2565 nullus
1651 2493 1761 2565 in-

230 2609 469 2681 ferior
509 2628 665 2700 pro
700 2613 1069 2698 tempore
1111 2608 1250 2680 illo
1286 2608 1755 2701 posteriori,

229 2728 475 2816 potest
507 2724 983 2817 aliqualiter
1015 2744 1061 2797 a
1102 2724 1277 2817 lege
1323 2725 1462 2798 illa
1504 2726 1761 2799 absol-

227 2862 315 2911 v1.

302 2958 862 3032 Consimiliter
984 2958 1382 3051 probatur
1478 2981 1758 3032 secun-

225 3076 413 3155 dum,
460 3076 651 3168 quia
705 3075 975 3148 forma
1034 3075 1340 3148 tradita
1401 3097 1758 3149 commu-

223 3194 419 3266 niter
451 3213 779 3286 semper
815 3198 1083 3268 manet
1117 3194 1388 3267 forma
1422 3194 1580 3266 nisi
1615 3218 1759 3289 per

225 3306 485 3384 formae
597 3311 1158 3385 institutorem
1263 3332 1414 3403 pro
1483 3312 1756 3405 aliquo

222 3428 578 3519 tempore
653 3427 796 3502 fiat
882 3428 1156 3519 aliqua
1223 3429 1752 3522 dispensatio

224 3543 350 3616 Sed
427 3543 701 3618 forma
769 3564 930 3615 non
995 3544 1148 3618 fuit
1209 3545 1755 3638 dispensative

221 3661 504 3733 tradita
563 3660 720 3734 nisi
777 3681 926 3753 pro
972 3665 1346 3754 tempore
1401 3682 1546 3755 pro
1599 3685 1753 3757 quo

218 3775 352 3850 fuit
399 3778 918 3872 dispensandi
978 3779 1218 3860 ratio,
1292 3779 1604 3855 scilicet
1674 3781 1755 3853 in

219 3894 572 3967 Ecclesia
700 3894 1146 3987 primitiva,
1252 3900 1338 3968 ut
1460 3917 1758 3970 nomen

223 4011 510 4087 Christi
547 4015 1153 4106 divulgaretur3
1199 4036 1396 4108 ergo
1452 4021 1758 4110 tempo-

228 4149 300 4203 re
364 4131 590 4206 illius
663 4132 1294 4226 dispensationis
1356 4139 1753 4218 cessante,

225 4243 472 4321 forma
544 4248 686 4320 illa
751 4248 927 4321 sola
993 4251 1291 4330 manet,
1360 4270 1532 4342 quae
1602 4246 1756 4324 fuit

227 4365 479 4439 forma
521 4386 623 4438 ex
658 4364 1203 4439 institutione.

304 4482 495 4563 Quid
562 4487 815 4574 ergo?
885 4484 1065 4553 Non
1125 4481 1376 4554 audeo
1462 4483 1752 4565 dicere,

142 4605 199 4703 ζῇ
233 4599 416 4686 quod
481 4597 943 4691 baptizatus
1006 4597 1239 4669 hodie
1292 4597 1373 4669 in
1433 4599 1758 4671 nomine

141 4699 553 4832 ¹{¹21³Christi,
608 4720 827 4790 esset
882 4714 1368 4808 baptizatus,
1434 4717 1563 4789 sed
1615 4737 1759 4790 nec

235 4834 463 4904 audeo
497 4832 791 4913 dicere,
829 4831 1032 4923 quod
1064 4852 1224 4906 non
1257 4838 1475 4907 esset
1505 4833 1760 4925 bapti-

231 4951 470 5029 zatus,
509 4947 699 5039 quia
730 4965 890 5018 non
932 4947 1113 5037 lego
1149 4946 1280 5019 ubi
1323 4946 1571 5020 fuerit
1617 4948 1759 5020 illa

229 5060 706 5156 dispensatio
759 5069 1168 5137 revocata.
1237 5066 1325 5136 In
1369 5065 1519 5138 hoc
1560 5084 1758 5157 ergo

229 5198 401 5250 casu
485 5184 775 5274 reputo
826 5180 1151 5252 dubium
1221 5201 1321 5254 an
1401 5181 1592 5255 talis
1654 5182 1761 5255 sit

238 5292 744 5388 baptizatus?

309 5410 543 5485 Circa
622 5413 875 5486 istum
935 5414 1209 5485 autem
1277 5412 1442 5485 tale
1505 5433 1761 5484 reme-

228 5522 430 5597 dium
480 5526 927 5600 habendum
971 5530 1119 5609 est,
1180 5528 1391 5601 sicut
1446 5529 1760 5602 univer-

237 5640 509 5715 saliter
540 5644 616 5718 in
650 5644 836 5718 aliis
886 5644 1142 5716 dubiis
1186 5645 1635 5727 adhibetur,
1672 5647 1762 5718 de

3313 464 3429 526 293

1879 641 2034 713 qno
2072 624 2356 693 Extrav.
2410 626 2493 692 de
2541 628 2906 713 Raptis-mc,
2972 627 3050 697 et
3092 623 3268 719 ejus
3319 623 3425 697 ef-

1881 737 2120 825 fectu,
2191 740 2282 812 de
2352 739 2639 832 quibus
2708 741 3031 813 dubium
3082 746 3231 823 est,
3325 761 3427 813 an

1878 856 2266 949 baptizati
2314 854 2642 936 fuerint,
2689 857 3205 949 baptizentur
3251 879 3430 931 ver-

1877 969 2000 1041 bis
2056 968 2238 1044 istis
2317 971 2771 1064 praemissis
2826 999 2840 1043 :
2908 976 2988 1040 Si
3055 975 3431 1062 baptizatus

1874 1110 1962 1170 ες,
2007 1110 2142 1155 non
2182 1089 2443 1176 baptizo
2494 1102 2595 1168 le:
2639 1092 2755 1157 sed
2800 1093 2861 1156 si
2913 1112 3048 1157 non
3099 1113 3164 1156 es
3214 1091 3428 1177 bapti-

1875 1214 2085 1282 zalus,
2122 1225 2237 1291 eqo
2287 1216 2345 1270 le
2386 1205 2655 1292 baptizo
2686 1209 2759 1271 in
2800 1209 3066 1272 nomine
3107 1207 3335 1271 Patris
3366 1217 3428 1272 et

1873 1318 2063 1398 Filii,
2111 1323 2261 1391 etc.
2303 1322 2400 1391 Et
2437 1319 3020 1395 universaliter
3061 1320 3141 1392 in
3178 1320 3428 1392 omni-

1871 1431 2019 1503 bus
2057 1433 2317 1506 ‹lubiis
2387 1438 2776 1527 quantum
2836 1436 2931 1508 ad
2991 1434 3424 1510 materiam

1872 1552 1949 1620 et
2021 1547 2399 1633 formam,
2466 1557 2651 1626 sunt
2730 1557 2901 1627 tres
2984 1553 3358 1626 maximae
3404 1580 3417 1624 ε

1875 1665 2157 1738 Prima
2191 1672 2314 1742 est
2350 1668 2507 1743 ista
2554 1694 2568 1738 τ
2612 1675 2691 1739 Si
2735 1673 3150 1759 possibilitas
3210 1674 3418 1753 adest,
3553 1701 3681 1750 Tres
3718 1761 3729 1770 ·

1874 1789 1985 1852 via
2047 1789 2377 1853 tutissima
2443 1801 2533 1854 ese
2582 1790 2913 1874 eliqenda.
2991 1790 3348 1861 Secunda
3402 1777 3771 1875 εζξζῗᾞῖξρξῗ

1875 1903 2126 1968 Sinon
2175 1904 2359 1970 adest
2410 1907 2845 1992 possibilitas,
2893 1909 3019 1972 vioe
3078 1909 3425 1973 meis-sima>
3454 1893 3762 1938 mentorum.

1867 2023 2187 2107 prosrima
2229 2032 2321 2087 esc
2364 2023 2673 2090 tenenda.
2711 2021 2991 2093 Tertia
3026 2026 3152 2095 est
3194 2022 3355 2095 ista
3403 2048 3420 2093 z

1879 2136 2193 2203 Cessante
2269 2139 2823 2225 impossibilitate,
2905 2152 3094 2206 caute
3140 2154 3233 2208 est
3271 2163 3420 2228 snp-

1869 2253 2215 2340 plendzcm,
2252 2255 2429 2342 quod
2468 2257 2976 2343 impossibilitas
2999 2258 3420 2344 prohibebat.

2329 2513 2970 2577 COMMENTARIUS.

1952 2736 2041 2818 (Θ)
2092 2739 2302 2800 Tertio
2332 2741 2410 2799 de
2435 2742 2662 2816 forma
2706 2739 3068 2800 necessaria
3113 2756 3199 2800 εει)
3229 2748 3423 2817 parte
3577 2760 3653 2811 17.

1873 2859 2312 2926 Sacramenti,
2359 2861 2484 2917 ete.
2542 2855 2887 2917 Conclusio
2937 2857 3233 2919 Doctoris
3298 2862 3420 2929 est,
3455 2822 3754 2934 Expffintn-

1871 2970 1954 3035 ad
2010 2972 2476 3034 necessitatem
2549 2972 2951 3034 sacramenti
3007 2974 3277 3053 requiri,
3351 2977 3423 3034 ut
3479 2948 3746 3075 ffapst‘i’ffif}

1872 3090 2272 3169 exprimatur
2346 3095 2531 3151 actus
2614 3088 3007 3167 baptizandi,
3083 3095 3150 3151 et
3218 3092 3421 3153 susci·

1868 3211 2058 3288 piens
2113 3225 2262 3270 curn
2330 3208 2749 3270 invocatione
2806 3208 3230 3272 sanctissimas
3280 3212 3416 3274 Tri-

1867 3325 2111 3397 nitatis,
2157 3339 2292 3386 non
2352 3328 2560 3387 tamen
2621 3339 2905 3401 persona
2963 3326 3421 3400 ministri,·est

1870 3446 2167 3510 doctrina
2226 3449 2616 3520 communis,
2670 3463 2812 3526 quae
2857 3447 3138 3510 habetur
3183 3465 3265 3509 ex
3309 3465 3416 3510 ca-

1871 3565 2099 3642 pitum,
2143 3565 2220 3623 Sz'
2274 3565 2438 3640 quis,
2502 3566 2627 3623 etc.
2689 3566 2766 3624 de
2824 3561 3164 3639 baptismO,
3240 3563 3420 3642 quod

1869 3684 1971 3741 est
2015 3678 2371 3741 Alexandri
2427 3680 2531 3741 lll.
2591 3679 2673 3739 Si
2710 3682 2853 3757 quis
2875 3695 3157 3755 puerum
3210 3684 3310 3740 ter
3354 3682 3422 3740 in

1868 3814 2112 3874 aquam
2170 3799 2557 3861 immerserit
2628 3802 2697 3860 in
2766 3799 3024 3860 nomine
3079 3803 3296 3861 Patris
3364 3806 3421 3860 et

1867 3913 2019 3975 Filii
2071 3918 2127 3975 et
2200 3916 2486 3991 Spiritus
2539 3918 2764 3977 sancti.
2841 3920 3064 3986 Amen,
3161 3921 3227 3978 et
3285 3933 3419 3979 non

1870 4029 2103 4093 dixerit
2138 4050 2154 4092 τ
2196 4035 2328 4108 Εῃο
2384 4036 2443 4091 te
2500 4031 2754 4107 baptizo
2798 4032 2861 4092 in
2905 4033 3162 4094 nomine
3206 4035 3421 4095 Patris

1869 4153 1927 4209 et
1967 4145 2122 4209 Filii
2160 4152 2216 4207 ec
2262 4148 2551 4220 Spiritus
2589 4150 2816 4210 sancti.
2861 4152 3081 4218 Amen,
3149 4166 3273 4211 non
3331 4157 3420 4212 est

1863 4278 2033 4338 puer
2076 4264 2454 4339 baptizatus.

1951 4368 2059 4428 Illa
2121 4372 2345 4428 autem
2407 4369 2660 4444 baptizo
2726 4376 2786 4429 ce
2844 4372 3272 4448 requiruntur
3330 4373 3416 4435 ad
3535 4424 3697 4473 Actus

1870 4488 2371 4564 expressionem
2422 4490 2609 4547 actus
2654 4487 3050 4564 baptizandi,
3103 4493 3168 4549 et
3200 4489 3415 4566 ipsum
3450 4484 3765 4596 miniztgjffi·

1869 4603 2365 4682 suscipientem,
2443 4618 2575 4665 non
2642 4605 2849 4677 aliter,
2921 4604 3070 4682 quia
3129 4620 3415 4681 persona
3451 4564 3583 4615 pnm

1870 4718 2142 4781 ministri
2210 4732 2346 4778 non
2430 4720 2803 4779 necessario
2865 4719 3271 4797 exprimitur,
3349 4726 3420 4781 ut

1871 4837 2054 4912 patet
2111 4849 2192 4894 ex
2262 4831 2469 4894 forma
2530 4833 2917 4906 Graecorum,
2984 4840 3045 4896 et
3111 4835 3234 4895 alia
3300 4850 3421 4912 per

1871 4950 2243 5027 baptizatur
2287 4956 2352 5011 et
2411 4950 2823 5026 baptizatum
2868 4965 3065 5026 quam
3136 4948 3419 5010 formam

1870 5072 2079 5130 ratam
2147 5067 2350 5127 habet
2426 5065 2784 5129 Concilium
2847 5066 3286 5127 Florentinum
3354 5069 3420 5128 in

1874 5187 2141 5249 decreto
2211 5186 2474 5248 Unionis
2523 5188 2955 5247 Armenorum
3003 5185 3083 5247 de
3134 5185 3257 5246 hoc
3303 5186 3415 5245 Sa·
3492 5206 3724 5256 Floreat.

1876 5275 2237 5372 eramento,
2297 5302 2412 5364 ubi
2470 5302 2786 5378 triplicem
2858 5300 3128 5364 modum
3202 5304 3416 5380 expri-

1874 5420 2099 5482 mendi
2140 5417 2415 5480 formam
2480 5417 2759 5478 validam
2835 5418 3234 5480 Sacramenti
3301 5418 3423 5479 de-

1874 5540 2099 5601 clarat.
2180 5539 2430 5599 Primus
2491 5541 2613 5606 est,
2677 5540 2805 5613 qu
2863 5541 2922 5596 ιε
2979 5538 3276 5611 bapte·zo,·
3318 5554 3418 5598 se·

1875 5656 2155 5727 cunda&
2230 5655 2597 5732 baptizatur
2664 5668 2885 5717 servus
2957 5653 3218 5727 Christi,
3289 5660 3413 5716 ete.
