4255 6375
1503 398 1676 462 Dls'r
1722 401 1823 462 Ν.
1872 399 2234 476 QUAESTIO
2266 395 2337 462 ll.

271 561 647 642 antiquitas,
735 567 847 627 aut
931 563 1284 643 Scriptura,
1370 566 1484 625 aut
1570 562 1827 625 traditio

270 680 770 751 Ecclesiastica3
825 682 1221 744 contrarium
1270 687 1493 742 autem
1533 680 1598 740 in
1627 683 1831 740 mate-

268 798 363 857 ria
425 795 513 857 de
570 797 832 874 legibus
896 801 962 858 et
1027 803 1175 860 voto
1235 798 1366 858 late
1423 795 1741 873 probatur
1794 810 1832 854 a

273 911 653 990 'l'heolong,
700 927 919 990 neque
954 927 1055 985 ea,
1099 928 1243 989 quae
1292 910 1532 972 Paulus
1574 909 1835 971 disserit

276 1025 361 1088 de
395 1028 703 1090 libertate
733 1034 1110 1090 renatorum
1157 1030 1219 1089 in
1271 1013 1546 1100 ChristO,
1601 1027 1694 1087 sic
1742 1025 1835 1086 in·

281 1142 690 1221 telliguntur,
723 1142 842 1204 sed
886 1142 972 1203 de
1024 1142 1326 1205 libertate
1377 1159 1412 1202 a
1457 1144 1619 1221 jngo
1668 1141 1836 1220 legis

277 1259 604 1328 Mosaicae,
654 1262 720 1318 et
750 1257 833 1319 de
863 1258 1164 1320 libertate
1212 1274 1247 1318 a
1296 1262 1592 1335 peccato.

363 1375 777 1454 impugnatio
858 1382 1076 1437 autem
1176 1373 1408 1435 harum
1506 1376 1839 1437 liaeresum

285 1496 482 1570 prout
538 1491 619 1553 ad
664 1496 1057 1569 praesentem
1130 1493 1467 1553 materiam
1535 1496 1841 1569 spectant

282 1610 536 1687 petitur
575 1624 656 1670 ex
686 1608 783 1682 iis,
823 1624 966 1688 quae
1015 1609 1425 1684 praecedenti
1485 1608 1839 1686 quaestione

282 1725 910 1802 praesupposuimuS,
945 1740 1090 1803 quae
1132 1737 1264 1784 non
1309 1723 1521 1787 solum
1565 1724 1843 1800 probant

281 1842 747 1902 necessitatem
823 1838 1153 1916 Baptismi,
1231 1837 1350 1899 sed
1439 1839 1634 1899 etiam
1698 1838 1843 1917 ejus

285 1954 648 2016 efficaciam
697 1953 919 2034 quoad
955 1955 1414 2016 remissionem
1462 1953 1738 2029 peccati,
1780 1957 1844 2013 et

288 2072 712 2136 collationem
741 2075 986 2154 gratiae,
1034 2076 1099 2135 in
1132 2091 1261 2153 qua
1293 2075 1656 2136 necessitas
1681 2074 1845 2153 ejus

288 2186 626 2252 fundatur.
670 2189 956 2252 Effectus
999 2206 1158 2269 ergo
1206 2192 1514 2267 Baptismi
1551 2193 1675 2265 est,
1710 2206 1843 2252 non

292 2303 502 2364 solum
587 2304 816 2366 tollere
897 2309 1238 2382 peccatum
1317 2306 1666 2384 originale,
1723 2303 1844 2365 sed

297 2420 487 2482 etiam
521 2422 824 2493 actualia,
861 2422 1083 2500 quoad
1131 2423 1390 2501 culpam
1426 2429 1492 2485 et
1549 2438 1838 2501 poenam.

128 2560 222 2605 ent.
297 2537 407 2597 Est
456 2533 539 2596 de
586 2534 737 2599 fide.
793 2535 1039 2599 Concil.
1089 2538 1439 2599 Florentin.
1478 2541 1546 2599 in
1590 2538 1839 2598 decreto

128 2618 230 2665 Μή·
302 2654 560 2715 unionis
601 2657 1051 2727 Armeniorum,
1112 2656 1567 2717 Tridentinum
1602 2672 1750 2716 sess.
1779 2655 1844 2717 6.

302 2786 444 2846 cap.
490 2773 551 2832 7.
605 2786 751 2832 sess.
812 2773 873 2833 7.
928 2788 1069 2835 can.
1116 2774 1176 2835 9.
1225 2789 1376 2833 sess.
1434 2772 1527 2833 14.
1580 2788 1722 2847 cap.
1791 2773 1843 2832 l.

298 2901 445 2947 sess.
491 2888 552 2947 5.
586 2888 663 2947 de
687 2891 939 2960 peccato
979 2888 1147 2963 orio.
1197 2902 1339 2947 can.
1386 2888 1446 2946 5.
1509 2885 1843 2966 Carthagi-

128 3029 249 3092 mag.
304 3013 512 3061 nense
570 3000 670 3061 lv,
744 3017 885 3077 cap.
952 3001 1003 3060 l.
1071 3001 1241 3063 inter
1301 2999 1612 3081 dogmata
1670 3000 1847 3075 fidei,

305 3130 448 3193 quae
513 3113 800 3194 profiteri
863 3114 1064 3178 debet
1120 3118 1505 3196 EpiscopuS,
1585 3117 1849 3197 quando

306 3236 756 3304 consecratur,
804 3233 1111 3309 proponit
1159 3232 1466 3295 eamdem
1512 3234 1850 3295 veritatem

307 3345 734 3424 profitendam
797 3366 812 3408 :
903 3350 1350 3421 Quaerendum,
1444 3349 1676 3428 inquit,
1773 3350 1852 3411 ab

307 3464 465 3524 eosi
505 3466 570 3523 in
620 3466 945 3541 Baptismo
1004 3466 1226 3526 omnia
1269 3473 1560 3541 peccata,
1620 3468 1690 3529 id
1743 3473 1853 3540 est,

307 3584 438 3640 tam
480 3581 652 3643 illud
680 3582 999 3659 originale
1046 3588 1464 3655 contractum,
1515 3599 1708 3659 quam
1735 3582 1857 3644 illa

315 3713 453 3773 quae
478 3698 845 3759 voluntarie
902 3700 1191 3760 admissa
1220 3705 1388 3772 sunt,
1421 3701 1853 3761 dimittantur.

318 3817 629 3887 Admissa,
675 3813 909 3893 inquit,
983 3819 1050 3877 et
1108 3831 1240 3875 non
1313 3817 1731 3888 admittenda,
1791 3821 1862 3877 ut

319 3929 541 4006 inepte
598 3930 900 3992 haeretiei.
964 3929 1266 3993 Martialis
1318 3930 1487 4007 Papa
1537 3930 1730 4007 epist.
1776 3928 1864 3990 ad

126 4063 275 4132 ninus]
323 4046 698 4122 TolosanoS,
736 4064 876 4125 cap.
917 4048 969 4108 l.
1018 4051 1128 4109 Vos
1156 4052 1327 4110 enim
1377 4048 1524 4108 estis
1570 4048 1863 4108 membra

127 4135 224 4188 ‘⁸⁹⁸’
328 4162 582 4236 Christi,
630 4170 686 4226 et
737 4180 973 4240 corpus
1013 4163 1533 4236 immaculatum,
1577 4181 1692 4225 nec
1744 4163 1863 4224 ali-

324 4293 448 4352 qua
509 4283 573 4340 in
627 4295 699 4341 re
740 4282 1245 4355 coinquinatum,
1306 4296 1508 4356 neque
1571 4280 1866 4342 sordibus

325 4393 710 4465 obvolutum,
789 4400 913 4456 etc.
973 4394 1205 4458 Subdit
1268 4395 1588 4468 rationem
1651 4415 1665 4455 :
1713 4399 1864 4475 jam

325 4514 493 4571 enim
545 4511 948 4586 sanctificati,
1012 4517 1069 4572 et
1127 4516 1426 4575 mundati
1491 4517 1636 4576 estis
1694 4532 1866 4592 aqua

326 4630 848 4704 reyenerationis,
908 4632 1034 4690 etc.
1085 4627 1448 4708 Cyprianus
1494 4629 1579 4691 de
1627 4631 1867 4692 abluti-

329 4757 449 4804 one
501 4742 750 4821 pedum
811 4760 825 4802 ε
887 4746 979 4804 De
1038 4742 1255 4805 abdito
1335 4750 1391 4804 et
1446 4747 1869 4807 secretissimo

333 4861 612 4934 Spiritus
678 4861 888 4922 sancti
933 4874 1221 4933 munere,
1269 4860 1463 4937 liujus
1520 4864 1742 4938 qratia
1784 4860 1864 4921 li-

335 4990 491 5048 quor
548 4981 829 5050 emanat,
870 4977 964 5035 sic
1019 4973 1246 5035 lavans
1308 4992 1464 5052 quos
1512 4978 1871 5052 parentalis·

336 5087 504 5151 labes
524 5092 854 5166 infecerat,
902 5096 969 5150 ut
1017 5108 1130 5151 nec
1172 5092 1464 5164 actualis,
1514 5109 1627 5153 nec
1668 5095 1868 5170 oriqi·

337 5207 500 5269 natis
554 5208 819 5269 macula
889 5210 996 5268 sui
1032 5212 1177 5284 post
1234 5207 1629 5269 ablutionem
1683 5210 1871 5270 illam

127 5369 281 5420 mant·
337 5327 595 5402 vestiqia
625 5325 1054 5402 derelinquat,
1087 5328 1212 5386 etc.
1264 5326 1631 5387 Lactantius
1661 5327 1770 5388 lib.
1806 5330 1867 5389 7.

344 5455 475 5518 cap.
522 5442 582 5502 5.
622 5445 782 5504 Cum
823 5441 1014 5501 homo
1064 5439 1302 5502 coelesti
1345 5441 1605 5502 lavacro
1643 5444 1872 5518 purili-

343 5566 511 5623 catus
561 5560 822 5637 exponit
881 5559 1231 5634 infantiam
1291 5576 1435 5622 cum
1501 5561 1683 5621 omni
1724 5560 1869 5622 labe

126 4663 269 4726 prinu.

3368 393 3482 456 393

1941 564 2086 626 vitoe
2124 563 2397 639 prioris,
2446 566 2505 633 et
2565 564 2955 624 incremento
3013 560 3217 622 divini
3258 559 3501 634 viyoris

1943 685 2227 755 accepto,
2299 678 2371 754 slt
2434 679 2626 740 ltomo
2695 678 3029 754 perfectus
3103 682 3159 739 et
3239 673 3494 751 plenus.

1946 793 2281 859 Rheticius
2369 791 2993 873 Augustodunensis
3052 790 3225 871 apud
3272 793 3492 870 Augu·-

1947 911 2191 970 stinum
2248 911 2358 971 lib.
2427 910 2477 969 l.
2528 913 2755 970 contra
2812 906 3164 979 lulianum,
3230 922 3374 983 cap.
3433 905 3491 966 3.

1948 1031 2125 1090 Ilanc
2168 1046 2298 1091 esse
2346 1028 2780 1106 principalem
2838 1029 2904 1088 in
2956 1027 3237 1089 Ecclesia
3281 1026 3499 1087 indul-

1945 1148 2233 1224 9entiam
2277 1146 2594 1205 neminem
2630 1148 2944 1220 praeterit,
2978 1146 3046 1205 in
3078 1160 3202 1218 quo
3247 1144 3505 1219 antiqui

1949 1262 2241 1323 criminis
2271 1275 2455 1321 omne
2495 1262 2751 1336 pondus
2793 1260 3201 1334 exponimus,
3235 1262 3291 1318 et
3322 1258 3500 1333 iqno·

1950 1378 2182 1438 rantiae
2236 1383 2467 1437 nostrae
2529 1377 2754 1452 prisca
2823 1375 3129 1449 facinora
3186 1372 3494 1445 delemus,

1954 1498 2079 1555 etc.
2138 1493 2248 1554 ubi
2307 1494 2593 1572 loquitur
2651 1490 2734 1553 de
2795 1493 3143 1566 Baptismo.
3223 1490 3497 1551 Ambro-

1952 1611 2087 1670 sius
2117 1610 2195 1672 de
2222 1610 2301 1669 iis
2345 1609 2461 1685 qui
2486 1609 2805 1683 mysteriis
2831 1606 3195 1678 initiantur,
3245 1621 3389 1682 cap.
3437 1604 3496 1667 3.

3552 851 3839 904 Rbelicius.

3532 1692 3851 1746 Ambrosius.

1952 1730 2137 1802 Aqua
2208 1730 2320 1796 est,
2384 1742 2515 1801 qua
2570 1740 2727 1785 caro
2783 1724 3127 1799 merqitur,
3172 1727 3243 1783 ut
3312 1736 3501 1784 omne
3590 1760 3797 1813 ffleron.

1955 1841 2269 1902 abluatur
2323 1844 2684 1916 peccatum,
2749 1839 3058 1915 sepelitur
3123 1838 3264 1898 illic
3317 1854 3507 1899 omne

1953 1960 2204 2021 vitium.
2253 1957 2688 2037 Hieronymus
2734 1956 2896 2018 libro
2955 1955 3272 2018 adversus
3314 1953 3509 2018 Ruffi·

1956 2092 2140 2148 num,
2199 2091 2342 2151 cap.
2405 2077 2467 2136 7.
2535 2078 2601 2134 et
2660 2073 2934 2151 epistola
2987 2074 3085 2135 83.
3151 2071 3237 2133 ad
3297 2072 3508 2134 Ocea-

1958 2208 2142 2261 num,
2205 2207 2348 2268 cap.
2408 2193 2466 2253 2.
2535 2192 2765 2253 Omnia
2829 2196 3067 2264 scorta,
3127 2196 3183 2251 et
3234 2190 3513 2266 publicae

1959 2306 2340 2369 colluvionis
2380 2309 2619 2375 sordes,
2668 2306 2964 2381 impietas
2995 2305 3059 2366 in
3094 2308 3322 2375 Deum,
3352 2318 3505 2380 par-

1957 2422 2267 2483 ricidium
2324 2427 2379 2480 et
2422 2424 2696 2482 incestus
2738 2421 2805 2480 in
2838 2422 3164 2497 parentes,
3215 2426 3406 2494 atque
3448 2419 3515 2478 in
3606 2465 3611 2469 .

1961 2539 2533 2601 extraordinarias
2579 2537 2935 2614 voluptates
2965 2530 3301 2612 utriusque
3323 2551 3517 2596 sexus

1961 2661 2217 2717 mutata
2259 2659 2523 2730 natura,
2594 2655 2838 2716 Christi
2888 2654 3063 2728 sonte
3113 2658 3510 2730 purqantur,

1964 2778 2089 2835 etc.
2144 2775 2378 2835 Omnia
2419 2773 2487 2832 in
2534 2772 2929 2849 Baptismate
2971 2770 3337 2831 condonata
3365 2773 3514 2829 sunt

1963 2892 2266 2959 crimina,
2313 2905 2428 2950 nec
2463 2894 2604 2965 post
2647 2887 3114 2965 indulyentiam
3151 2886 3400 2962 judicis
3429 2889 3516 2946 est

1963 3002 2308 3063 metuenda
2360 2999 2689 3073 severitas,
2747 3001 2992 3061 dicente
3033 2997 3339 3074 Apostolo
3376 3018 3397 3058 .-
3436 3001 3510 3059 Et

1961 3120 2095 3180 ltaec
2141 3119 2398 3196 quidem
2438 3117 2680 3193 fuistis,
2736 3118 2850 3178 sed
2905 3113 3119 3176 abluti
3170 3114 3335 3187 estis,
3409 3117 3523 3177 sed

1965 3237 2355 3312 sanctificati
2422 3237 2586 3308 estis,
2666 3238 2777 3297 sed
2833 3233 3182 3311 justificati
3250 3235 3397 3294 estis
3453 3235 3520 3295 in

1965 3353 2223 3414 nomine
2269 3352 2534 3413 Domini
2583 3353 2787 3412 nostri
2822 3353 2976 3411 Iesu
3024 3350 3281 3421 Christi,
3346 3354 3402 3409 et
3452 3351 3519 3411 in

1967 3472 2225 3551 Spiritu
2274 3471 2396 3532 Dei
2444 3471 2668 3542 nostri,
2719 3470 2937 3531 omnia
2974 3472 3238 3545 peccata
3281 3469 3521 3529 donata

1966 3594 2135 3662 sunt,
2186 3590 2314 3648 etc.

2053 3707 2131 3766 Ut
2161 3709 2395 3766 caetera
2440 3719 2600 3778 ergo
2633 3704 2922 3766 omittam
2955 3703 3176 3763 omnia
3226 3703 3332 3763 hic
3374 3702 3517 3779 ipse

1970 3821 2155 3882 locus
2229 3820 2408 3881 Pauli
2488 3822 2825 3884 veritatem
2892 3821 3062 3882 hanc
3152 3819 3523 3881 luculenter

1974 3936 2171 3999 docet
2204 3938 2253 3998 1.
2289 3937 2374 3998 ad
2405 3936 2691 3999 Corinth.
2727 3953 2873 4016 cap.
2907 3938 2967 3998 9.
3014 3938 3244 4009 Nolite,
3285 3937 3516 4015 inquit,

1974 4070 2224 4126 errare,
2270 4072 2474 4131 neque
2515 4055 2885 4130 fornicarii,
2932 4071 3134 4131 neque
3162 4055 3355 4117 idolis
3396 4072 3521 4116 ser-

1972 4173 2231 4243 vientes,
2262 4187 2463 4247 neque
2510 4170 2821 4241 adulteri,
2873 4189 3078 4248 neque
3131 4171 3376 4246 molles,
3410 4190 3519 4234 ne-

1977 4306 2098 4365 que
2127 4289 2567 4350 masculorum
2596 4290 3053 4363 concubitoreS,
3084 4305 3287 4366 neque
3327 4290 3522 4365 furis,

1974 4424 2178 4485 neque
2226 4407 2435 4472 avari.
2497 4422 2701 4483 neque
2750 4406 3009 4476 ebriosi,
3070 4421 3273 4481 neque
3326 4406 3523 4467 male·

1977 4525 2129 4594 dici,
2181 4538 2381 4598 neque
2438 4535 2735 4596 rapacem,
2781 4536 3053 4597 reynum
3088 4524 3208 4581 Dei
3241 4522 3523 4597 posside-

1979 4637 2177 4708 bunt‚·
2221 4642 2275 4696 et
2331 4635 2464 4696 haec
2524 4637 2780 4713 quidem
2838 4635 3081 4711 fuistis,
3152 4639 3279 4695 etc.
3357 4636 3527 4696 Sub-

1971 4752 2197 4833 jungit
2226 4749 2579 4815 efficaciam
2614 4750 2945 4829 Baptismi,
2982 4751 3096 4830 qui
3124 4750 3260 4813 haec
3309 4752 3529 4812 omnia

1982 4869 2273 4932 delevit:
2309 4870 2441 4930 Sed
2493 4868 2723 4939 abluti,
2773 4867 3005 4946 inquit,
3064 4871 3230 4940 estis,
3264 4873 3390 4930 etc.
3439 4869 3531 4930 Ex

1981 4985 2222 5065 quibus
2286 4984 2613 5065 colligitur
2671 4986 2912 5046 veritas
2972 4983 3125 5045 fidei
3182 4982 3445 5046 definita
3493 5000 3531 5044 a

1981 5102 2285 5173 ConciliS,
2349 5116 2589 5179 nempe
2647 5105 2943 5180 peccata,
3007 5105 3141 5161 tam
3213 5100 3529 5180 originale

1983 5236 2179 5297 quam
2250 5217 2549 5288 actualia,
2624 5233 2774 5297 quae
2851 5217 3232 5295 praecedunt
3307 5217 3526 5293 Bapti-

1982 5351 2199 5397 smum
2226 5333 2338 5415 (de
2383 5335 2482 5396 his
2518 5338 2695 5398 enim
2724 5336 2862 5414 agit
2891 5335 3128 5397 Paulus
3172 5333 3529 5412 dumtaxat)

1982 5471 2103 5532 per
2146 5454 2548 5530 Baptismum
2590 5453 2815 5516 deleri.
2871 5452 3064 5529 Quod
3111 5469 3270 5515 vero
3312 5450 3531 5515 futura

1984 5576 2258 5650 peccata
2319 5570 2664 5632 commissa
2714 5575 2865 5648 post
2921 5572 3348 5648 Baptismum,
3392 5585 3528 5631 non
