4255 6375
69 1531 235 1563 arsum

71 1594 144 1627 un
174 1581 235 1628 in

71 1648 261 1702 smate,

73 1709 127 1751 et

69 1765 266 1817 rmnti-

71 1845 138 1878 ue

71 1897 233 1942 atum.

71 3836 250 3886 'missio

69 3899 201 3950 ubilis

71 3970 170 4013 ncta

71 4026 235 4078 stolis.

1387 417 1591 479 DIST.
1639 418 1770 480 Vll.
1816 416 2187 493 QUAESTIO
2220 420 2265 480 l.

291 579 441 645 sola
475 580 699 666 nequit
730 581 1004 668 intelligi
1042 581 1389 667 promissio
1420 580 1660 646 Christi
1704 601 1846 667 spe·

289 693 509 772 cialis,
556 707 624 760 ut
665 708 839 781 patet
904 699 1046 761 Act.
1093 701 1157 762 8.
1221 708 1281 762 et
1342 701 1447 762 19.
1523 699 1591 762 ln
1637 697 1848 782 primo

287 811 442 876 loco
490 811 798 880 dicuntur
838 812 1136 898 baptizati
1194 815 1581 879 Samaritani
1615 835 1650 879 a
1702 814 1847 880 Phi-

287 929 503 1015 lippo,
555 951 684 1017 quo
750 930 971 996 audito
1022 930 1449 1017 Jerosolymis
1526 931 1848 996 miserunt

287 1044 387 1110 ad
429 1067 536 1111 cos
564 1047 834 1112 Petrum
856 1059 917 1113 ct
945 1048 1289 1125 loannem,
1330 1059 1400 1112 ut
1434 1048 1849 1133 imponerent

290 1181 536 1228 manus
571 1183 770 1249 super
829 1164 1001 1242 illos,
1067 1175 1128 1229 et
1184 1166 1561 1250 acciperent
1625 1164 1847 1249 Spiri-

293 1288 440 1343 tum
477 1289 775 1344 sanctum
799 1303 825 1359 ‚·
856 1279 1014 1345 dicit
1042 1279 1218 1345 enim
1244 1292 1462 1345 textus
1500 1280 1846 1347 :Nondum

295 1396 487 1461 enim
528 1396 600 1460 in
634 1417 1021 1483 quemquam
1071 1397 1345 1461 illorum
1376 1407 1667 1475 venerat,
1734 1396 1849 1461 scd

300 1514 634 1600 baptizati
681 1525 935 1580 tantum
984 1525 1176 1581 erant
1208 1517 1278 1579 in
1311 1516 1580 1579 nomine
1618 1516 1846 1578 Domi-

301 1630 384 1694 ni
421 1629 620 1708 lesem
678 1643 831 1696 tunc
879 1631 1301 1717 imponebant
1367 1651 1603 1695 memus
1650 1651 1850 1715 snper

304 1746 485 1824 illos,
558 1757 617 1812 et
680 1747 1092 1834 accipiebant
1124 1748 1455 1833 Spiritum
1520 1757 1841 1811 sanctum.

306 1862 477 1926 Cum
510 1863 782 1927 vidisset
828 1874 1045 1927 antem
1085 1863 1320 1927 Simon
1350 1860 1523 1947 quod
1566 1881 1687 1946 per
1719 1862 1847 1925 im-

290 1978 699 2061 positionem
748 1999 983 2042 manus
1022 1978 1488 2063 Apostolorum
1553 1978 1850 2061 Spiritus

293 2103 589 2172 sanctus,
629 2106 751 2173 etc,
797 2094 893 2160 sic
933 2092 1127 2160 etiam
1191 2095 1333 2159 Act.
1384 2096 1487 2159 19.
1542 2092 1849 2158 dicuntur

292 2210 585 2296 primum
676 2210 988 2297 baptizari
1059 2210 1150 2275 illi
1229 2208 1533 2295 discipuli
1582 2209 1848 2275 loannis

290 2326 628 2412 Baptistae,
701 2338 763 2392 et
833 2348 987 2392 mox
1054 2347 1168 2411 per
1217 2347 1451 2392 manus
1529 2324 1848 2411 impositi-

292 2454 493 2499 onem
545 2434 778 2500 factam
826 2456 861 2500 a
902 2434 1125 2514 Pau10,
1173 2434 1498 2519 recepisse
1528 2433 1844 2519 Spiritum

288 2561 622 2629 sanctum,
696 2561 1003 2637 tanquam
1064 2549 1399 2616 diversum
1442 2549 1713 2629 donum,
1767 2549 1845 2615 ab

287 2686 372 2731 eo
402 2667 573 2752 quod
608 2676 993 2753 receperunt
1045 2665 1109 2730 in
1155 2665 1569 2751 baptismate.
1801 2666 1805 2671 ’

389 2785 731 2862 Praeterea,
822 2804 951 2848 non
1019 2795 1119 2849 est
1194 2781 1465 2849 dubium
1526 2781 1846 2868 plurimos

294 2899 504 2965 fuisse
537 2899 917 2986 baptizatos,
962 2899 1300 2986 supposita
1331 2898 1664 2964 communi
1698 2920 1842 2964 sen-

296 3016 503 3081 tentia
552 3016 630 3080 de
671 3016 1000 3102 Baptismo
1059 3015 1358 3081 instituto
1434 3027 1582 3080 ante
1631 3015 1846 3101 passi-

292 3150 492 3196 onem
541 3130 808 3211 Christi,
882 3130 1053 3216 quod
1104 3129 1346 3196 fuerint
1384 3131 1578 3197 etiam
1632 3131 1846 3217 bapti-

295 3248 423 3313 zati
464 3248 795 3334 Baptismo
861 3249 1152 3329 loannis,
1216 3248 1387 3335 quod
1440 3246 1712 3335 perinde
1749 3263 1848 3314 est

294 3362 471 3449 apud
539 3363 914 3443 haereticos;
994 3377 1211 3431 tamen
1258 3366 1538 3431 Ioannis
1597 3368 1659 3430 7.
1717 3385 1845 3430 non

298 3480 587 3567 loquitur
653 3481 979 3561 ChristuS‚
1053 3492 1123 3548 ut
1172 3482 1440 3568 exponit
1498 3482 1845 3568 Evangeli-

301 3609 428 3674 sta‚
479 3595 562 3662 de
610 3598 858 3684 Spiritu
910 3610 1169 3684 recepto
1213 3598 1277 3663 in
1310 3597 1662 3686 BaptismO,
1732 3598 1848 3665 secl

304 3734 490 3800 quem
530 3715 871 3800 accepturi
927 3725 1135 3780 essent
1172 3715 1507 3780 credentes
1539 3715 1609 3779 in
1652 3736 1797 3779 eum
1822 3739 1847 3793 ,·

305 3844 367 3897 et
431 3832 761 3917 Apostolis
810 3832 976 3897 facta
1026 3844 1126 3897 est
1175 3832 1523 3917 promissio
1564 3832 1847 3917 Spiritus

302 3948 534 4028 sancti,
581 3950 776 4013 Lucoe
813 3951 921 4013 24.
987 3959 1048 4013 ct
1094 3949 1373 4013 loannis
1434 3952 1542 4015 14.
1578 3951 1715 4015 Act.
1766 3954 1835 4013 1.

301 4086 451 4153 quae
510 4063 858 4150 promissio
890 4063 1053 4130 facta
1091 4075 1346 4129 estnon
1417 4063 1494 4128 ad
1560 4075 1844 4151 tempuS,

295 4180 410 4248 sed
498 4200 796 4266 semper3
886 4190 951 4246 et
1035 4178 1249 4265 reipsa
1325 4179 1643 4265 completa
1723 4191 1843 4259 est,

294 4297 440 4361 Act.
480 4299 544 4362 2.
593 4295 853 4384 quando
901 4294 1293 4361 adveniente
1338 4293 1578 4381 Spiritu
1626 4308 1848 4362 sancto

299 4410 511 4477 induti
544 4423 698 4477 sunt
746 4413 991 4477 virtute
1030 4432 1114 4475 cx
1143 4412 1301 4490 alm,
1340 4412 1529 4497 juxta
1572 4410 1845 4496 promis-

294 4529 551 4595 sionem
594 4528 854 4593 factam.
895 4532 985 4593 De
1015 4529 1136 4592 hac
1170 4527 1482 4593 missione
1532 4526 1847 4612 interpre-

292 4658 473 4711 tatur
555 4649 784 4710 Petrus
863 4644 1273 4732 prophetiam
1358 4644 1598 4722 Joelis;
1690 4665 1847 4731 ergo

295 4761 650 4850 promissio
700 4761 809 4826 illa
854 4782 983 4827 non
1038 4761 1428 4848 intelligitur
1477 4761 1556 4826 de
1604 4760 1847 4847 Spiritu

294 4888 549 4959 sancto,
588 4889 657 4944 ut
688 4877 880 4944 datur
912 4876 1236 4943 mediante
1269 4878 1595 4964 Baptismo
1623 4900 1637 4955 ;
1675 4877 1848 4964 quod

299 5014 461 5080 ergo
510 4992 667 5059 dicit
699 4997 927 5059 Petrus
966 4992 1193 5059 eodem
1238 4993 1419 5060 loco:
1462 4994 1851 5079 Baptizctur

304 5112 751 5196 unias-quisquc
817 5120 1124 5189 vestrum,
1200 5120 1324 5177 ete.
1394 5121 1456 5174 ct
1510 5112 1851 5196 accipietis

72 5225 557 5354 {g{}⁸nt,},d⁰n²‘m
619 5226 916 5312 Spiritus
988 5226 1223 5305 sancti,
1273 5238 1392 5291 etc,
1441 5247 1567 5291 non
1636 5225 1849 5292 solum

71 5351 194 5399 tiam

76 5414 259 5468 firmati

71 5483 181 5527 runt.

310 5343 700 5431 intelligitur
730 5344 809 5410 de
841 5344 1009 5408 dono
1054 5343 1459 5410 remissionis
1499 5355 1562 5409 ct
1610 5343 1849 5409 sancti·

312 5462 632 5528 ficationis
675 5482 787 5548 per
847 5460 1271 5546 Baptismum,
1337 5461 1449 5527 sed
1509 5462 1700 5527 etiam
1772 5461 1852 5527 de

310 5581 482 5647 dono
556 5578 1092 5646 sanctificationis
1169 5599 1285 5664 per
1360 5579 1850 5667 impositionem

3402 421 3521 485 659

1962 601 2295 658 manuum,
2335 602 2482 668 quae
2511 583 2729 649 statim
2791 605 2869 650 ex
2928 587 3112 671 praxi
3147 587 3509 673 primitivae

1956 696 2270 764 Ecclesiae
2331 697 2523 764 fiebat
2565 721 2764 785 super
2811 701 3152 788 baptizatis
3211 703 3289 769 ad
3330 726 3506 771 com-

1961 813 2466 879 municationem
2510 815 2815 900 SpirituS,
2879 820 3138 903 quando
3188 833 3325 885 erat
3384 842 3510 906 op-

1960 930 2321 1013 portunitas
2413 929 2718 1002 ministri.
2795 945 2864 999 ut
2933 947 3105 1020 patet
3176 938 3317 1000 Act.
3396 939 3501 1002 19.

1961 1064 2170 1131 neque
2210 1047 2526 1133 Apostoli,
2601 1051 2903 1132 quamvis
2970 1051 3034 1116 id
3104 1072 3232 1117 non
3292 1052 3512 1137 expri-

1959 1164 2261 1227 maturin
2304 1164 2662 1249 Scriptura,
2709 1166 2848 1231 loco
2880 1167 3074 1245 dicto,
3113 1166 3510 1234 distulerunt

1958 1276 2532 1345 Confirmationem
2573 1280 2980 1347 credentium
3033 1283 3503 1369 baptizatorum

1956 1393 2405 1478 lerosolymis‚
2453 1395 2561 1482 qui
2623 1406 2865 1462 tantam
2928 1419 3176 1479 curam,
3223 1402 3365 1465 Act.
3439 1404 3503 1465 8.

1958 1520 2311 1592 gesserunt
2375 1510 2961 1591 Samaritanorum,
3043 1525 3113 1580 ut
3209 1514 3510 1580 miserint

1958 1622 2035 1688 ad
2077 1645 2189 1690 eos
2258 1627 2518 1692 Petrum
2561 1641 2626 1694 et
2690 1632 3026 1709 loannem,
3096 1641 3166 1695 ut
3234 1630 3506 1715 imposi-

1960 1738 2138 1805 tione
2184 1762 2494 1808 manuum
2545 1743 2777 1810 darent
2842 1746 2936 1811 eis
2993 1745 3308 1831 Spiritum
3351 1766 3500 1811 san-

1959 1867 2162 1922 ctum.

2048 1976 2271 2058 Neque
2314 1973 2509 2040 refert
2539 1976 2711 2062 quod
2763 1981 2990 2044 Petrus
3022 1981 3162 2044 Act.
3221 1983 3318 2045 10.
3374 2001 3502 2046 non
3589 1997 3761 2068 ‘Quid

1959 2087 2216 2175 legatur
2285 2111 2515 2157 manus
2608 2092 3002 2180 imposuisse
3077 2094 3373 2162 Cornelio
3442 2109 3504 2163 et
3547 2059 3820 2171 dmeggtum

1959 2204 2105 2270 aliis
2174 2227 2320 2272 cum
2409 2229 2484 2273 eo
2542 2208 2980 2289 credentibu3‚
3038 2210 3188 2298 quia
3262 2234 3342 2277 ex
3400 2233 3503 2278 ea·
3557 2183 3814 2238 Cornelio.

1959 2319 2102 2386 dem
2159 2325 2588 2409 congruentia
2645 2325 2704 2390 id
2790 2326 3029 2393 factum
3065 2327 3504 2414 subintelligi-

1958 2449 2087 2516 tur,
2126 2451 2190 2504 et
2228 2454 2541 2507 consueto
2599 2463 2748 2524 usu,
2805 2443 2929 2510 nisi
2981 2444 3275 2511 dicamus
3326 2445 3504 2532 ipsos

1959 2575 2087 2619 non
2133 2555 2523 2642 indiguisse,
2591 2559 2742 2645 quia
2801 2581 2916 2646 per
2971 2561 3501 2647 anticipationem

1958 2691 2038 2735 ex
2084 2673 2349 2759 speciali
2395 2674 2740 2762 privilegio
2766 2677 3323 2764 jamjreceperant
3367 2678 3504 2762 Spi-

1959 2787 2155 2853 ritum
2225 2802 2548 2868 sanctum,
2622 2793 2813 2857 etiam
2857 2805 3005 2859 ante
3075 2794 3500 2878 Baptismum,

1955 2901 2033 2969 ad
2105 2905 2635 2990 praedicationem
2708 2909 2904 2989 Petri,
2984 2912 3154 2975 sicut
3236 2922 3300 2975 et
3379 2910 3504 2994 ipsi

1957 3022 2246 3105 Apostoli
2284 3043 2365 3088 ex
2407 3024 2732 3110 frequenti
2784 3025 3104 3091 sententia
3143 3024 3505 3112 Theologo-

1958 3156 2104 3203 rum
2139 3138 2401 3205 fuerunt
2430 3139 2796 3206 confirmati
2822 3141 2886 3207 in
2920 3141 3022 3207 die
3056 3146 3495 3222 PentecosteS‚

1962 3255 2022 3320 iu
2059 3277 2222 3343 quos
2264 3257 2618 3325 descensus
2650 3259 2931 3326 visibilis
2980 3261 3261 3346 Spiritus
3293 3261 3500 3326 sancti

1959 3372 2484 3440 Confirmationis
2516 3374 2655 3441 loco
2687 3375 2829 3441 fuit.
2867 3375 3028 3443 Vide
3060 3378 3500 3461 Augustinum
3556 3368 3840 3435 Angustia.

1963 3485 2074 3550 lib.
2120 3489 2228 3551 50.
2263 3488 2495 3552 homil.
2539 3492 2646 3553 23.
2684 3512 2740 3556 c.
2798 3492 2903 3555 12.
2941 3491 3048 3555 ubi
3084 3511 3343 3557 causam
3375 3491 3503 3558 hu-

1950 3600 2065 3685 jus
2104 3603 2432 3690 privilegii
2479 3619 2653 3673 recte
2693 3608 2982 3692 exponit,
3039 3620 3102 3673 et
3140 3610 3506 3675 communi-

1959 3718 2279 3784 cationem
2367 3720 2650 3807 Spiritus
2725 3724 2930 3789 sancti
3025 3745 3140 3810 per
3190 3746 3504 3791 manuum

1963 3831 2446 3916 impositionem
2487 3834 2816 3901 diversam
2876 3837 3024 3903 facit
3071 3859 3105 3903 a
3148 3840 3501 3927 Baptism0‚

1959 3967 2337 4032 supponens
2418 3970 2533 4035 per
2609 3950 2784 4016 illam
2886 3952 3200 4039 Spiritum
3269 3976 3508 4022 consu-

1960 4074 2136 4128 etum
2189 4075 2326 4130 tum
2369 4065 2575 4131 fuisse
2606 4064 2869 4133 datum:
2931 4069 3166 4134 Adhuc
3206 4071 3507 4156 loqu-ente

1961 4178 2180 4258 Petro,
2219 4179 2453 4268 inquit,
2480 4203 2617 4246 non
2648 4181 2798 4246 dico
2827 4185 3124 4249 nondum
3164 4187 3507 4272 imponen-

1961 4306 2019 4359 tc
2059 4318 2348 4376 manum,
2394 4298 2511 4363 sed
2559 4301 2852 4366 nondum
2911 4304 3113 4367 etiam
3160 4303 3506 4389 baptizan-

1961 4421 2040 4491 te,
2088 4426 2210 4478 etc.
2286 4416 2464 4480 venit
2506 4416 2803 4500 Spiritus
2859 4430 3143 4499 sanctus,
3205 4423 3506 4507 implevit

1964 4532 2372 4611 Cornelium,
2420 4546 2541 4599 etc,

2050 4648 2194 4712 Dixi
2228 4668 2426 4729 supra
2453 4649 2517 4713 in
2552 4649 2883 4735 primitiva
2907 4652 3187 4718 Ecclesia
3214 4653 3504 4720 liaecduo
3655 4667 3709 4717 6.

1960 4764 2373 4830 Sacramenta
2415 4765 2763 4851 conjuncta
2801 4767 2945 4834 data
3009 4790 3179 4848 csse,
3244 4773 3504 4858 quando

1959 4880 2411 4964 opportunitas
2443 4881 2726 4947 ministri
2761 4882 3289 4952 Confirmationis
3321 4888 3507 4955 ades-

1960 5006 2079 5076 set,
2125 4995 2278 5082 quia
2325 4996 2449 5062 hoc
2506 4998 2945 5065 ministerium
3013 5001 3091 5066 ad
3162 5004 3504 5089 Apostolos

1960 5111 2133 5178 solos
2172 5122 2329 5179 tunc
2368 5115 2723 5199 spectabat,
2767 5113 2894 5200 (''ut
2951 5116 3118 5183 infra
3158 5118 3503 5207 dicemus)

1962 5229 2071 5312 qui
2117 5249 2243 5292 non
2287 5241 2586 5313 poterant
2616 5230 2922 5298 omnibus
2963 5233 3191 5299 adesse
3232 5235 3294 5299 in
3329 5238 3508 5320 prin-

1962 5344 2155 5429 cipio.
2248 5348 2679 5433 Conjunctum
2774 5359 2989 5415 autem
3071 5350 3507 5419 ministerium

1964 5461 2308 5549 utriusque
2367 5465 2792 5544 Sacramenti‚
2837 5478 3014 5552 patet
3070 5489 3149 5533 ex
3209 5471 3512 5537 Patribus

1963 5602 2161 5667 supra
2208 5580 2420 5649 citatis
2461 5582 2536 5647 ad
2582 5582 2841 5649 initium
2882 5586 3257 5667 commenti,
3309 5590 3513 5674 expli·
