4255 6375
797 310 917 375 378

796 485 1110 542 mentum.
1219 472 1366 556 Qui
1422 472 1636 545 enim
1695 470 2111 546 effundunt
2171 489 2346 542 san·

802 589 1129 681 guinem
1171 610 1320 682 pro
1361 589 1689 662 nomine
1732 590 1955 669 Jesu‚
1998 588 2157 661 etsi
2187 605 2348 658 non

798 711 1328 787 Sacramentum,
1383 730 1523 774 rem
1573 708 1849 777 tamen
1889 704 2335 796 accipiunt.

577 910 587 918 ,
801 825 1022 898 Unde
1118 824 1622 915 Augustinus
1677 849 1693 894 ε
1744 853 1772 887 α
1821 823 2346 916 Quicumque,

453 907 966 1048 19ἔ,ῑι,ο“ιῖζ»ιῖἰὶ.7’ῐιοῐι
1036 945 1419 1034 percepto
1509 940 2159 1032 regenerationis
2236 941 2351 1013 la-

476 1036 749 1148 ⁰9¹{²„·„,⁷⁷·
806 1078 1083 1139 vacro,
1193 1078 1341 1151 pro
1445 1056 1953 1133 confessione
2042 1057 2352 1132 Christi

482 1162 727 1213 manum·
809 1174 1301 1257 moriuntur,
1373 1178 1692 1250 tantum
1770 1174 1888 1247 eis
1963 1174 2184 1249 valet
2260 1176 2355 1248 ad

805 1290 1280 1366 dimittenda
1357 1296 1716 1384 peccata,
1814 1294 2206 1384 quantum
2286 1291 2355 1364 si

806 1406 1342 1480 abluerentur
1409 1428 1647 1481 sacro
1736 1407 1958 1482 fonte
2044 1409 2353 1502 Baptis-

807 1525 918 1597 mi
1007 1554 1066 1594 ».
1142 1508 1496 1608 Auditis(
1568 1526 1773 1618 quod
1856 1526 2129 1618 passio
2206 1546 2354 1619 pro

806 1640 1135 1714 nomine
1195 1643 1386 1714 Jesu
1451 1646 1829 1734 suscepta
1884 1642 2207 1736 supplet
2249 1642 2357 1715 vi-

479 1758 782 1886 lassgassffe
806 1778 977 1830 cem
1051 1754 1478 1851 Baptismi.
1548 1760 1713 1831 Nec
1766 1763 2086 1833 tantum
2133 1763 2360 1848 passio

541 1892 719 1933 contra
807 1871 1067 1945 Vlcem
1108 1872 1511 1964 Baptismi
1562 1872 1866 1966 implet,
1925 1873 2057 1945 sed
2106 1872 2358 1947 etiam

492 1947 752 2081 afflig-itin
805 1992 974 2075 sides
1021 2003 1082 2057 et
1140 1993 1478 2072 contritiO,
1525 1990 1659 2062 ubi
1726 1990 2176 2064 necessitas
2230 2010 2359 2062 ex-

460 2078 1056 2206 Lu03¹¹2¹{',.201ud1t
1108 2107 1753 2188 Sacramentum,
1809 2106 2025 2180 sicut
2076 2110 2360 2199 aperte

505 2194 562 2244 ¹⁰
592 2204 741 2307 ἔξω·
810 2222 1040 2296 docet
1098 2221 1600 2312 Augustinus
1640 2220 1960 2295 dicens:
1999 2250 2028 2286 α
2092 2221 2359 2314 Bapti-

461 2320 968 2437 ³3ss²52⁸331¹¹smi
1011 2340 1270 2413 vicem
1334 2340 1762 2433 aliquando
1823 2339 2166 2431 implere
2212 2364 2362 2429 pos·

606 2452 658 2496 ‘³‘
808 2459 1087 2539 sionem,
1139 2457 1230 2529 de
1271 2456 1595 2530 latrone
1640 2455 1782 2529 illo
1824 2456 1955 2529 cui
2014 2476 2176 2527 non
2233 2455 2362 2529 ba·

461 2509 527 2558 de
555 2522 782 2562 consecr.

503 2572 752 2707 sssssgissss
821 2571 1123 2661 Dtizato
1188 2572 1492 2647 dictum
1561 2576 1686 2647 est
1750 2599 1764 2643 ε
1838 2574 2048 2641 Hodie
2113 2596 2365 2641 mecum

496 2716 736 2817 Rgsseniib
811 2691 1054 2757 crisin
1111 2691 1456 2777 paradiso,
1547 2689 1831 2763 beatus
1903 2688 2362 2781 Cyprianus

528 2799 643 2881 10.'
740 2802 753 2814 '
813 2812 887 2876 in
919 2811 1033 2876 lib.
1079 2809 1142 2879 4.
1182 2808 1263 2875 de
1294 2810 1659 2895 Baptismo,
1705 2826 1865 2878 non
1898 2806 2074 2879 leve
2133 2807 2364 2880 docu-

818 2929 1179 2998 mentum
1222 2924 1595 2996 assumit.
1645 2925 1865 3007 Quod
1912 2943 2062 3015 ego
2109 2924 2364 2998 etiam

816 3046 1060 3135 atque
1119 3042 1372 3116 etiam
1436 3042 1962 3114 considerans
2010 3041 2363 3127 inveni0,

813 3180 976 3232 non
1037 3163 1356 3234 tantum
1408 3164 1785 3250 passionem
1830 3180 1978 3253 pro
2038 3160 2365 3233 nomine

817 3275 1126 3352 Christi
1197 3276 1269 3348 id
1340 3277 1545 3369 quod
1585 3274 2009 3369 Baptismo
2057 3277 2361 3359 deerat,

819 3413 1057 3486 posse
1125 3393 1528 3487 supplere,
1620 3393 2086 3483 sed,etiam
2161 3396 2367 3480 sidem

815 3514 1438 3600 conversionemque
1495 3511 1789 3588 cordis,
1862 3511 1931 3583 si
1991 3510 2208 3584 forte
2270 3512 2365 3583 ad

821 3627 1387 3702 celebrandum
1431 3627 1920 3719 mysterium
1962 3628 2368 3721 Baptismi

821 3746 902 3819 in
971 3745 1374 3837 angustiis
1452 3748 1916 3838 temporum
1995 3747 2366 3821 succurri

476 3913 699 3964 Dubium
739 3912 787 3967 ¹·
825 3884 987 3936 non
1020 3866 1314 3955 potest.
1368 3863 1645 3955 Neque
1683 3861 1901 3935 enim
1951 3861 2089 3935 ille
2144 3863 2368 3937 latro

826 3999 980 4074 pro
1011 3977 1340 4051 nomine
1370 3976 1683 4053 Christi
1731 3977 2174 4052 crucifixus
2215 3980 2365 4060 est,

825 4096 959 4169 sed
1038 4116 1189 4189 pro
1277 4093 1597 4168 meritis
1688 4093 2150 4168 facinorum
2247 4117 2372 4168 su-

824 4232 1105 4294 orum;
1186 4230 1329 4287 nec
1391 4210 1579 4304 quia
1646 4211 2006 4294 credidit,
2080 4231 2370 4304 passus

823 4332 972 4411 est,
1011 4328 1146 4401 sed
1178 4327 1365 4399 dum
1411 4326 1749 4421 patitur,
1786 4326 2067 4402 credit.
2114 4331 2373 4410 Quan-

826 4447 1001 4518 tum
1051 4443 1304 4534 igitur
1353 4442 1544 4516 fides
1588 4444 1860 4516 valeat
1910 4443 2163 4516 etiam
2198 4442 2372 4516 sine

826 4561 1128 4636 visibili
1266 4561 1669 4654 Baptismi
1811 4564 2372 4645 SacramentO,

829 4681 1034 4774 quod
1084 4680 1199 4753 ait
1259 4679 1702 4772 Apostolus
1749 4706 1765 4751 t
1816 4682 2035 4749 Corde
2076 4682 2377 4748 creditur

828 4800 918 4866 ad
959 4800 1324 4888 justiliam,
1378 4821 1493 4865 ore
1529 4809 1746 4866 aulem
1795 4800 2123 4885 confessio
2171 4801 2249 4882 sit
2286 4800 2377 4866 ad

823 4920 1128 5000 salutem,
1187 4914 1270 4988 in
1315 4914 1456 4989 illo
1499 4914 1823 4989 latrone
1870 4914 2376 4989 declaratum

827 5036 993 5113 est:
1048 5032 1181 5106 sed
1252 5036 1440 5106 tunc
1503 5030 1895 5124 impletur
1952 5029 2381 5131 invisibili-

828 5155 983 5233 ter,
1022 5171 1206 5223 cum
1253 5149 1738 5242 mysterium
1783 5147 2185 5241 Baptismi
2218 5167 2378 5220 non

833 5269 1348 5359 contemptus
1388 5263 1838 5357 religionis,
1886 5265 2022 5338 sed
2079 5264 2379 5338 articu-

836 5384 965 5456 lus
995 5382 1513 5457 necessitatis
1546 5381 1927 5455 excludit.
1975 5384 2074 5454 Et
2107 5381 2379 5474 Bapti-

840 5521 1063 5575 smus
1105 5500 1421 5597 quidem
1461 5504 1730 5596 potest
1770 5521 1974 5586 esse,
2029 5500 2163 5574 ubi
2201 5520 2384 5575 con-

1948 309 2095 373 Lm.
2129 310 2231 372 IV.
2264 308 2864 377 ssfflu’rmnml

2458 469 2741 544 versio
2803 471 3077 545 cordis
3129 470 3520 555 defuerit;
3580 477 3927 550 conversio

2461 591 2738 661 autem
2779 591 3049 664 cordis
3091 596 3364 685 potest
3436 591 3735 684 quidem
3783 593 3933 668 ines·

2462 724 2574 786 se,
2618 729 2754 775 non
2807 719 3120 796 percepto
3161 706 3611 800 BaptismO,
3670 708 3785 780 sed
3826 734 3935 779 con·

2462 835 2704 909 tempto
2750 822 3201 914 Baptismo,
3268 844 3426 896 non
3499 827 3784 917 potest;
3832 846 3934 900 nec

2462 937 2630 1010 ullo
2709 938 2942 1011 modo
2991 939 3319 1012 dicenda
3395 944 3522 1014 est
3581 943 3932 1015 conversio

2466 1054 2736 1129 cordis
2787 1056 2882 1128 ad
2939 1058 3224 1139 Deum,
3289 1077 3472 1129 cum
3531 1057 3674 1130 Dei
3727 1061 3940 1132 Sacra-

2470 1177 2828 1247 mentum
2889 1174 3447 1259 contemnitur
3510 1202 3568 1242 ».
3624 1176 3806 1248 Ecce
3844 1174 3935 1249 hic

2467 1289 2738 1371 habes,
2821 1311 2982 1364 non
3062 1293 3323 1365 solum
3395 1297 3780 1382 passionem,
3844 1296 3940 1367 sed

2468 1405 2719 1480 etiam
2767 1411 2972 1493 fidem
3010 1421 3070 1476 et
3106 1413 3576 1477 contritionem
3633 1408 3939 1482 conferre

2470 1526 3063 1608 remissionem,
3128 1527 3261 1600 ubi
3325 1548 3487 1600 non
3564 1531 3940 1601 contemni·

2471 1651 2610 1720 tur
2673 1647 3320 1725 Sacramentum,
3387 1647 3474 1716 ut
3546 1644 3625 1717 in
3692 1645 3943 1718 latrone

2469 1760 2612 1833 illo
2658 1759 3136 1843 ostenditur,
3183 1761 3316 1852 qui
3366 1781 3526 1832 non
3568 1780 3715 1852 per
3756 1762 3943 1853 passi-

2475 1897 2735 1959 onem,
2782 1876 2911 1948 sed
2949 1897 3093 1969 per
3159 1876 3392 1950 fidem
3452 1876 3804 1950 salvatus
3854 1882 3941 1950 est

2472 1995 2644 2065 sine
2694 1993 3142 2085 Baptismo.
3190 1993 3334 2068 Sed
3365 1994 3644 2069 dicunt
3694 1993 3943 2087 quidam
3975 2064 3981 2095 1
4011 2056 4037 2096 a.

2473 2109 3019 2200 Augustinum
3079 2108 3229 2182 hoc
3304 2112 3816 2184 retractasse.
3848 2110 4028 2190 Re-s,

2473 2225 2871 2299 tractavit
2975 2226 3290 2317 quidem
3393 2230 3780 2316 exemplum,
3856 2226 4013 2297 sed

2474 2363 2635 2415 non
2681 2348 3099 2413 sententiam.
3163 2343 3298 2417 Ait
3346 2343 3561 2416 enim
3600 2347 3677 2411 in
3718 2345 3777 2415 4.
3829 2346 3953 2411 libro

2475 2461 2557 2527 de
2603 2463 2945 2547 Baptismo
2978 2487 3000 2527 .·
3040 2488 3068 2522 α
3117 2461 3313 2534 Cum
3348 2458 3724 2541 dicerem,
3754 2457 3953 2529 vioem

2476 2573 2878 2667 Baptismi
2926 2596 3161 2667 posse
3192 2573 3490 2647 habere
3533 2574 3953 2668 passionem.

2475 2708 2637 2762 non
2680 2690 2884 2763 satis
2938 2690 3312 2763 idoneum
3372 2692 3605 2783 posui
3657 2690 3855 2763 illius
3885 2689 3956 2758 la»

2479 2806 2745 2879 tronis
2840 2806 3323 2899 exemplum,
3434 2807 3646 2900 quia,
3743 2810 3955 2877 utrum

2478 2944 2638 2996 non
2705 2922 2955 2997 fuerit
3035 2924 3525 3017 baptizatus,
3622 2925 3956 2998 incertum

2475 3043 2598 3112 est
2666 3069 2724 3110 ».
2789 3044 3130 3115 Constat
3192 3042 3472 3132 igitur,
3528 3042 3695 3114 sine
3751 3040 3958 3133 Bapti-

2478 3178 2652 3231 smo
2705 3157 3022 3250 aliquos
3074 3157 3519 3252 justificari
3569 3161 3646 3232 et
3688 3155 3956 3230 salvari.

2476 3274 2696 3349 Unde
2728 3275 3209 3349 Ambrosius
3267 3275 3359 3348 de
3395 3275 3954 3350 Valentiniano:

2482 3421 2510 3454 α
2559 3393 2860 3460 Ventrem
2888 3415 3100 3460 meam
3157 3394 3368 3473 doleo,
3408 3394 3496 3464 ut
3548 3387 3956 3484 prophetico
3980 3389 4044 3490 ¹

2478 3509 2670 3580 utar
2734 3507 3081 3600 eloquio,
3157 3507 3345 3600 quia
3395 3528 3630 3600 quem
3697 3521 3957 3597 regene
4014 3532 4028 3607 ¹-

2480 3628 2817 3697 raturus
2890 3643 3120 3697 eram
3188 3623 3475 3706 amisi;
3537 3623 3672 3697 ille
3740 3626 4024 3738 tamenne

2479 3738 2863 3831 gratiam,
2910 3760 3151 3833 quam
3192 3740 3593 3834 poposcit,
3625 3758 3777 3814 non
3803 3734 4016 3810 ami-

2482 3857 2590 3931 Slt
2636 3886 2694 3926 D·
3971 3884 4026 3935 Jir·

2579 4114 2739 4190 Quoe
2820 4112 3136 4181 videntur
3215 4114 3488 4180 obviare
3565 4111 3894 4201 proedictis.

2576 4326 2723 4399 His
2757 4326 3028 4399 autem
3076 4325 3399 4399 videtur
3449 4325 3767 4398 obviare
3801 4319 3955 4415 quod

2483 4442 2880 4518 Dominus
2913 4440 3030 4515 ait
3073 4468 3089 4512 :
3129 4443 3279 4510 Nisi
3315 4446 3466 4531 quis
3504 4454 3769 4511 renatus
3795 4437 3955 4528 fuerit
3980 4465 4010 4502 ιΧ

2486 4588 2572 4634 em
2633 4585 2809 4651 aqua
2863 4574 2924 4629 et
2981 4562 3248 4650 Spiritu
3306 4572 3561 4641 sancto,
3622 4580 3749 4626 non
3792 4520 4012 4644 potest}

2485 4684 2749 4750 intrare
2798 4683 2873 4747 in
2924 4699 3204 4767 reqnum
3256 4678 3592 4745 coelorum.
3668 4669 3860 4756 Quod
3906 4664 3952 4738 si
4003 4732 4006 4739 ,

2491 4793 2990 4889 generaliter
3037 4810 3322 4864 verum
3373 4792 3523 4873 est,
3559 4808 3711 4862 non
3747 4785 3952 4858 viden·

2486 4917 2627 4988 tur
2657 4932 2836 4985 esse
2874 4928 3075 4983 vera
3105 4907 3483 5001 superius
3535 4906 3807 5002 posita.
3850 4896 3953 4973 Sed

2489 5029 2682 5104 illud
2734 5025 3345 5118 intelligendum
3388 5028 3516 5098 est
3553 5025 3640 5097 de
3683 5021 3819 5102 his,
3860 5010 3950 5108 qui

2491 5149 2833 5242 possunt
2882 5149 2964 5219 et
3022 5147 3551 5218 contemnunt
3586 5129 3948 5233 baptizat-iz

2489 5265 2617 5338 vel
2669 5264 2786 5336 ita
2835 5260 3444 5353 intelligendum
3474 5262 3644 5334 est:
3687 5256 3818 5325 Nisi
3850 5251 3949 5340 quis

2489 5395 2762 5453 renatus
2789 5378 3002 5468 fuerit
3030 5403 3115 5448 ex
3157 5402 3333 5469 aqua
3369 5391 3431 5446 et
3477 5378 3732 5467 Spiritu
3759 5376 3942 5442 sancto,

2494 5501 2570 5575 id
2643 5503 2795 5583 est,
2846 5518 2941 5573 ea
2998 5496 3641 5592 regeneratione,
3692 5506 3839 5587 quae
3883 5478 3940 5554 fit
