4255 6375
1400 396 1600 464 nlsr.
1646 395 1722 460 11.
1769 392 2131 476 QuAEs‘rlo
2163 393 2239 461 11.
3315 376 3434 447 2⁶8

651 833 1124 917 QUAESTIO
1222 837 1328 910 11.

159 1118 194 1209 J
248 1120 444 1187 Utrum
488 1122 857 1209 baptizatus
913 1123 1258 1211 Baptismo
1294 1127 1598 1206 Joanm‘S,
1644 1147 1757 1192 ne-

143 1322 144 1329 *
199 1326 203 1335 ‚
313 1238 579 1303 cessario
618 1239 961 1306 tenebatur
1029 1241 1369 1328 baptizari
1433 1242 1756 1329 baptismo

203 1338 209 1347 ⁴
315 1345 605 1411 Christo?

163 1582 170 1585 ·
243 1569 391 1626 Alens.
417 1573 465 1628 4.
491 1586 546 1640 p.
579 1587 632 1639 q.
664 1571 715 1628 9.
751 1588 831 1627 m.
867 1576 923 1629 7.
959 1576 1024 1629 D.
1057 1572 1245 1630 Thom.
1277 1576 1331 1631 3.
1357 1592 1414 1645 p.
1438 1593 1489 1645 q.
1525 1576 1611 1631 38.
1646 1585 1755 1634 art.

294 1645 411 1723 ⁶·.²²
439 1660 489 1711 q.
522 1641 610 1698 66.
648 1652 760 1701 art.
794 1645 849 1700 9.
885 1648 950 1701 D.
995 1649 1199 1703 Bonav.
1238 1648 1326 1702 hic
1375 1656 1484 1703 art.
1523 1648 1573 1705 2.
1611 1666 1665 1718 q.
1699 1650 1751 1709 3.

299 1712 528 1771 Richard.
561 1723 676 1771 art.
718 1718 773 1773 2.
825 1733 878 1786 q.
930 1716 979 1771 4.
1028 1718 1266 1774 Durand.
1317 1737 1369 1789 q.
1412 1720 1462 1775 4.
1507 1721 1668 1776 Gabr.
1696 1740 1748 1791 q.

298 1788 342 1840 2.
388 1786 642 1843 Bellarm.
693 1789 789 1844 lib.
843 1789 890 1843 4.
931 1791 996 1843 de
1041 1792 1340 1857 Baptismo‚
1389 1807 1514 1859 cap.
1564 1795 1654 1849 20.
1703 1799 1752 1847 et

301 1859 458 1911 tribus
487 1873 636 1928 seqq.
670 1859 925 1916 Abulens.
954 1865 1016 1915 in
1047 1879 1092 1918 ο.
1124 1862 1180 1918 3.
1212 1862 1457 1934 Metaph.
1488 1880 1541 1918 α.
1576 1881 1626 1933 q.
1660 1862 1751 1921 36.

303 2156 628 2263 Videtur
656 2158 862 2249 quod
892 2178 1076 2244 non,
1134 2159 1319 2253 quia
1352 2160 1751 2252 Magister

145 2280 297 2379 «Ὶζίη
322 2279 532 2345 littera
563 2300 711 2366 cap.
755 2279 980 2345 ultim.
1025 2272 1218 2351 dicit
1269 2302 1283 2346 τ
1331 2277 1477 2359 Qui
1523 2298 1748 2371 Spem

143 2420 146 2423 *
235 2412 370 2464 non
425 2395 873 2487 posuerunt
923 2391 1003 2465 in
1053 2392 1475 2486 Baptismo
1510 2394 1747 2466 Joan-

165 2492 360 2633 {nist
419 2514 494 2585 et
554 2514 885 2585 Patrem
946 2513 1027 2586 et
1079 2510 1376 2584 Filium
1442 2515 1523 2586 et
1580 2512 1749 2606 Spi-

143 2654 144 2659 ¹
235 2626 452 2700 ritum
551 2630 925 2703 sanctum
1032 2628 1486 2711 credebant,
1584 2650 1746 2703 non

143 2770 158 2795 2
197 2750 392 2829 ,sunt
466 2752 750 2841 postea
809 2747 1384 2842 rebaptizandi.

165 2856 202 2871 '⁴
304 2867 518 2948 Item,
584 2865 668 2938 in
727 2864 1191 2960 receptione
1269 2870 1744 2941 Sacramen-

233 2990 504 3066 torum‚
566 2984 777 3078 quod
854 2986 1096 3058 (latur
1169 3005 1327 3058 non
1404 2988 1527 3059 est
1605 2987 1744 3059 ite-

143 3108 164 3149 2'
236 3102 562 3187 randum,
610 3102 745 3175 sed
797 3102 866 3174 si
924 3102 1224 3196 aliquid
1283 3104 1742 3187 omittatur,

233 3222 436 3293 caute
511 3223 645 3298 est
717 3220 1243 3314 supplendum
1307 3247 1322 3290 ε
1386 3226 1610 3292 Eaetra
1665 3225 1746 3290 de

237 3342 445 3409 clerico
477 3363 602 3430 per
638 3341 892 3425 falsum
937 3352 1265 3428 promote,
1319 3366 1465 3431 cap.
1517 3344 1738 3424 unic-0,

157 3463 182 3482 ¹·
232 3458 384 3525 etde
411 3460 868 3526 Sacramentis
914 3481 1051 3525 non
1081 3460 1435 3539 iterandiS,
1482 3482 1628 3549 cap.
1675 3462 1737 3530 1.

231 3571 340 3644 sed
390 3572 464 3645 in
511 3573 938 3667 Baptismo
1001 3575 1339 3647 Joannis
1398 3575 1745 3650 dabatur

143 3735 150 3740 -
230 3688 502 3763 ablutio
576 3693 992 3774 exterior;
1069 3712 1265 3785 ergo
1358 3693 1425 3765 si
1493 3693 1744 3768 defuit

143 3813 162 3856 ἱ
229 3804 571 3892 interior,
632 3808 776 3880 illa
842 3808 996 3882 fuit
1075 3808 1537 3903 supplenda,
1611 3811 1742 3884 sed

143 3965 148 3974 »
229 3941 364 3995 non
418 3924 788 4000 exterior
847 3924 1238 4000 iteranda.

304 4043 616 4125 Contra,
690 4046 773 4112 de
838 4069 1086 4114 consec.
1152 4047 1308 4113 dise.
1380 4047 1445 4117 4.
1498 4048 1743 4129 Aliud,-

143 4187 144 4198 κ
240 4159 297 4228 et
348 4160 749 4253 accipitur
805 4159 904 4232 ab
981 4160 1439 4248 Augustino
1500 4181 1745 4254 super

245 4271 430 4347 Joan.
521 4275 739 4348 hom.
835 4280 902 4350 5.
977 4281 1056 4346 Si
1137 4300 1296 4368 quos
1378 4279 1744 4366 baptizavit

239 4390 506 4476 Ιοαηηεε,
558 4397 802 4461 iterum
860 4407 1015 4461 sunt
1071 4396 1486 4483 baptizandi,
1539 4397 1745 4481 plane

237 4506 460 4590 iterum,
512 4512 630 4578 sed
688 4533 822 4577 non
874 4514 1113 4578 iterato
1168 4514 1549 4599 Baptism03
1588 4536 1746 4602 quos

234 4625 377 4690 enim
426 4628 635 4694 Iudas
674 4628 1059 4716 baptizavit,
1108 4641 1168 4696 ec
1203 4631 1543 4712 Christus,·
1587 4653 1744 4718 quos

233 4736 566 4824 baptizavit
642 4744 951 4822 Joanne&
1042 4767 1199 4826 non,
1298 4746 1448 4817 etc.
1538 4746 1740 4819 Item

234 4852 705 4946 Augustinus
780 4859 873 4931 de
940 4859 1363 4953 Baptismo
1454 4867 1745 4935 contra

232 4966 673 5046 Donatistas
719 4973 851 5046 lib.
884 4979 928 5050 5
1001 4979 1303 5046 Christus
1335 4982 1460 5046 tali
1514 4983 1744 5068 Bapti-

231 5107 346 5153 smo
398 5095 675 5160 mundat
759 5095 1149 5176 Ecclesiam,
1234 5119 1359 5185 quo
1452 5109 1740 5184 acceptu,

233 5205 486 5275 alterum
539 5233 676 5277 non
733 5223 878 5278 erat
933 5195 1400 5281 necessarium.
1459 5215 1746 5281 Ioannes

233 5333 422 5390 autem
489 5329 612 5393 tali
691 5331 1034 5417 Baptismo
1095 5331 1534 5419 perlinyebat,
1618 5354 1743 5418 quo

233 5454 465 5530 accepto
512 5460 671 5514 esset
712 5450 1130 5538 Baptismum
1177 5451 1582 5518 dominicum
1625 5474 1743 5519 ne-

233 5566 581 5635 cessarium.

2445 700 2856 761 scnomtm.

1939 894 2302 970 Respondet
2355 892 2739 952 affirmative
2795 906 2873 948 ex
2936 906 2991 948 c.
3067 891 3284 960 Aliud,
3351 888 3430 947 de

1877 1009 2155 1053 consecr.
2187 994 2246 1052 d.
2295 995 2349 1050 4.
2400 997 2461 1050 et
2511 993 2777 1062 August.
2837 991 3044 1057 citato,
3097 992 3158 1047 et
3209 1004 3287 1047 ex
3318 987 3431 1045 illo

1870 1098 2045 1152 Joan.
2091 1094 2142 1149 1.
2204 1096 2333 1161 qu
2393 1094 2637 1162 baptizo
2692 1093 2763 1147 in
2819 1103 3012 1163 aqua.
3073 1089 3259 1146 Ratio
3316 1092 3427 1157 est,

1868 1192 2016 1263 quia
2057 1192 2414 1263 Baptismus
2451 1191 2707 1247 Joanuis
2737 1203 2857 1245 non
2900 1188 3020 1245 fuit
3057 1186 3428 1244 Sacramen-

1867 1295 2022 1355 tum,
2055 1288 2134 1346 de
2164 1304 2293 1361 ,quo
2340 1287 2511 1346 dedit
2565 1286 2854 1344 Christus
2910 1288 3316 1357 praeceptum,
3349 1285 3425 1342 de

1870 1403 1992 1458 quo
2044 1386 2313 1444 habetur
2360 1390 2495 1443 Act.
2547 1387 2635 1442 19.
2671 1387 2943 1441 Trident.
2993 1397 3143 1440 sesa.
3185 1384 3245 1439 7.
3277 1398 3332 1439 c.
3367 1383 3421 1439 1.

1867 1483 2021 1541 Vide
2069 1487 2389 1541 Naziam.
2432 1484 2709 1540 oratione
2739 1483 2826 1539 39.
2864 1482 2929 1538 in
2962 1484 3171 1538 sancta
3204 1480 3421 1536 Lumi-

1870 1597 1969 1650 na,
2022 1584 2328 1657 Chrysost.
2380 1582 2542 1638 hom.
2592 1581 2676 1637 10.
2708 1585 2771 1638 et
2806 1581 2890 1637 1¹.
2922 1581 2987 1636 in
3018 1578 3234 1636 Matth.
3268 1580 3420 1634 Hie-

1864 1696 2111 1753 ronym.
2166 1680 2395 1751 dialog.
2448 1684 2659 1737 contra
2709 1680 2984 1736 Lucifer.
3035 1694 3089 1735 c.
3138 1678 3193 1734 3.
3244 1679 3306 1734 et
3352 1678 3418 1733 in

1864 1796 1918 1838 c.
1950 1784 2005 1839 2.
2039 1782 2195 1838 Joel.
2227 1785 2510 1838 Ambros.
2562 1780 2672 1837 lib.
2712 1781 2761 1837 1.
2795 1778 2873 1837 de
2922 1778 3159 1849 Spiritu
3209 1780 3419 1835 sancto

1865 1898 1999 1955 cap.
2029 1884 2081 1940 3.
2110 1881 2264 1938 Vide
2311 1883 2600 1939 Cuccium
2655 1889 2710 1937 2.
2742 1883 2910 1938 Tom.
2956 1881 3065 1939 lib.
3113 1881 3169 1937 5.
3218 1882 3333 1937 art.
3359 1879 3417 1936 6.

1867 1982 2164 2040 citantem
2222 1993 2337 2050 pro
2392 1980 2507 2037 hoc
2564 1980 2678 2038 PP.
2730 1979 2976 2035 Graecos
3031 1982 3093 2035 et
3148 1977 3417 2045 Latinos,

1868 2083 2086 2136 contra
2144 2077 2475 2139 haereticos
2523 2092 2714 2135 novos
2760 2080 2821 2135 et
2868 2078 3134 2142 veteres,
3170 2075 3419 2148 opposi-

1863 2181 1987 2236 tum
2033 2180 2338 2237 tenentes.

1952 2395 2430 2489 Respondeo
2497 2394 2624 2485 (a),
2705 2393 2975 2487 potest
3063 2390 3413 2484 intelligi
3569 2372 3624 2424 ²·

1861 2511 2299 2606 dupliciter
2367 2513 2764 2584 Joannem
2840 2509 3407 2603 baptizavisse.

1857 2635 2031 2708 Uno
2123 2634 2401 2714 modo,
2492 2633 2571 2705 in
2664 2629 2933 2705 forma
3012 2628 3412 2723 Baptismi

1861 2751 2193 2834 Christi,
2244 2770 2483 2844 quam
2525 2749 2792 2843 potuit
2846 2746 3056 2822 scire
3100 2766 3147 2819 a
3182 2745 3415 2819 disci-

1859 2869 2072 2963 pulis
2126 2867 2459 2949 Christi,
2502 2867 2630 2939 vel
2699 2865 2798 2939 ab
2863 2864 3048 2939 aliis
3096 2861 3414 2937 audien-

1857 2986 2072 3061 tibus
2196 2985 2345 3058 hos
2450 2984 2911 3077 baptizare,
3026 2984 3107 3057 et-
3218 2983 3411 3055 tunc

1855 3124 2018 3177 non
2067 3103 2481 3176 diceretur
2546 3100 2879 3196 proprie
2936 3095 3407 3193 Baptismus

1859 3220 2223 3304 Joannis,
2304 3219 2517 3295 sicut
2601 3239 2813 3292 nunc
2881 3237 3043 3290 non
3109 3215 3409 3290 dicitur

1857 3337 2327 3432 Baptismus
2386 3335 2611 3412 Petri
2652 3336 2779 3409 vel
2823 3334 3082 3408 Pauli.
3146 3336 3406 3408 Istum

1858 3458 2073 3531 enim
2150 3477 2523 3530 errorem
2599 3453 3114 3550 reprehendit
3202 3453 3409 3546 Apo·

1860 3575 2121 3649 stolus
2200 3578 2264 3646 1.
2366 3575 2458 3642 ad
2545 3574 2854 3654 Corinth.
2917 3573 3017 3644 Et
3099 3569 3168 3643 si
3246 3569 3407 3644 isto

1859 3693 2090 3765 modo
2132 3690 2588 3783 baptizaret
2640 3691 2683 3761 J
2695 3708 3019 3772 oanneS,
3074 3688 3405 3782 planum

1856 3811 1981 3883 est
2058 3811 2265 3902 quod
2339 3805 2533 3880 talis
2593 3827 2757 3880 non
2820 3811 3035 3881 esset
3105 3805 3405 3880 iterum

1856 3926 2417 4021 baptizandus
2702 3925 2703 3928 ’

1945 4045 2127 4118 Alio
2201 4047 2433 4120 modo
2520 4045 2645 4137 (b),
2720 4045 2986 4137 potest
3056 4039 3406 4134 intelligi
3477 4050 3702 4102 Joamm

1856 4164 1899 4234 J
1912 4183 2255 4236 oannem
2294 4161 2751 4255 baptizasse
2791 4182 2952 4233 non
3008 4159 3088 4231 in
3136 4156 3406 4231 forma
3458 4128 3731 4240 ωῐῗιῗῖυῑι

1855 4278 2257 4371 Baptismi
2318 4276 2652 4361 Christi,
2718 4277 2850 4349 sed
2932 4275 3061 4348 vel
3131 4274 3212 4346 in
3262 4273 3402 4347 ali·
3462 4238 3722 4354 ἷῗιῖῗᾷῗῗο

1857 4413 2014 4488 qua
2081 4392 2243 4466 alia
2303 4391 2571 4466 forma
2649 4393 3014 4487 propria,
3092 4390 3401 4467 scilicet

1856 4509 1938 4583 in
1971 4510 2297 4584 nomine
2340 4509 2692 4593 venturi,
2736 4508 2863 4583 vel
2912 4508 3211 4601 absque
3260 4504 3399 4579 ali-

1858 4647 2015 4720 qua
2096 4626 2402 4708 forma;
2474 4629 2553 4699 et
2638 4627 2730 4699 de
2799 4625 2915 4698 sic
2992 4623 3404 4717 baptizato

1858 4744 2061 4819 satis
2155 4744 2477 4818 videtur
2565 4739 3114 4823 manifestum,
3209 4741 3410 4832 quod

1857 4866 2037 4935 erat
2107 4859 2635 4953 baptizandus
2702 4858 3124 4952 Baptismo
3185 4855 3410 4932 Chri-

1858 4978 1989 5061 sti,
2036 4979 2236 5061 tum,
2282 4981 2625 5071 propter
2675 4978 3170 5069 praeceptum
3232 4973 3407 5063 ejus

1855 5094 2237 5188 generale
2326 5094 2693 5187 obligans
2782 5114 3087 5175 omnes,
3197 5091 3403 5185 quod

1857 5217 2357 5306 praeceptum
2446 5232 2608 5285 non
2710 5210 3195 5304 impleverat
3274 5209 3402 5282 ba-

1857 5331 2212 5426 ptizatus
2289 5350 2336 5402 a
2402 5331 2713 5401 Joanne
2781 5329 3037 5420 (istud
3124 5330 3398 5401 autem

1857 5454 2352 5546 praeceptum
2404 5447 2785 5542 generale
2825 5444 2979 5521 fuit
3042 5444 3398 5520 rationa-

1849 5571 2033 5657 bile,
2079 5570 2268 5665 quia
2336 5569 2823 5645 rationabile
2897 5567 3052 5642 fuit
3115 5588 3394 5642 omnes
