4255 6375
1421 438 1619 501 Dls'r.
1672 439 1720 498 1.
1751 437 2111 514 QUAEsTto
2158 439 2231 500 V.

296 610 455 676 talis
497 608 864 697 dispositio,
909 627 1070 695 ergo
1104 624 1317 693 neque
1374 603 1586 670 virtus
1618 600 1860 690 produ-

293 725 480 793 ctiva
527 728 674 813 ejus
699 726 993 812 physica.

71 869 148 917 13.
415 842 504 932 (c)
564 842 725 909 Item
777 843 905 907 isla
954 838 1309 927 disposicio
1351 845 1647 923 respectu
1701 854 1855 921 yra-

64 928 226 1042 ἷζζῖζὴ
301 964 440 1042 tiae,
482 973 607 1027 etc.
641 962 793 1024 Haec
831 967 929 1023 est
988 951 1272 1021 secunda
1323 951 1485 1017 ratio
1536 949 1850 1021 Doctoris.

65 1056 263 1120 cipalis.
300 1099 457 1166 quae
490 1072 847 1142 summarie
877 1071 942 1137 in
1006 1073 1129 1137 hoc
1180 1078 1520 1134 versatur:
1559 1065 1671 1131 Illa
1718 1065 1852 1131 dis-

299 1192 550 1281 positio
605 1190 688 1257 ad
732 1188 1011 1276 gratiam
1054 1184 1125 1251 fit
1165 1183 1361 1251 simul
1417 1203 1566 1249 cum
1614 1180 1850 1269 gratia,

297 1322 504 1398 atque
542 1308 703 1374 adeo
743 1306 808 1371 in
840 1302 1156 1382 instanti3
1211 1302 1326 1369 sed
1361 1302 1852 1367 Sacramentum

295 1446 436 1492 non
482 1436 695 1512 potest
750 1420 1110 1510 producere
1157 1417 1405 1506 aliquid
1465 1417 1529 1482 in
1584 1416 1852 1482 instanti

293 1540 601 1629 physice,
655 1559 815 1626 ergo
877 1556 1090 1624 neque
1128 1533 1303 1600 illam
1358 1531 1851 1618 dispositionem

295 1658 605 1745 producit
636 1655 932 1744 physice.

64 1791 248 1857 spositio
385 1775 700 1862 Majorem
797 1770 1028 1859 probat
1115 1766 1503 1854 tripliciter:
1605 1765 1848 1843 Prim0,

65 1858 260 1969 ameum
292 1893 458 1979 quia
515 1888 858 1976 dispositio
917 1885 1344 1965 necessitanS,
1402 1883 1661 1971 quando
1714 1880 1853 1948 nul-

64 1997 184 2031 ’rma

65 2043 216 2109 gradu
292 2010 436 2075 lum
473 2019 570 2073 est
601 2004 1135 2093 impedimentum
1180 2001 1243 2067 in
1285 2000 1708 2087 suscipiente,
1784 1998 1857 2063 fit

65 2106 267 2221 zatun·
295 2124 505 2192 simul
535 2144 682 2190 cum
718 2121 969 2199 forma;
1006 2117 1213 2207 gratia
1264 2129 1479 2184 autem
1533 2114 1602 2181 fit
1660 2114 1725 2180 in
1762 2114 1854 2180 in-

64 2240 154 2342 “1¹²
185 2232 238 2280 Μ
296 2241 532 2322 stanti,
587 2240 699 2307 sed
756 2239 818 2304 in
879 2237 1094 2302 anima
1146 2235 1396 2300 nullum
1439 2245 1538 2299 est
1587 2230 1857 2330 impedi-

64 2312 221 2408 ⁵¹³2st
300 2372 601 2429 mentum
634 2365 933 2442 respectu
989 2350 1472 2439 dispositionis,
1509 2368 1692 2435 erg0,
1728 2358 1850 2414 etc.

391 2475 697 2543 Secundo
730 2472 981 2560 probat,
1027 2469 1177 2558 quia
1221 2488 1348 2534 non
1390 2478 1490 2533 est
1529 2464 1858 2532 successio

64 2568 251 2677 ἷῗζῗίὡ
303 2596 371 2661 in
409 2590 838 2683 productione
866 2590 1095 2656 sormae
1154 2586 1281 2651 nisi
1315 2584 1672 2651 secundum
1708 2603 1857 2670 par-

104 2706 151 2740 ¹⁰
304 2723 408 2776 tes
465 2706 748 2785 mobilis,
813 2704 916 2771 vel
967 2723 1167 2790 penes
1221 2700 1488 2790 graduS,
1536 2710 1598 2765 et
1642 2710 1859 2786 partes

65 2756 277 2804 ductione

64 2832 221 2866 urmae.
308 2826 526 2913 ipsius
575 2824 826 2903 formae,
872 2820 936 2887 id
990 2831 1113 2904 est,
1167 2818 1319 2907 quia
1367 2815 1607 2883 mobile
1666 2816 1861 2881 habet

304 2942 611 3010 diversas
668 2952 885 3027 partes
951 2935 1311 3004 secundum
1351 2955 1513 3024 quas
1555 2933 1740 2999 aliter
1795 2942 1859 2998 et

301 3061 502 3128 aliter
558 3058 921 3147 applicatur
971 3055 1049 3122 ad
1117 3074 1376 3122 causam
1437 3051 1856 3137 efficientem,

301 3177 411 3245 vel
447 3175 601 3266 quia
643 3175 844 3242 forma
893 3182 993 3240 est
1033 3169 1409 3250 divisibilis,
1450 3192 1536 3236 ex
1564 3169 1628 3237 6.
1677 3169 1858 3256 Phy-

297 3296 620 3361 sicorum.
693 3293 835 3357 Non
906 3288 1217 3375 primum,
1281 3284 1431 3371 quia
1489 3283 1857 3369 subjectum

306 3410 416 3476 hic
454 3419 554 3474 est
604 3403 1028 3472 indivisibile.
1082 3404 1225 3468 Non
1284 3399 1669 3480 secundum,
1708 3398 1857 3486 quia

301 3525 379 3590 ad
439 3522 777 3590 minimam
826 3515 1323 3605 dispositionem
1378 3514 1594 3581 induci
1647 3523 1859 3600 potest

299 3638 541 3729 gratia,
577 3652 699 3704 etc.

403 3760 527 3823 Pro
559 3752 996 3820 intellectione
1035 3751 1232 3840 hujus
1266 3748 1560 3827 minoris,
1599 3768 1727 3813 non
1759 3759 1857 3814 est

64 3847 286 3959 ἓξῖοζῖζᾞ
311 3893 551 3940 sensus
584 3869 876 3936 Doctoris
909 3866 1079 3956 quod
1112 3866 1322 3953 gratia
1357 3886 1482 3931 non
1516 3865 1600 3932 sit
1631 3865 1856 3932 divisi·

64 3975 252 4084 ggffiffis
309 3990 503 4068 bilis3
541 3988 665 4055 boc
711 3985 884 4053 enim
920 3997 1241 4072 repugnat
1278 3984 1505 4050 formae
1537 3984 1855 4070 homoge-

89 4106 171 4148 θεῖ·
308 4128 475 4186 neae,
515 4126 664 4194 quae
707 4114 916 4191 potest
954 4101 1227 4180 intendi,
1265 4112 1333 4167 ut
1374 4111 1468 4166 est
1499 4100 1708 4187 gratia
1743 4122 1855 4187 per

308 4223 528 4310 ipsum
582 4220 648 4285 in
707 4217 907 4285 variis
954 4217 1137 4296 lociS,
1186 4229 1254 4282 ut
1295 4226 1466 4304 patet
1509 4215 1588 4282 de
1644 4215 1854 4301 gratia

303 4337 545 4406 Christi
589 4356 783 4423 quam
814 4334 968 4401 dicit
998 4354 1145 4401 esse
1193 4333 1702 4400 intensissimam
1733 4387 1747 4412 ,
1792 4347 1855 4400 et

303 4452 586 4542 gratiam
647 4450 1100 4538 baptismalem
1153 4451 1345 4535 infra
1394 4448 1579 4515 docet
1650 4451 1851 4538 majo·

304 4591 441 4637 rem
513 4580 577 4634 et
649 4565 1072 4632 intensiorem
1139 4586 1307 4645 esse,
1379 4585 1570 4652 quam
1659 4565 1854 4631 suerit

302 4686 515 4772 gratia
547 4685 695 4751 data
734 4704 850 4771 per
877 4679 1477 4747 circumcisionem.
1541 4679 1852 4766 Loquitur

301 4806 381 4870 de
412 4802 839 4891 dispositione
892 4801 956 4865 in
1011 4798 1238 4865 ordine
1286 4798 1364 4864 ad
1414 4797 1711 4876 formam,
1772 4798 1848 4863 ad

307 4941 502 5007 quam
535 4918 848 5005 disponit,
887 4937 1036 5004 quae
1069 4914 1415 5002 aliquando
1447 4914 1513 4980 in
1547 4914 1850 4980 determi-

310 5046 458 5100 nato
510 5044 759 5098 tantum
818 5031 1026 5119 gradu
1089 5030 1478 5097 intensionis
1535 5029 1845 5116 disponit,

307 5150 482 5217 sicut
531 5149 705 5215 calor
751 5149 825 5214 ad
876 5148 1097 5235 ignem
1142 5167 1268 5213 non
1325 5146 1386 5211 in
1439 5167 1852 5234 quocumque

306 5266 518 5354 gradu
583 5266 858 5332 remisso
908 5264 1220 5350 disponit,
1259 5262 1372 5330 sed
1440 5263 1505 5328 in
1550 5263 1803 5330 intenso
1826 5291 1846 5343 ‚-

307 5382 569 5470 quando
615 5396 832 5449 autem
884 5382 1091 5447 forma
1138 5381 1494 5466 disponens
1554 5395 1652 5447 est
1707 5381 1852 5447 talis

311 5513 523 5588 potest
587 5501 973 5586 contingere
1047 5511 1116 5564 ut
1180 5501 1540 5567 secundum
1599 5500 1852 5587 aliquos

308 5616 555 5707 gradus
603 5616 782 5694 insit,
845 5629 916 5684 ut
964 5616 1302 5695 remissos,
1375 5616 1516 5684 sine
1556 5637 1632 5682 eo
1680 5614 1850 5703 quod

65 2504 196 2553 Tunisa

64 3781 271 3845 :plicatur

3397 436 3504 499 151

1975 600 2132 666 insit
2173 602 2379 667 forma
2418 599 2499 667 ad
2540 622 2734 689 quam
2764 594 3077 688 disponit,
3125 612 3197 668 ut
3247 601 3423 668 calor
3454 611 3524 667 ut

1968 716 2116 795 tria,
2166 716 2310 783 sine
2351 716 2528 804 igne,
2566 730 2689 785 eto.
2726 717 2900 785 Talis
2936 737 3063 783 non
3104 727 3204 785 est
3244 716 3521 804 disposi-

1967 832 2058 896 tio
2092 831 2234 899 haec
2274 832 2351 899 ad
2385 834 2688 919 gratiam,
2755 832 2904 920 quia
2948 833 3345 921 quicumque
3376 852 3521 919 gra-

1970 945 2090 1012 dus
2149 947 2378 1013 formae
2419 949 2830 1036 disponentis
2864 948 3110 1016 sufficit
3149 949 3225 1014 ad
3281 947 3517 1015 infusi-

1967 1084 2160 1128 onem
2192 1064 2422 1150 gratiae
2449 1090 2464 1144 ;
2501 1086 2660 1153 ergo
2701 1078 2914 1152 potest
2942 1064 3138 1131 simul
3171 1064 3515 1152 dispositio

1967 1192 2031 1246 et
2059 1181 2273 1275 gratia
2313 1180 2452 1248 lieri
2487 1182 2554 1247 in
2606 1182 2896 1263 instanti,
2943 1182 3113 1270 quod
3148 1192 3244 1248 est
3303 1181 3513 1247 inten-

1968 1305 2105 1360 tum
2140 1275 2307 1383 ejus,
2414 1360 2425 1368 .

2054 1422 2273 1488 Tertio
2315 1423 2566 1510 probat,
2623 1423 2775 1512 quia
2822 1424 3334 1491 instrumentum
3381 1444 3511 1490 non
3666 1437 3740 1488 1⁴.

1965 1537 2102 1624 agit
2136 1537 2262 1604 nisi
2304 1539 2369 1604 in
2402 1539 2647 1607 virtute
2686 1560 2903 1607 causae
2935 1538 3316 1627 principalis
3350 1561 3366 1617 ;
3404 1560 3509 1606 er-

1963 1674 2049 1739 go
2080 1653 2136 1719 si
2199 1655 2707 1721 instrumentum
2759 1654 2986 1742 neqult
3026 1676 3224 1741 agere
3263 1653 3388 1721 nisi
3441 1654 3506 1719 in

1961 1782 2277 1858 tempore,
2323 1777 2493 1840 Deus
2550 1773 2744 1839 etiam
2777 1794 2906 1839 non
2940 1785 3148 1860 potest
3176 1793 3372 1859 agere
3411 1773 3507 1839 ni·
3534 1775 3841 1889 eonvffiiens

1963 1888 2018 1956 si
2076 1888 2141 1953 in
2192 1901 2487 1977 tempore
2534 1901 2598 1956 et
2643 1890 3021 1957 successive
3064 1889 3144 1955 ad
3204 1890 3509 1958 effectum
3846 1880 3858 1892 ⁰

1963 2005 2411 2087 instrumenti,
2470 2006 2642 2094 quod
2692 2019 2790 2073 est
2841 2006 3203 2073 absurdum
3263 2027 3345 2072 ex
3398 2006 3515 2072 du·

1966 2122 2133 2189 obus
2171 2143 2185 2186 :
2245 2122 2456 2208 primo
2497 2143 2579 2189 ex
2638 2122 2891 2188 infinita
2931 2122 3176 2189 virtute
3224 2122 3361 2202 Dei,
3407 2119 3513 2188 cui

1967 2238 2146 2304 nulla
2188 2237 2586 2322 resistentia,
2628 2251 2692 2303 et
2740 2260 2819 2305 ex
2863 2248 3046 2324 parte
3096 2237 3375 2325 subjecti
3416 2249 3516 2304 est

1970 2353 2460 2442 proportionata
2497 2377 2512 2433 3
2567 2352 2737 2420 unde
2776 2375 2855 2420 ex
2889 2353 3287 2441 philosopho
3306 2376 3515 2442 supra

1973 2473 2041 2537 in
2079 2477 2137 2541 1.
2184 2472 2543 2557 quaestione
2590 2471 2787 2558 hujus
2817 2470 3037 2556 citat0,
3101 2470 3157 2538 si
3188 2475 3356 2538 Deus
3398 2471 3518 2537 im-

1973 2585 2251 2652 mediate
2302 2597 2595 2651 moveret
2644 2586 2908 2668 coelum,
2959 2599 3254 2653 moveret
3310 2587 3374 2653 in
3425 2587 3521 2655 in·

1971 2701 2168 2770 stanti
2190 2703 2271 2766 ob
2304 2701 2752 2769 infirmitatem
2788 2702 3093 2782 virtutis;
3124 2714 3262 2769 tum
3290 2724 3523 2770 secun·

1969 2822 2050 2888 do
2084 2836 2344 2911 propter
2390 2841 2715 2888 summam
2765 2820 3187 2907 capacitatem
3239 2819 3520 2908 subjecti

1968 2962 2098 3008 non
2131 2942 2436 3009 habentis
2468 2938 2901 3007 contrarium.

2059 3058 2351 3124 lnsinuat
2399 3058 2506 3123 hic
2534 3077 2766 3123 causas
2800 3078 2880 3122 ex
2912 3055 3154 3144 quibus
3194 3055 3521 3146 contingit

1966 3174 2299 3243 successio
2331 3174 2396 3241 in
2442 3184 2645 3255 motu,
2695 3195 2930 3262 nempe
2968 3196 3048 3241 ex
3081 3173 3517 3262 repugnantia

1967 3292 2168 3379 passi,
2205 3305 2267 3358 et
2307 3291 2583 3358 limitata
2631 3290 2871 3357 virtute
2910 3290 3191 3378 agentiS,
3238 3290 3318 3357 ad
3370 3312 3518 3379 quae

1967 3408 2368 3475 reducuntur
2399 3407 2672 3497 reliquae
2714 3408 3067 3494 assignatae
3098 3428 3134 3474 a
3174 3411 3517 3474 Commen-

1964 3536 2173 3591 tatore
2220 3528 2295 3592 in
2337 3526 2557 3613 capite
2594 3525 2676 3591 de
2718 3524 2949 3603 Vae-uc,
3011 3537 3082 3590 ut
3136 3522 3279 3611 ipse
3345 3537 3520 3591 recte

1965 3643 2196 3728 probat
2225 3642 2392 3708 infra
2423 3642 2578 3708 disc.
2626 3646 2734 3707 43.
2771 3651 2995 3728 quoest.
3035 3640 3283 3707 5.Vide
3321 3641 3516 3707 etiam

1965 3759 2180 3845 ipsum
2216 3760 2289 3824 in
2328 3763 2388 3825 1.
2416 3758 2571 3824 dist.
2619 3760 2681 3824 Ξ.
2727 3769 2952 3844 quoesl.
2993 3761 3053 3822 1.
3091 3757 3181 3823 acl
3210 3758 3518 3824 ultimam

1965 3878 2042 3941 in
2087 3879 2152 3941 Ξ.
2206 3875 2362 3941 disc.
2399 3879 2470 3942 2.
2513 3884 2736 3961 quoest.
2782 3876 2846 3939 9.
2892 3873 2983 3939 ad
3011 3877 3074 3939 4.
3112 3875 3270 3940 Item
3313 3876 3385 3941 in
3448 3879 3514 3943 3.

1965 3991 2122 4057 dist.
2158 3997 2223 4057 4.
2263 3994 2294 4077 g
2346 3990 2565 4057 Maria
2605 3993 2742 4077 suit
2775 4011 2925 4057 vere
2956 4002 3170 4057 mater
3200 3992 3348 4073 Dei,
3389 4003 3514 4059 etc.

1966 4106 2076 4172 ubi
2125 4103 2371 4191 optime
2408 4105 2719 4192 exprimit
2781 4104 3109 4192 quomodo
3160 4105 3361 4172 Maria
3403 4128 3516 4173 co-

1964 4233 2227 4310 operata
2282 4221 2474 4288 suerit
2525 4222 2592 4287 in
2661 4222 2927 4288 instanti
2980 4221 3058 4287 ad
3116 4221 3291 4288 illam
3361 4223 3519 4289 acti-

1964 4358 2156 4404 onem
2197 4337 2645 4424 generativam
2694 4336 2929 4403 Christi
2976 4337 3335 4403 secundum
3377 4359 3514 4406 car-

1966 4474 2112 4519 nem
2153 4474 2232 4518 ex
2272 4451 2779 4540 superveniente
2816 4451 3101 4538 Spiritus
3140 4454 3346 4520 sancti
3378 4454 3513 4520 vir-

1962 4581 2124 4637 tute.

2051 4686 2323 4752 Probata
2353 4705 2510 4772 ergo
2563 4685 2818 4774 majori,
2871 4687 3103 4772 probat
3161 4686 3507 4767 minorem,
3652 4711 3784 4784 15..

1963 4803 2115 4890 quia
2157 4804 2647 4868 Sacramentum
2708 4815 2803 4869 est
2860 4803 3015 4890 quid
3057 4804 3508 4871 successivum
3574 4776 3821 4888 ξῖξξῖξζο

1964 4923 1986 5007 (
2028 4930 2096 4985 ut
2172 4917 2443 4986 includit
2505 4919 2735 4987 saltem
2806 4920 3080 4986 sormam
3179 4920 3506 4987 verbalem
3530 4901 3849 4969 principalis.

1963 5035 2430 5116 successivam,
2462 5034 2484 5123 )
2519 5056 2678 5123 ergo
2711 5035 2936 5122 nequit
2965 5057 3110 5102 esse
3139 5047 3250 5103 aut
3288 5056 3507 5123 agere,

1964 5151 2090 5216 nisi
2167 5151 2231 5217 in
2289 5162 2606 5239 tempore,
2653 5151 2905 5217 actione
2955 5152 3111 5218 reali
3168 5152 3444 5218 naturali
3493 5176 3508 5237 3

1963 5289 2120 5355 ergo
2182 5288 2394 5356 neque
2440 5268 2697 5334 actione
2755 5267 3237 5354 supernaturali
3282 5288 3506 5334 secun-

1963 5383 2116 5450 dum
2154 5385 2355 5471 ipSOS‚
2392 5384 2542 5472 quia
2573 5383 2718 5451 haec
2765 5404 2894 5449 non
2926 5384 3233 5471 competit
3267 5385 3511 5452 instru-

1963 5513 2208 5580 mento,
2256 5501 2382 5568 nisi
2445 5513 2516 5567 ut
2555 5498 2753 5567 simul
2794 5501 2991 5567 habet
3019 5500 3341 5570 actionem
3393 5522 3510 5568 na-

1962 5618 2269 5699 turalem.
