<?xml version="1.0" encoding="UTF-8"?>
<!DOCTYPE html PUBLIC "-//W3C//DTD XHTML 1.0 Transitional//EN"
    "http://www.w3.org/TR/xhtml1/DTD/xhtml1-transitional.dtd">
<html xmlns="http://www.w3.org/1999/xhtml" xml:lang="en" lang="en">
 <head>
  <title>
</title>
<meta http-equiv="Content-Type" content="text/html;charset=utf-8" />
  <meta name='ocr-system' content='tesseract 3.04.00' />
  <meta name='ocr-capabilities' content='ocr_page ocr_carea ocr_par ocr_line ocrx_word'/>
</head>
<body>
  <div class='ocr_page' id='page_1' title='image "./joannisdunsscot02waddgoog_0237.png"; bbox 0 0 4255 6375; ppageno 0'>
   <div class='ocr_carea' id='block_1_1' title="bbox 1516 344 2350 424">
    <p class='ocr_par' dir='ltr' id='par_1_1' title="bbox 1516 344 2350 424">
     <span class='ocr_line' id='line_1_1' title="bbox 1516 344 2350 424; baseline -0.013 -9"><span class='ocrx_word' id='word_1_1' title='bbox 1516 350 1727 414; x_wconf 86' lang='lat' dir='ltr'><strong>DIST.</strong></span> <span class='ocrx_word' id='word_1_2' title='bbox 1763 349 1807 410; x_wconf 86' lang='lat' dir='ltr'>l.</span> <span class='ocrx_word' id='word_1_3' title='bbox 1857 344 2217 424; x_wconf 72' lang='lat' dir='ltr'><em>QUAES&#39;HO</em></span> <span class='ocrx_word' id='word_1_4' title='bbox 2251 345 2350 406; x_wconf 88' lang='lat' dir='ltr'>Vl.</span> 
     </span>
    </p>
   </div>
   <div class='ocr_carea' id='block_1_2' title="bbox 83 516 1888 1194">
    <p class='ocr_par' dir='ltr' id='par_1_2' title="bbox 83 516 1888 851">
     <span class='ocr_line' id='line_1_2' title="bbox 83 516 1887 653; baseline -0.012 -52"><span class='ocrx_word' id='word_1_5' title='bbox 83 550 157 653; x_wconf 51' lang='lat'>&amp;9</span> <span class='ocrx_word' id='word_1_6' title='bbox 177 533 300 586; x_wconf 61' lang='lat' dir='ltr'>di³2-</span> <span class='ocrx_word' id='word_1_7' title='bbox 340 551 473 611; x_wconf 88' lang='lat' dir='ltr'>am,</span> <span class='ocrx_word' id='word_1_8' title='bbox 524 527 706 617; x_wconf 78' lang='lat' dir='ltr'>&#39;quae</span> <span class='ocrx_word' id='word_1_9' title='bbox 791 524 1020 595; x_wconf 86' lang='lat' dir='ltr'>asserit</span> <span class='ocrx_word' id='word_1_10' title='bbox 1094 527 1505 590; x_wconf 74' lang='lat' dir='ltr'>Sacramenta</span> <span class='ocrx_word' id='word_1_11' title='bbox 1582 516 1887 583; x_wconf 84' lang='lat' dir='ltr'>vivorum</span> 
     </span>
     <span class='ocr_line' id='line_1_3' title="bbox 166 630 1888 720; baseline -0.01 -6"><span class='ocrx_word' id='word_1_12' title='bbox 166 640 178 652; x_wconf 78' lang='grc'><strong><em>’</em></strong></span> <span class='ocrx_word' id='word_1_13' title='bbox 344 667 495 712; x_wconf 91' lang='lat' dir='ltr'>cum</span> <span class='ocrx_word' id='word_1_14' title='bbox 538 645 705 710; x_wconf 90' lang='lat' dir='ltr'>bona</span> <span class='ocrx_word' id='word_1_15' title='bbox 738 641 862 707; x_wconf 84' lang='lat' dir='ltr'>fide</span> <span class='ocrx_word' id='word_1_16' title='bbox 918 652 981 706; x_wconf 93' lang='lat' dir='ltr'>et</span> <span class='ocrx_word' id='word_1_17' title='bbox 1011 637 1341 705; x_wconf 79' lang='lat' dir='ltr'>attritione</span> <span class='ocrx_word' id='word_1_18' title='bbox 1371 644 1696 720; x_wconf 88' lang='lat' dir='ltr'>suscepta,</span> <span class='ocrx_word' id='word_1_19' title='bbox 1734 630 1888 696; x_wconf 85' lang='lat' dir='ltr'>dare</span> 
     </span>
     <span class='ocr_line' id='line_1_4' title="bbox 341 748 1878 851; baseline -0.012 -21"><span class='ocrx_word' id='word_1_20' title='bbox 341 762 647 851; x_wconf 88' lang='lat' dir='ltr'>gratiam,</span> <span class='ocrx_word' id='word_1_21' title='bbox 687 780 833 847; x_wconf 84' lang='lat' dir='ltr'>quae</span> <span class='ocrx_word' id='word_1_22' title='bbox 865 758 943 824; x_wconf 92' lang='lat' dir='ltr'>de</span> <span class='ocrx_word' id='word_1_23' title='bbox 974 777 1044 823; x_wconf 91' lang='lat' dir='ltr'>se</span> <span class='ocrx_word' id='word_1_24' title='bbox 1084 752 1429 820; x_wconf 77' lang='lat' dir='ltr'>remissiva</span> <span class='ocrx_word' id='word_1_25' title='bbox 1467 761 1566 817; x_wconf 87' lang='lat' dir='ltr'>est</span> <span class='ocrx_word' id='word_1_26' title='bbox 1589 748 1831 836; x_wconf 90' lang='lat' dir='ltr'>peccati</span> <span class='ocrx_word' id='word_1_27' title='bbox 1865 769 1878 825; x_wconf 90' lang='lat'>;</span> 
     </span>
    </p>

    <p class='ocr_par' dir='ltr' id='par_1_3' title="bbox 340 866 1885 966">
     <span class='ocr_line' id='line_1_5' title="bbox 340 866 1885 966; baseline -0.01 -20"><span class='ocrx_word' id='word_1_28' title='bbox 340 900 503 966; x_wconf 88' lang='lat' dir='ltr'>ergo</span> <span class='ocrx_word' id='word_1_29' title='bbox 543 876 917 963; x_wconf 82' lang='lat' dir='ltr'>Baptismus</span> <span class='ocrx_word' id='word_1_30' title='bbox 950 871 1230 960; x_wconf 90' lang='lat' dir='ltr'>amplius</span> <span class='ocrx_word' id='word_1_31' title='bbox 1275 869 1470 934; x_wconf 88' lang='lat' dir='ltr'>babet</span> <span class='ocrx_word' id='word_1_32' title='bbox 1501 889 1578 932; x_wconf 83' lang='lat' dir='ltr'>ex</span> <span class='ocrx_word' id='word_1_33' title='bbox 1627 866 1885 931; x_wconf 87' lang='lat' dir='ltr'>institu-</span> 
     </span>
    </p>

    <p class='ocr_par' dir='ltr' id='par_1_4' title="bbox 83 981 1887 1194">
     <span class='ocr_line' id='line_1_6' title="bbox 176 981 1887 1089; baseline -0.011 -24"><span class='ocrx_word' id='word_1_34' title='bbox 176 1077 186 1089; x_wconf 93' lang='lat'><strong>.</strong></span> <span class='ocrx_word' id='word_1_35' title='bbox 268 1079 279 1088; x_wconf 21' lang='grc' dir='ltr'>ἱ</span> <span class='ocrx_word' id='word_1_36' title='bbox 342 1008 434 1076; x_wconf 89' lang='lat' dir='ltr'>to,</span> <span class='ocrx_word' id='word_1_37' title='bbox 516 1006 581 1061; x_wconf 90' lang='lat' dir='ltr'>et</span> <span class='ocrx_word' id='word_1_38' title='bbox 620 990 1103 1081; x_wconf 80' lang='lat' dir='ltr'>significatione</span> <span class='ocrx_word' id='word_1_39' title='bbox 1146 986 1428 1074; x_wconf 89' lang='lat' dir='ltr'>propria,</span> <span class='ocrx_word' id='word_1_40' title='bbox 1477 1004 1670 1072; x_wconf 84' lang='lat' dir='ltr'>quam</span> <span class='ocrx_word' id='word_1_41' title='bbox 1733 981 1887 1047; x_wconf 87' lang='lat' dir='ltr'>dare</span> 
     </span>
     <span class='ocr_line' id='line_1_7' title="bbox 83 1086 1887 1194; baseline -0.009 -21"><span class='ocrx_word' id='word_1_42' title='bbox 83 1086 283 1194; x_wconf 46' lang='lat' dir='ltr'>ffiffiff</span> <span class='ocrx_word' id='word_1_43' title='bbox 340 1104 624 1190; x_wconf 81' lang='lat' dir='ltr'>gratiam</span> <span class='ocrx_word' id='word_1_44' title='bbox 658 1101 1072 1168; x_wconf 87' lang='lat' dir='ltr'>remissivam</span> <span class='ocrx_word' id='word_1_45' title='bbox 1123 1094 1392 1186; x_wconf 89' lang='lat' dir='ltr'>peccati,</span> <span class='ocrx_word' id='word_1_46' title='bbox 1421 1114 1567 1159; x_wconf 93' lang='lat' dir='ltr'>cum</span> <span class='ocrx_word' id='word_1_47' title='bbox 1594 1102 1655 1157; x_wconf 90' lang='lat' dir='ltr'>et</span> <span class='ocrx_word' id='word_1_48' title='bbox 1676 1090 1887 1177; x_wconf 87' lang='lat' dir='ltr'>gratia</span> 
     </span>
    </p>
   </div>
   <div class='ocr_carea' id='block_1_3' title="bbox 83 1198 1888 1316">
    <p class='ocr_par' dir='ltr' id='par_1_5' title="bbox 83 1198 1888 1316">
     <span class='ocr_line' id='line_1_8' title="bbox 83 1198 1888 1316; baseline -0.013 -29"><span class='ocrx_word' id='word_1_49' title='bbox 83 1206 311 1316; x_wconf 53' lang='grc' dir='ltr'>ἵξζῑέᾗξῑ</span> <span class='ocrx_word' id='word_1_50' title='bbox 340 1213 466 1278; x_wconf 85' lang='lat' dir='ltr'>boc</span> <span class='ocrx_word' id='word_1_51' title='bbox 512 1233 593 1278; x_wconf 81' lang='lat' dir='ltr'>ex</span> <span class='ocrx_word' id='word_1_52' title='bbox 634 1232 705 1277; x_wconf 91' lang='lat' dir='ltr'>se</span> <span class='ocrx_word' id='word_1_53' title='bbox 743 1210 998 1287; x_wconf 89' lang='lat' dir='ltr'>habeat,</span> <span class='ocrx_word' id='word_1_54' title='bbox 1044 1201 1567 1296; x_wconf 88' lang='lat' dir='ltr'>quandoquidem</span> <span class='ocrx_word' id='word_1_55' title='bbox 1616 1198 1722 1265; x_wconf 90' lang='lat' dir='ltr'>det</span> <span class='ocrx_word' id='word_1_56' title='bbox 1778 1200 1888 1284; x_wconf 86' lang='lat' dir='ltr'>jus</span> 
     </span>
    </p>
   </div>
   <div class='ocr_carea' id='block_1_4' title="bbox 83 1322 1887 1629">
    <p class='ocr_par' dir='ltr' id='par_1_6' title="bbox 83 1322 1887 1629">
     <span class='ocr_line' id='line_1_9' title="bbox 83 1322 1887 1413; baseline -0.008 -19"><span class='ocrx_word' id='word_1_57' title='bbox 83 1345 101 1376; x_wconf 72' lang='lat'>⁰</span> <span class='ocrx_word' id='word_1_58' title='bbox 145 1331 274 1379; x_wconf 72' lang='lat' dir='ltr'>atus.</span> <span class='ocrx_word' id='word_1_59' title='bbox 339 1328 416 1392; x_wconf 88' lang='lat' dir='ltr'>ad</span> <span class='ocrx_word' id='word_1_60' title='bbox 454 1326 759 1413; x_wconf 81' lang='lat' dir='ltr'>gloriam,</span> <span class='ocrx_word' id='word_1_61' title='bbox 823 1334 886 1390; x_wconf 91' lang='lat' dir='ltr'>et</span> <span class='ocrx_word' id='word_1_62' title='bbox 942 1322 1157 1387; x_wconf 90' lang='lat' dir='ltr'>omnia</span> <span class='ocrx_word' id='word_1_63' title='bbox 1226 1323 1637 1386; x_wconf 84' lang='lat' dir='ltr'>Sacramenta</span> <span class='ocrx_word' id='word_1_64' title='bbox 1698 1335 1887 1381; x_wconf 81' lang='lat' dir='ltr'>novae</span> 
     </span>
     <span class='ocr_line' id='line_1_10' title="bbox 340 1423 1885 1520; baseline -0.008 -20"><span class='ocrx_word' id='word_1_65' title='bbox 340 1435 516 1520; x_wconf 90' lang='lat' dir='ltr'>legis</span> <span class='ocrx_word' id='word_1_66' title='bbox 573 1433 909 1500; x_wconf 86' lang='lat' dir='ltr'>conferant</span> <span class='ocrx_word' id='word_1_67' title='bbox 977 1431 1281 1517; x_wconf 80' lang='lat' dir='ltr'>gratiam,</span> <span class='ocrx_word' id='word_1_68' title='bbox 1362 1427 1659 1513; x_wconf 83' lang='lat' dir='ltr'>sequitur</span> <span class='ocrx_word' id='word_1_69' title='bbox 1715 1423 1885 1512; x_wconf 91' lang='lat' dir='ltr'>quod</span> 
     </span>
     <span class='ocr_line' id='line_1_11' title="bbox 342 1535 1882 1629; baseline -0.007 -22"><span class='ocrx_word' id='word_1_70' title='bbox 342 1543 716 1629; x_wconf 85' lang='lat' dir='ltr'>Baptismus</span> <span class='ocrx_word' id='word_1_71' title='bbox 784 1562 864 1607; x_wconf 86' lang='lat' dir='ltr'>ex</span> <span class='ocrx_word' id='word_1_72' title='bbox 923 1538 1172 1605; x_wconf 89' lang='lat' dir='ltr'>ratione</span> <span class='ocrx_word' id='word_1_73' title='bbox 1232 1535 1535 1623; x_wconf 87' lang='lat' dir='ltr'>generica</span> <span class='ocrx_word' id='word_1_74' title='bbox 1606 1544 1882 1608; x_wconf 87' lang='lat' dir='ltr'>tantum,</span> 
     </span>
    </p>
   </div>
   <div class='ocr_carea' id='block_1_5' title="bbox 337 1648 1892 2326">
    <p class='ocr_par' dir='ltr' id='par_1_7' title="bbox 337 1648 1892 2326">
     <span class='ocr_line' id='line_1_12' title="bbox 343 1648 1890 1736; baseline -0.008 -11"><span class='ocrx_word' id='word_1_75' title='bbox 343 1659 620 1725; x_wconf 86' lang='lat' dir='ltr'>haberet</span> <span class='ocrx_word' id='word_1_76' title='bbox 658 1657 838 1722; x_wconf 92' lang='lat' dir='ltr'>illum</span> <span class='ocrx_word' id='word_1_77' title='bbox 881 1655 1207 1732; x_wconf 82' lang='lat' dir='ltr'>effectum,</span> <span class='ocrx_word' id='word_1_78' title='bbox 1254 1674 1380 1718; x_wconf 92' lang='lat' dir='ltr'>non</span> <span class='ocrx_word' id='word_1_79' title='bbox 1421 1665 1633 1717; x_wconf 86' lang='lat' dir='ltr'>autem</span> <span class='ocrx_word' id='word_1_80' title='bbox 1683 1648 1890 1736; x_wconf 90' lang='lat' dir='ltr'>speci·</span> 
     </span>
     <span class='ocr_line' id='line_1_13' title="bbox 341 1739 1889 1858; baseline -0.008 -16"><span class='ocrx_word' id='word_1_81' title='bbox 341 1774 493 1854; x_wconf 82' lang='lat' dir='ltr'>fica,</span> <span class='ocrx_word' id='word_1_82' title='bbox 558 1784 622 1840; x_wconf 88' lang='lat' dir='ltr'>et</span> <span class='ocrx_word' id='word_1_83' title='bbox 678 1795 758 1841; x_wconf 89' lang='lat' dir='ltr'>ex</span> <span class='ocrx_word' id='word_1_84' title='bbox 797 1783 967 1839; x_wconf 87' lang='lat' dir='ltr'>statu</span> <span class='ocrx_word' id='word_1_85' title='bbox 1037 1769 1312 1858; x_wconf 91' lang='lat' dir='ltr'>subjecti</span> <span class='ocrx_word' id='word_1_86' title='bbox 1380 1739 1777 1853; x_wconf 36' lang='lat' dir='ltr'>competere-t</span> <span class='ocrx_word' id='word_1_87' title='bbox 1831 1765 1889 1829; x_wconf 86' lang='lat' dir='ltr'>ei</span> 
     </span>
     <span class='ocr_line' id='line_1_14' title="bbox 337 1883 1888 1976; baseline -0.005 -18"><span class='ocrx_word' id='word_1_88' title='bbox 337 1892 676 1958; x_wconf 79' lang='lat' dir='ltr'>remittere</span> <span class='ocrx_word' id='word_1_89' title='bbox 728 1901 1088 1976; x_wconf 88' lang='lat' dir='ltr'>peccatum,</span> <span class='ocrx_word' id='word_1_90' title='bbox 1137 1907 1370 1973; x_wconf 82' lang='lat' dir='ltr'>nempe</span> <span class='ocrx_word' id='word_1_91' title='bbox 1413 1885 1466 1951; x_wconf 94' lang='lat' dir='ltr'>si</span> <span class='ocrx_word' id='word_1_92' title='bbox 1514 1884 1692 1961; x_wconf 87' lang='lat' dir='ltr'>insit,</span> <span class='ocrx_word' id='word_1_93' title='bbox 1738 1883 1888 1970; x_wconf 87' lang='lat' dir='ltr'>quia</span> 
     </span>
     <span class='ocr_line' id='line_1_15' title="bbox 337 2000 1890 2094; baseline -0.005 -21"><span class='ocrx_word' id='word_1_94' title='bbox 337 2007 452 2074; x_wconf 90' lang='lat' dir='ltr'>dat</span> <span class='ocrx_word' id='word_1_95' title='bbox 502 2007 806 2094; x_wconf 84' lang='lat' dir='ltr'>gratiam,</span> <span class='ocrx_word' id='word_1_96' title='bbox 845 2026 993 2092; x_wconf 87' lang='lat' dir='ltr'>quae</span> <span class='ocrx_word' id='word_1_97' title='bbox 1022 2016 1121 2070; x_wconf 94' lang='lat' dir='ltr'>est</span> <span class='ocrx_word' id='word_1_98' title='bbox 1172 2000 1700 2090; x_wconf 86' lang='lat' dir='ltr'>incompatibilis,</span> <span class='ocrx_word' id='word_1_99' title='bbox 1762 2021 1890 2066; x_wconf 90' lang='lat' dir='ltr'>non</span> 
     </span>
     <span class='ocr_line' id='line_1_16' title="bbox 337 2116 1892 2207; baseline -0.006 -17"><span class='ocrx_word' id='word_1_100' title='bbox 337 2137 564 2190; x_wconf 87' lang='lat' dir='ltr'>autem</span> <span class='ocrx_word' id='word_1_101' title='bbox 596 2142 674 2189; x_wconf 91' lang='lat' dir='ltr'>ex</span> <span class='ocrx_word' id='word_1_102' title='bbox 722 2120 1009 2188; x_wconf 75' lang='lat' dir='ltr'>efficacia</span> <span class='ocrx_word' id='word_1_103' title='bbox 1060 2119 1320 2207; x_wconf 90' lang='lat' dir='ltr'>propria</span> <span class='ocrx_word' id='word_1_104' title='bbox 1362 2139 1559 2206; x_wconf 90' lang='lat' dir='ltr'>super</span> <span class='ocrx_word' id='word_1_105' title='bbox 1604 2116 1892 2184; x_wconf 88' lang='lat' dir='ltr'>remissi-</span> 
     </span>
     <span class='ocr_line' id='line_1_17' title="bbox 342 2238 1398 2326; baseline -0.005 -20"><span class='ocrx_word' id='word_1_106' title='bbox 342 2260 473 2306; x_wconf 86' lang='lat' dir='ltr'>one</span> <span class='ocrx_word' id='word_1_107' title='bbox 506 2238 772 2326; x_wconf 90' lang='lat' dir='ltr'>peccati,</span> <span class='ocrx_word' id='word_1_108' title='bbox 808 2239 979 2326; x_wconf 89' lang='lat' dir='ltr'>quod</span> <span class='ocrx_word' id='word_1_109' title='bbox 1011 2238 1243 2304; x_wconf 78' lang='lat' dir='ltr'>salsum</span> <span class='ocrx_word' id='word_1_110' title='bbox 1278 2248 1398 2302; x_wconf 90' lang='lat' dir='ltr'>est.</span> 
     </span>
    </p>
   </div>
   <div class='ocr_carea' id='block_1_6' title="bbox 83 2351 1897 2622">
    <p class='ocr_par' dir='ltr' id='par_1_8' title="bbox 83 2351 1897 2622">
     <span class='ocr_line' id='line_1_18' title="bbox 83 2351 1895 2441; baseline -0.006 -14"><span class='ocrx_word' id='word_1_111' title='bbox 83 2385 282 2434; x_wconf 53' lang='lat' dir='ltr'>minuo</span> <span class='ocrx_word' id='word_1_112' title='bbox 413 2357 735 2423; x_wconf 88' lang='lat' dir='ltr'>Probatur</span> <span class='ocrx_word' id='word_1_113' title='bbox 771 2354 1418 2441; x_wconf 85' lang='lat' dir='ltr'>consequentia,quia</span> <span class='ocrx_word' id='word_1_114' title='bbox 1457 2351 1743 2439; x_wconf 78' lang='lat' dir='ltr'>alioquin</span> <span class='ocrx_word' id='word_1_115' title='bbox 1767 2371 1895 2417; x_wconf 91' lang='lat' dir='ltr'>non</span> 
     </span>
     <span class='ocr_line' id='line_1_19' title="bbox 84 2461 1897 2560; baseline -0.007 -14"><span class='ocrx_word' id='word_1_116' title='bbox 84 2461 316 2560; x_wconf 50' lang='lat' dir='ltr'>affluen—</span> <span class='ocrx_word' id='word_1_117' title='bbox 346 2473 615 2541; x_wconf 89' lang='lat' dir='ltr'>videtur</span> <span class='ocrx_word' id='word_1_118' title='bbox 686 2494 803 2538; x_wconf 94' lang='lat' dir='ltr'>cur</span> <span class='ocrx_word' id='word_1_119' title='bbox 890 2472 1257 2557; x_wconf 85' lang='lat' dir='ltr'>Baptismus</span> <span class='ocrx_word' id='word_1_120' title='bbox 1335 2468 1615 2536; x_wconf 86' lang='lat' dir='ltr'>conferri</span> <span class='ocrx_word' id='word_1_121' title='bbox 1694 2468 1897 2555; x_wconf 78' lang='lat' dir='ltr'>possit</span> 
     </span>
     <span class='ocr_line' id='line_1_20' title="bbox 88 2573 287 2622; baseline 0.01 -2"><span class='ocrx_word' id='word_1_122' title='bbox 88 2573 287 2622; x_wconf 83' lang='lat' dir='ltr'>bincou·</span> 
     </span>
    </p>
   </div>
   <div class='ocr_carea' id='block_1_7' title="bbox 347 2589 1905 3382">
    <p class='ocr_par' dir='ltr' id='par_1_9' title="bbox 347 2589 1905 3382">
     <span class='ocr_line' id='line_1_21' title="bbox 347 2589 1896 2676; baseline -0.005 -19"><span class='ocrx_word' id='word_1_123' title='bbox 347 2591 549 2657; x_wconf 90' lang='lat' dir='ltr'>alicui</span> <span class='ocrx_word' id='word_1_124' title='bbox 607 2589 908 2656; x_wconf 85' lang='lat' dir='ltr'>existenti</span> <span class='ocrx_word' id='word_1_125' title='bbox 962 2589 1026 2654; x_wconf 91' lang='lat' dir='ltr'>in</span> <span class='ocrx_word' id='word_1_126' title='bbox 1087 2599 1347 2676; x_wconf 88' lang='lat' dir='ltr'>peccato</span> <span class='ocrx_word' id='word_1_127' title='bbox 1420 2589 1655 2672; x_wconf 81' lang='lat' dir='ltr'>magiS,</span> <span class='ocrx_word' id='word_1_128' title='bbox 1701 2606 1896 2673; x_wconf 87' lang='lat' dir='ltr'>quam</span> 
     </span>
     <span class='ocr_line' id='line_1_22' title="bbox 348 2703 1898 2790; baseline -0.006 -13"><span class='ocrx_word' id='word_1_129' title='bbox 348 2714 846 2777; x_wconf 85' lang='lat' dir='ltr'>Sacramentum</span> <span class='ocrx_word' id='word_1_130' title='bbox 895 2709 1224 2782; x_wconf 89' lang='lat' dir='ltr'>vivorum,</span> <span class='ocrx_word' id='word_1_131' title='bbox 1272 2705 1454 2770; x_wconf 90' lang='lat' dir='ltr'>verbi</span> <span class='ocrx_word' id='word_1_132' title='bbox 1522 2704 1754 2790; x_wconf 87' lang='lat' dir='ltr'>gratia,</span> <span class='ocrx_word' id='word_1_133' title='bbox 1801 2703 1898 2768; x_wconf 87' lang='lat' dir='ltr'>in-</span> 
     </span>
     <span class='ocr_line' id='line_1_23' title="bbox 352 2820 1896 2908; baseline -0.006 -14"><span class='ocrx_word' id='word_1_134' title='bbox 352 2828 543 2905; x_wconf 86' lang='lat' dir='ltr'>fanti,</span> <span class='ocrx_word' id='word_1_135' title='bbox 604 2827 747 2892; x_wconf 89' lang='lat' dir='ltr'>sine</span> <span class='ocrx_word' id='word_1_136' title='bbox 831 2824 960 2892; x_wconf 91' lang='lat' dir='ltr'>ulla</span> <span class='ocrx_word' id='word_1_137' title='bbox 1040 2822 1465 2908; x_wconf 89' lang='lat' dir='ltr'>dispositione</span> <span class='ocrx_word' id='word_1_138' title='bbox 1538 2822 1705 2907; x_wconf 77' lang='lat' dir='ltr'>ejuS,</span> <span class='ocrx_word' id='word_1_139' title='bbox 1773 2820 1896 2886; x_wconf 90' lang='lat' dir='ltr'>nisi</span> 
     </span>
     <span class='ocr_line' id='line_1_24' title="bbox 348 2938 1899 3032; baseline -0.003 -23"><span class='ocrx_word' id='word_1_140' title='bbox 348 2943 647 3032; x_wconf 90' lang='lat' dir='ltr'>alioquin</span> <span class='ocrx_word' id='word_1_141' title='bbox 696 2943 1021 3029; x_wconf 90' lang='lat' dir='ltr'>Baptisma</span> <span class='ocrx_word' id='word_1_142' title='bbox 1062 2962 1142 3006; x_wconf 84' lang='lat' dir='ltr'>ex</span> <span class='ocrx_word' id='word_1_143' title='bbox 1185 2939 1447 3027; x_wconf 90' lang='lat' dir='ltr'>propria</span> <span class='ocrx_word' id='word_1_144' title='bbox 1493 2951 1557 3004; x_wconf 91' lang='lat' dir='ltr'>et</span> <span class='ocrx_word' id='word_1_145' title='bbox 1596 2938 1899 3005; x_wconf 88' lang='lat' dir='ltr'>determi-</span> 
     </span>
     <span class='ocr_line' id='line_1_25' title="bbox 349 3057 1896 3142; baseline -0.005 -15"><span class='ocrx_word' id='word_1_146' title='bbox 349 3071 505 3127; x_wconf 89' lang='lat' dir='ltr'>nata</span> <span class='ocrx_word' id='word_1_147' title='bbox 578 3059 865 3126; x_wconf 82' lang='lat' dir='ltr'>efficacia</span> <span class='ocrx_word' id='word_1_148' title='bbox 929 3059 1194 3125; x_wconf 86' lang='lat' dir='ltr'>haberet</span> <span class='ocrx_word' id='word_1_149' title='bbox 1262 3057 1478 3123; x_wconf 89' lang='lat' dir='ltr'>delere</span> <span class='ocrx_word' id='word_1_150' title='bbox 1537 3069 1896 3142; x_wconf 89' lang='lat' dir='ltr'>peccatum.</span> 
     </span>
     <span class='ocr_line' id='line_1_26' title="bbox 353 3174 1905 3246; baseline -0.004 0"><span class='ocrx_word' id='word_1_151' title='bbox 353 3179 448 3246; x_wconf 77' lang='lat' dir='ltr'>Ad</span> <span class='ocrx_word' id='word_1_152' title='bbox 500 3180 625 3245; x_wconf 91' lang='lat' dir='ltr'>hoc</span> <span class='ocrx_word' id='word_1_153' title='bbox 680 3191 895 3244; x_wconf 91' lang='lat' dir='ltr'>autem</span> <span class='ocrx_word' id='word_1_154' title='bbox 938 3197 1066 3242; x_wconf 91' lang='lat' dir='ltr'>non</span> <span class='ocrx_word' id='word_1_155' title='bbox 1119 3174 1363 3243; x_wconf 82' lang='lat' dir='ltr'>sufficit</span> <span class='ocrx_word' id='word_1_156' title='bbox 1403 3176 1644 3242; x_wconf 85' lang='lat' dir='ltr'>habere</span> <span class='ocrx_word' id='word_1_157' title='bbox 1684 3174 1905 3242; x_wconf 81' lang='lat' dir='ltr'>effica-</span> 
     </span>
     <span class='ocr_line' id='line_1_27' title="bbox 351 3293 1900 3382; baseline 0 -20"><span class='ocrx_word' id='word_1_158' title='bbox 351 3297 522 3364; x_wconf 86' lang='lat' dir='ltr'>ciam</span> <span class='ocrx_word' id='word_1_159' title='bbox 562 3295 755 3361; x_wconf 91' lang='lat' dir='ltr'>dandi</span> <span class='ocrx_word' id='word_1_160' title='bbox 803 3294 1106 3381; x_wconf 88' lang='lat' dir='ltr'>gratiam,</span> <span class='ocrx_word' id='word_1_161' title='bbox 1153 3315 1302 3382; x_wconf 81' lang='lat' dir='ltr'>quae</span> <span class='ocrx_word' id='word_1_162' title='bbox 1332 3293 1411 3359; x_wconf 91' lang='lat' dir='ltr'>de</span> <span class='ocrx_word' id='word_1_163' title='bbox 1443 3314 1513 3359; x_wconf 90' lang='lat' dir='ltr'>se</span> <span class='ocrx_word' id='word_1_164' title='bbox 1555 3294 1900 3362; x_wconf 89' lang='lat' dir='ltr'>remissiva</span> 
     </span>
    </p>
   </div>
   <div class='ocr_carea' id='block_1_8' title="bbox 156 3415 1910 4544">
    <p class='ocr_par' dir='ltr' id='par_1_10' title="bbox 353 3415 1909 4413">
     <span class='ocr_line' id='line_1_28' title="bbox 353 3415 1903 3504; baseline -0.003 -21"><span class='ocrx_word' id='word_1_165' title='bbox 353 3431 456 3483; x_wconf 91' lang='lat' dir='ltr'>est</span> <span class='ocrx_word' id='word_1_166' title='bbox 507 3416 772 3504; x_wconf 87' lang='lat' dir='ltr'>peccati,</span> <span class='ocrx_word' id='word_1_167' title='bbox 847 3416 958 3484; x_wconf 90' lang='lat' dir='ltr'>sed</span> <span class='ocrx_word' id='word_1_168' title='bbox 1020 3416 1374 3503; x_wconf 87' lang='lat' dir='ltr'>requiritur</span> <span class='ocrx_word' id='word_1_169' title='bbox 1415 3427 1484 3482; x_wconf 90' lang='lat' dir='ltr'>ut</span> <span class='ocrx_word' id='word_1_170' title='bbox 1534 3415 1903 3503; x_wconf 89' lang='lat' dir='ltr'>Baptismus</span> 
     </span>
     <span class='ocr_line' id='line_1_29' title="bbox 355 3528 1897 3620; baseline -0.004 -20"><span class='ocrx_word' id='word_1_171' title='bbox 355 3534 668 3620; x_wconf 85' lang='lat' dir='ltr'>primario</span> <span class='ocrx_word' id='word_1_172' title='bbox 736 3534 1188 3601; x_wconf 89' lang='lat' dir='ltr'>remissionem</span> <span class='ocrx_word' id='word_1_173' title='bbox 1250 3532 1489 3618; x_wconf 91' lang='lat' dir='ltr'>peccati</span> <span class='ocrx_word' id='word_1_174' title='bbox 1569 3528 1897 3618; x_wconf 89' lang='lat' dir='ltr'>respiciat,</span> 
     </span>
     <span class='ocr_line' id='line_1_30' title="bbox 354 3645 1904 3738; baseline -0.004 -22"><span class='ocrx_word' id='word_1_175' title='bbox 354 3651 634 3737; x_wconf 90' lang='lat' dir='ltr'>gratiam</span> <span class='ocrx_word' id='word_1_176' title='bbox 677 3671 833 3717; x_wconf 89' lang='lat' dir='ltr'>vero</span> <span class='ocrx_word' id='word_1_177' title='bbox 873 3651 1259 3738; x_wconf 84' lang='lat' dir='ltr'>inquantum</span> <span class='ocrx_word' id='word_1_178' title='bbox 1301 3669 1553 3714; x_wconf 82' lang='lat' dir='ltr'>annexa</span> <span class='ocrx_word' id='word_1_179' title='bbox 1584 3657 1683 3713; x_wconf 91' lang='lat' dir='ltr'>est</span> <span class='ocrx_word' id='word_1_180' title='bbox 1712 3645 1771 3711; x_wconf 92' lang='lat' dir='ltr'>ei</span> <span class='ocrx_word' id='word_1_181' title='bbox 1805 3666 1904 3711; x_wconf 90' lang='lat' dir='ltr'>re-</span> 
     </span>
     <span class='ocr_line' id='line_1_31' title="bbox 358 3760 1903 3853; baseline -0.004 -23"><span class='ocrx_word' id='word_1_182' title='bbox 358 3765 588 3834; x_wconf 86' lang='lat' dir='ltr'>missio</span> <span class='ocrx_word' id='word_1_183' title='bbox 611 3764 899 3853; x_wconf 88' lang='lat' dir='ltr'>peccati;</span> <span class='ocrx_word' id='word_1_184' title='bbox 953 3785 1031 3830; x_wconf 85' lang='lat' dir='ltr'>ex</span> <span class='ocrx_word' id='word_1_185' title='bbox 1069 3784 1197 3851; x_wconf 87' lang='lat' dir='ltr'>quo</span> <span class='ocrx_word' id='word_1_186' title='bbox 1236 3763 1537 3850; x_wconf 86' lang='lat' dir='ltr'>sequitur</span> <span class='ocrx_word' id='word_1_187' title='bbox 1575 3760 1903 3827; x_wconf 89' lang='lat' dir='ltr'>remissio·</span> 
     </span>
     <span class='ocr_line' id='line_1_32' title="bbox 358 3877 1903 3967; baseline -0.006 -18"><span class='ocrx_word' id='word_1_188' title='bbox 358 3902 509 3950; x_wconf 90' lang='lat' dir='ltr'>nem</span> <span class='ocrx_word' id='word_1_189' title='bbox 542 3880 783 3967; x_wconf 90' lang='lat' dir='ltr'>peccati</span> <span class='ocrx_word' id='word_1_190' title='bbox 825 3898 971 3944; x_wconf 90' lang='lat' dir='ltr'>esse</span> <span class='ocrx_word' id='word_1_191' title='bbox 996 3877 1331 3963; x_wconf 88' lang='lat' dir='ltr'>proprium</span> <span class='ocrx_word' id='word_1_192' title='bbox 1358 3878 1526 3963; x_wconf 81' lang='lat' dir='ltr'>ejuS,</span> <span class='ocrx_word' id='word_1_193' title='bbox 1554 3887 1618 3942; x_wconf 91' lang='lat' dir='ltr'>et</span> <span class='ocrx_word' id='word_1_194' title='bbox 1647 3895 1903 3961; x_wconf 85' lang='lat' dir='ltr'>expres-</span> 
     </span>
     <span class='ocr_line' id='line_1_33' title="bbox 359 3992 1897 4082; baseline -0.005 -17"><span class='ocrx_word' id='word_1_195' title='bbox 359 4020 507 4065; x_wconf 90' lang='lat' dir='ltr'>sum</span> <span class='ocrx_word' id='word_1_196' title='bbox 536 3996 977 4082; x_wconf 87' lang='lat' dir='ltr'>significatum</span> <span class='ocrx_word' id='word_1_197' title='bbox 1010 3993 1305 4060; x_wconf 84' lang='lat' dir='ltr'>conferre</span> <span class='ocrx_word' id='word_1_198' title='bbox 1335 4006 1549 4060; x_wconf 90' lang='lat' dir='ltr'>autem</span> <span class='ocrx_word' id='word_1_199' title='bbox 1584 3992 1897 4078; x_wconf 80' lang='lat' dir='ltr'>gratiam,</span> 
     </span>
     <span class='ocr_line' id='line_1_34' title="bbox 360 4108 1907 4198; baseline -0.005 -18"><span class='ocrx_word' id='word_1_200' title='bbox 360 4135 508 4180; x_wconf 89' lang='lat' dir='ltr'>esse</span> <span class='ocrx_word' id='word_1_201' title='bbox 572 4110 1014 4198; x_wconf 83' lang='lat' dir='ltr'>significatum</span> <span class='ocrx_word' id='word_1_202' title='bbox 1084 4110 1551 4187; x_wconf 81' lang='lat' dir='ltr'>concomitanS,</span> <span class='ocrx_word' id='word_1_203' title='bbox 1635 4108 1907 4196; x_wconf 86' lang='lat' dir='ltr'>inquan-</span> 
     </span>
     <span class='ocr_line' id='line_1_35' title="bbox 365 4225 1909 4314; baseline -0.005 -17"><span class='ocrx_word' id='word_1_204' title='bbox 365 4242 504 4297; x_wconf 92' lang='lat' dir='ltr'>tum</span> <span class='ocrx_word' id='word_1_205' title='bbox 552 4228 677 4314; x_wconf 88' lang='lat' dir='ltr'>ipsi</span> <span class='ocrx_word' id='word_1_206' title='bbox 729 4247 1020 4296; x_wconf 86' lang='lat' dir='ltr'>connexa</span> <span class='ocrx_word' id='word_1_207' title='bbox 1090 4240 1190 4293; x_wconf 89' lang='lat' dir='ltr'>est</span> <span class='ocrx_word' id='word_1_208' title='bbox 1236 4227 1385 4293; x_wconf 88' lang='lat' dir='ltr'>talis</span> <span class='ocrx_word' id='word_1_209' title='bbox 1452 4225 1776 4309; x_wconf 84' lang='lat' dir='ltr'>remissio,</span> <span class='ocrx_word' id='word_1_210' title='bbox 1839 4236 1909 4290; x_wconf 91' lang='lat' dir='ltr'>ut</span> 
     </span>
     <span class='ocr_line' id='line_1_36' title="bbox 369 4346 820 4413; baseline 0 -1"><span class='ocrx_word' id='word_1_211' title='bbox 369 4346 524 4413; x_wconf 89' lang='lat' dir='ltr'>dicit</span> <span class='ocrx_word' id='word_1_212' title='bbox 564 4350 820 4412; x_wconf 90' lang='lat' dir='ltr'>Doctor.</span> 
     </span>
    </p>

    <p class='ocr_par' dir='ltr' id='par_1_11' title="bbox 156 4450 1910 4544">
     <span class='ocr_line' id='line_1_37' title="bbox 156 4450 1910 4544; baseline -0.003 -17"><span class='ocrx_word' id='word_1_213' title='bbox 156 4460 222 4516; x_wconf 76' lang='lat'>58,</span> <span class='ocrx_word' id='word_1_214' title='bbox 457 4461 621 4527; x_wconf 88' lang='lat' dir='ltr'>Hinc</span> <span class='ocrx_word' id='word_1_215' title='bbox 661 4460 765 4526; x_wconf 89' lang='lat' dir='ltr'>illa</span> <span class='ocrx_word' id='word_1_216' title='bbox 806 4460 959 4539; x_wconf 92' lang='lat' dir='ltr'>duo,</span> <span class='ocrx_word' id='word_1_217' title='bbox 1010 4450 1465 4527; x_wconf 50' lang='lat' dir='ltr'>remissionem</span> <span class='ocrx_word' id='word_1_218' title='bbox 1524 4459 1802 4544; x_wconf 75' lang='lat' dir='ltr'>peccati,</span> <span class='ocrx_word' id='word_1_219' title='bbox 1849 4466 1910 4521; x_wconf 82' lang='lat' dir='ltr'>et</span> 
     </span>
    </p>
   </div>
   <div class='ocr_carea' id='block_1_9' title="bbox 91 4520 309 4573">
    <p class='ocr_par' dir='ltr' id='par_1_12' title="bbox 91 4520 309 4573">
     <span class='ocr_line' id='line_1_38' title="bbox 91 4520 309 4573; baseline 0.018 -3"><span class='ocrx_word' id='word_1_220' title='bbox 91 4520 309 4573; x_wconf 72' lang='lat' dir='ltr'>Remissio</span> 
     </span>
    </p>
   </div>
   <div class='ocr_carea' id='block_1_10' title="bbox 121 4574 1910 4696">
    <p class='ocr_par' dir='ltr' id='par_1_13' title="bbox 121 4574 1910 4696">
     <span class='ocr_line' id='line_1_39' title="bbox 121 4574 1910 4696; baseline -0.027 -11"><span class='ocrx_word' id='word_1_221' title='bbox 121 4585 291 4696; x_wconf 54' lang='grc' dir='ltr'>ξξῆζῗξζ</span> <span class='ocrx_word' id='word_1_222' title='bbox 370 4575 794 4643; x_wconf 72' lang='lat' dir='ltr'>collationem</span> <span class='ocrx_word' id='word_1_223' title='bbox 819 4578 1079 4664; x_wconf 64' lang='grc' dir='ltr'>ῼΥαῑῖίὲ,</span> <span class='ocrx_word' id='word_1_224' title='bbox 1107 4589 1416 4661; x_wconf 73' lang='lat' dir='ltr'>tanquam</span> <span class='ocrx_word' id='word_1_225' title='bbox 1450 4575 1707 4640; x_wconf 90' lang='lat' dir='ltr'>diversa</span> <span class='ocrx_word' id='word_1_226' title='bbox 1732 4574 1910 4661; x_wconf 90' lang='lat' dir='ltr'>(licet</span> 
     </span>
    </p>
   </div>
   <div class='ocr_carea' id='block_1_11' title="bbox 90 4691 1913 5129">
    <p class='ocr_par' dir='ltr' id='par_1_14' title="bbox 90 4691 1912 5012">
     <span class='ocr_line' id='line_1_40' title="bbox 115 4691 1909 4820; baseline -0.002 -59"><span class='ocrx_word' id='word_1_227' title='bbox 115 4710 288 4820; x_wconf 46' lang='lat' dir='ltr'>,¹³2⁸ssss</span> <span class='ocrx_word' id='word_1_228' title='bbox 374 4694 883 4760; x_wconf 89' lang='lat' dir='ltr'>concomitanter</span> <span class='ocrx_word' id='word_1_229' title='bbox 958 4714 1029 4759; x_wconf 89' lang='lat' dir='ltr'>se</span> <span class='ocrx_word' id='word_1_230' title='bbox 1082 4693 1365 4777; x_wconf 89' lang='lat' dir='ltr'>habent)</span> <span class='ocrx_word' id='word_1_231' title='bbox 1412 4691 1740 4777; x_wconf 88' lang='lat' dir='ltr'>explicant</span> <span class='ocrx_word' id='word_1_232' title='bbox 1790 4694 1909 4757; x_wconf 88' lang='lat' dir='ltr'>Pa-</span> 
     </span>
     <span class='ocr_line' id='line_1_41' title="bbox 90 4807 1912 4899; baseline -0.003 -21"><span class='ocrx_word' id='word_1_233' title='bbox 90 4812 321 4899; x_wconf 54' lang='lat' dir='ltr'>ttitqvnad.</span> <span class='ocrx_word' id='word_1_234' title='bbox 370 4821 521 4878; x_wconf 89' lang='lat' dir='ltr'>tres.</span> <span class='ocrx_word' id='word_1_235' title='bbox 594 4810 756 4877; x_wconf 87' lang='lat' dir='ltr'>Hinc</span> <span class='ocrx_word' id='word_1_236' title='bbox 814 4809 1261 4874; x_wconf 87' lang='lat' dir='ltr'>Milevitanum</span> <span class='ocrx_word' id='word_1_237' title='bbox 1330 4829 1474 4893; x_wconf 83' lang='lat' dir='ltr'>cap.</span> <span class='ocrx_word' id='word_1_238' title='bbox 1520 4812 1582 4874; x_wconf 86' lang='lat'>3.</span> <span class='ocrx_word' id='word_1_239' title='bbox 1648 4807 1912 4873; x_wconf 90' lang='lat' dir='ltr'>damnat</span> 
     </span>
     <span class='ocr_line' id='line_1_42' title="bbox 109 4895 1909 5012; baseline -0.003 -19"><span class='ocrx_word' id='word_1_240' title='bbox 109 4895 309 4951; x_wconf 54' lang='lat' dir='ltr'>de‘m·</span> <span class='ocrx_word' id='word_1_241' title='bbox 375 4927 704 5012; x_wconf 84' lang='lat' dir='ltr'>Pelagium</span> <span class='ocrx_word' id='word_1_242' title='bbox 768 4937 1165 4992; x_wconf 86' lang='lat' dir='ltr'>asserentem</span> <span class='ocrx_word' id='word_1_243' title='bbox 1243 4924 1520 5011; x_wconf 89' lang='lat' dir='ltr'>gratiam</span> <span class='ocrx_word' id='word_1_244' title='bbox 1572 4925 1648 4989; x_wconf 87' lang='lat' dir='ltr'>ad</span> <span class='ocrx_word' id='word_1_245' title='bbox 1708 4924 1909 4989; x_wconf 88' lang='lat' dir='ltr'>solam</span> 
     </span>
    </p>

    <p class='ocr_par' dir='ltr' id='par_1_15' title="bbox 378 5041 1913 5129">
     <span class='ocr_line' id='line_1_43' title="bbox 378 5041 1913 5129; baseline -0.003 -21"><span class='ocrx_word' id='word_1_246' title='bbox 378 5056 781 5129; x_wconf 89' lang='lat' dir='ltr'>peccatorum</span> <span class='ocrx_word' id='word_1_247' title='bbox 838 5042 1319 5113; x_wconf 85' lang='lat' dir='ltr'>remissionem.</span> <span class='ocrx_word' id='word_1_248' title='bbox 1379 5060 1527 5128; x_wconf 88' lang='lat' dir='ltr'>quae</span> <span class='ocrx_word' id='word_1_249' title='bbox 1561 5041 1694 5126; x_wconf 87' lang='lat' dir='ltr'>jam</span> <span class='ocrx_word' id='word_1_250' title='bbox 1738 5061 1913 5105; x_wconf 88' lang='lat' dir='ltr'>com-</span> 
     </span>
    </p>
   </div>
   <div class='ocr_carea' id='block_1_12' title="bbox 378 5155 1911 5243">
    <p class='ocr_par' dir='ltr' id='par_1_16' title="bbox 378 5155 1911 5243">
     <span class='ocr_line' id='line_1_44' title="bbox 378 5155 1911 5243; baseline -0.003 -18"><span class='ocrx_word' id='word_1_251' title='bbox 378 5159 574 5225; x_wconf 90' lang='lat' dir='ltr'>missa</span> <span class='ocrx_word' id='word_1_252' title='bbox 645 5168 820 5234; x_wconf 92' lang='lat' dir='ltr'>sunt,</span> <span class='ocrx_word' id='word_1_253' title='bbox 901 5157 1266 5243; x_wconf 81' lang='lat' dir='ltr'>pertinere;</span> <span class='ocrx_word' id='word_1_254' title='bbox 1330 5166 1394 5221; x_wconf 91' lang='lat' dir='ltr'>et</span> <span class='ocrx_word' id='word_1_255' title='bbox 1460 5155 1911 5221; x_wconf 86' lang='lat' dir='ltr'>Tridentinnm</span> 
     </span>
    </p>
   </div>
   <div class='ocr_carea' id='block_1_13' title="bbox 83 2637 279 2687">
    <p class='ocr_par' dir='ltr' id='par_1_17' title="bbox 83 2637 279 2687">
     <span class='ocr_line' id='line_1_45' title="bbox 83 2637 279 2687; baseline 0.02 -4"><span class='ocrx_word' id='word_1_256' title='bbox 83 2637 279 2687; x_wconf 58' lang='lat' dir='ltr'>venienti.</span> 
     </span>
    </p>
   </div>
   <div class='ocr_carea' id='block_1_14' title="bbox 375 5279 1916 5367">
    <p class='ocr_par' dir='ltr' id='par_1_18' title="bbox 375 5279 1916 5367">
     <span class='ocr_line' id='line_1_46' title="bbox 375 5279 1916 5367; baseline -0.004 -18"><span class='ocrx_word' id='word_1_257' title='bbox 375 5306 524 5352; x_wconf 78' lang='lat' dir='ltr'>sess.</span> <span class='ocrx_word' id='word_1_258' title='bbox 561 5286 625 5350; x_wconf 90' lang='lat'>6.</span> <span class='ocrx_word' id='word_1_259' title='bbox 672 5304 820 5349; x_wconf 75' lang='lat' dir='ltr'>can.</span> <span class='ocrx_word' id='word_1_260' title='bbox 873 5286 977 5348; x_wconf 77' lang='lat'>11.</span> <span class='ocrx_word' id='word_1_261' title='bbox 1024 5294 1086 5347; x_wconf 84' lang='lat' dir='ltr'>ec</span> <span class='ocrx_word' id='word_1_262' title='bbox 1116 5303 1261 5367; x_wconf 75' lang='lat' dir='ltr'>cap.</span> <span class='ocrx_word' id='word_1_263' title='bbox 1324 5285 1386 5346; x_wconf 88' lang='grc'>6.</span> <span class='ocrx_word' id='word_1_264' title='bbox 1443 5281 1627 5346; x_wconf 92' lang='lat' dir='ltr'>docet</span> <span class='ocrx_word' id='word_1_265' title='bbox 1677 5279 1916 5367; x_wconf 81' lang='lat' dir='ltr'>justifi-</span> 
     </span>
    </p>
   </div>
   <div class='ocr_carea' id='block_1_15' title="bbox 378 5412 1915 5626">
    <p class='ocr_par' dir='ltr' id='par_1_19' title="bbox 378 5412 1915 5626">
     <span class='ocr_line' id='line_1_47' title="bbox 378 5412 1915 5500; baseline -0.003 -20"><span class='ocrx_word' id='word_1_266' title='bbox 378 5416 694 5481; x_wconf 78' lang='lat' dir='ltr'>cationem</span> <span class='ocrx_word' id='word_1_267' title='bbox 765 5426 1175 5500; x_wconf 86' lang='lat' dir='ltr'>peccatorum</span> <span class='ocrx_word' id='word_1_268' title='bbox 1254 5424 1604 5499; x_wconf 89' lang='lat' dir='ltr'>utrumque</span> <span class='ocrx_word' id='word_1_269' title='bbox 1682 5412 1915 5477; x_wconf 87' lang='lat' dir='ltr'>horum</span> 
     </span>
     <span class='ocr_line' id='line_1_48' title="bbox 380 5536 1914 5626; baseline -0.005 -17"><span class='ocrx_word' id='word_1_270' title='bbox 380 5541 735 5618; x_wconf 88' lang='lat' dir='ltr'>continere,</span> <span class='ocrx_word' id='word_1_271' title='bbox 781 5550 843 5607; x_wconf 90' lang='lat' dir='ltr'>et</span> <span class='ocrx_word' id='word_1_272' title='bbox 883 5537 1333 5605; x_wconf 90' lang='lat' dir='ltr'>remissionem</span> <span class='ocrx_word' id='word_1_273' title='bbox 1377 5536 1644 5626; x_wconf 88' lang='lat' dir='ltr'>peccati,</span> <span class='ocrx_word' id='word_1_274' title='bbox 1716 5547 1780 5602; x_wconf 91' lang='lat' dir='ltr'>et</span> <span class='ocrx_word' id='word_1_275' title='bbox 1820 5557 1914 5602; x_wconf 81' lang='lat' dir='ltr'>re-</span> 
     </span>
    </p>
   </div>
   <div class='ocr_carea' id='block_1_16' title="bbox 3418 325 3530 390">
    <p class='ocr_par' dir='ltr' id='par_1_20' title="bbox 3418 325 3530 390">
     <span class='ocr_line' id='line_1_49' title="bbox 3418 325 3530 390; baseline -0.009 0"><span class='ocrx_word' id='word_1_276' title='bbox 3418 325 3530 390; x_wconf 75' lang='lat'>231</span> 
     </span>
    </p>
   </div>
   <div class='ocr_carea' id='block_1_17' title="bbox 1994 493 3561 2112">
    <p class='ocr_par' dir='ltr' id='par_1_21' title="bbox 1994 493 3561 2112">
     <span class='ocr_line' id='line_1_50' title="bbox 2002 493 3551 586; baseline -0.013 -10"><span class='ocrx_word' id='word_1_277' title='bbox 2002 508 2417 576; x_wconf 87' lang='lat' dir='ltr'>novationem</span> <span class='ocrx_word' id='word_1_278' title='bbox 2479 503 2854 570; x_wconf 88' lang='lat' dir='ltr'>interiorem</span> <span class='ocrx_word' id='word_1_279' title='bbox 2925 519 3041 586; x_wconf 91' lang='lat' dir='ltr'>per</span> <span class='ocrx_word' id='word_1_280' title='bbox 3107 493 3410 584; x_wconf 88' lang='lat' dir='ltr'>gratiam.</span> <span class='ocrx_word' id='word_1_281' title='bbox 3471 493 3551 557; x_wconf 87' lang='lat' dir='ltr'>Et</span> 
     </span>
     <span class='ocr_line' id='line_1_51' title="bbox 1997 612 3548 707; baseline -0.014 -15"><span class='ocrx_word' id='word_1_282' title='bbox 1997 624 2356 693; x_wconf 86' lang='lat' dir='ltr'>secundum</span> <span class='ocrx_word' id='word_1_283' title='bbox 2445 619 2909 707; x_wconf 82' lang='lat' dir='ltr'>Augustinum,</span> <span class='ocrx_word' id='word_1_284' title='bbox 2989 612 3249 702; x_wconf 90' lang='lat' dir='ltr'>justitia</span> <span class='ocrx_word' id='word_1_285' title='bbox 3326 619 3548 675; x_wconf 87' lang='lat' dir='ltr'>nostra</span> 
     </span>
     <span class='ocr_line' id='line_1_52' title="bbox 2000 728 3551 831; baseline -0.013 -22"><span class='ocrx_word' id='word_1_286' title='bbox 2000 739 2422 831; x_wconf 87' lang='lat' dir='ltr'>principalius</span> <span class='ocrx_word' id='word_1_287' title='bbox 2460 734 2759 804; x_wconf 88' lang='lat' dir='ltr'>consistit</span> <span class='ocrx_word' id='word_1_288' title='bbox 2789 732 2854 799; x_wconf 92' lang='lat' dir='ltr'>in</span> <span class='ocrx_word' id='word_1_289' title='bbox 2897 728 3283 795; x_wconf 89' lang='lat' dir='ltr'>remissione</span> <span class='ocrx_word' id='word_1_290' title='bbox 3325 744 3551 813; x_wconf 89' lang='lat' dir='ltr'>pecca-</span> 
     </span>
     <span class='ocr_line' id='line_1_53' title="bbox 1999 847 3550 945; baseline -0.014 -20"><span class='ocrx_word' id='word_1_291' title='bbox 1999 860 2071 938; x_wconf 89' lang='lat' dir='ltr'>ti,</span> <span class='ocrx_word' id='word_1_292' title='bbox 2124 876 2319 945; x_wconf 87' lang='lat' dir='ltr'>quam</span> <span class='ocrx_word' id='word_1_293' title='bbox 2370 853 2436 919; x_wconf 91' lang='lat' dir='ltr'>in</span> <span class='ocrx_word' id='word_1_294' title='bbox 2489 851 2834 919; x_wconf 88' lang='lat' dir='ltr'>collatione</span> <span class='ocrx_word' id='word_1_295' title='bbox 2882 847 3138 934; x_wconf 83' lang='lat' dir='ltr'>gratiae,</span> <span class='ocrx_word' id='word_1_296' title='bbox 3201 855 3289 924; x_wconf 93' lang='lat' dir='ltr'>et,</span> <span class='ocrx_word' id='word_1_297' title='bbox 3352 850 3550 929; x_wconf 85' lang='lat' dir='ltr'>prout</span> 
     </span>
     <span class='ocr_line' id='line_1_54' title="bbox 1998 955 3552 1059; baseline -0.012 -19"><span class='ocrx_word' id='word_1_298' title='bbox 1998 975 2166 1041; x_wconf 84' lang='lat' dir='ltr'>infra</span> <span class='ocrx_word' id='word_1_299' title='bbox 2206 971 2481 1048; x_wconf 89' lang='lat' dir='ltr'>dicetur,</span> <span class='ocrx_word' id='word_1_300' title='bbox 2536 981 2867 1059; x_wconf 85' lang='lat' dir='ltr'>peccatum</span> <span class='ocrx_word' id='word_1_301' title='bbox 2918 964 3157 1033; x_wconf 86' lang='lat' dir='ltr'>remitti</span> <span class='ocrx_word' id='word_1_302' title='bbox 3203 974 3423 1049; x_wconf 91' lang='lat' dir='ltr'>posset</span> <span class='ocrx_word' id='word_1_303' title='bbox 3472 955 3552 1022; x_wconf 90' lang='lat' dir='ltr'>de</span> 
     </span>
     <span class='ocr_line' id='line_1_55' title="bbox 1994 1077 3556 1180; baseline -0.012 -21"><span class='ocrx_word' id='word_1_304' title='bbox 1994 1092 2282 1180; x_wconf 87' lang='lat' dir='ltr'>potentia</span> <span class='ocrx_word' id='word_1_305' title='bbox 2317 1089 2610 1156; x_wconf 82' lang='lat' dir='ltr'>absoluta</span> <span class='ocrx_word' id='word_1_306' title='bbox 2656 1087 2799 1151; x_wconf 93' lang='lat' dir='ltr'>sine</span> <span class='ocrx_word' id='word_1_307' title='bbox 2838 1083 3073 1170; x_wconf 90' lang='lat' dir='ltr'>gratia,</span> <span class='ocrx_word' id='word_1_308' title='bbox 3124 1100 3272 1167; x_wconf 87' lang='lat' dir='ltr'>quae</span> <span class='ocrx_word' id='word_1_309' title='bbox 3324 1077 3378 1142; x_wconf 89' lang='lat' dir='ltr'>ei</span> <span class='ocrx_word' id='word_1_310' title='bbox 3428 1094 3556 1140; x_wconf 90' lang='lat' dir='ltr'>non</span> 
     </span>
     <span class='ocr_line' id='line_1_56' title="bbox 1997 1190 3561 1296; baseline -0.013 -22"><span class='ocrx_word' id='word_1_311' title='bbox 1997 1207 2350 1296; x_wconf 89' lang='lat' dir='ltr'>opponitur</span> <span class='ocrx_word' id='word_1_312' title='bbox 2389 1226 2468 1271; x_wconf 85' lang='lat' dir='ltr'>ex</span> <span class='ocrx_word' id='word_1_313' title='bbox 2503 1215 2732 1269; x_wconf 90' lang='lat' dir='ltr'>natura</span> <span class='ocrx_word' id='word_1_314' title='bbox 2766 1201 2882 1279; x_wconf 91' lang='lat' dir='ltr'>rei,</span> <span class='ocrx_word' id='word_1_315' title='bbox 2937 1197 3048 1264; x_wconf 86' lang='lat' dir='ltr'>sed</span> <span class='ocrx_word' id='word_1_316' title='bbox 3095 1217 3175 1261; x_wconf 89' lang='lat' dir='ltr'>ex</span> <span class='ocrx_word' id='word_1_317' title='bbox 3208 1190 3561 1260; x_wconf 87' lang='lat' dir='ltr'>ordinatio-</span> 
     </span>
     <span class='ocr_line' id='line_1_57' title="bbox 2002 1307 3559 1407; baseline -0.014 -15"><span class='ocrx_word' id='word_1_318' title='bbox 2002 1348 2082 1393; x_wconf 93' lang='lat' dir='ltr'>ne</span> <span class='ocrx_word' id='word_1_319' title='bbox 2112 1325 2368 1400; x_wconf 85' lang='lat' dir='ltr'>divina;</span> <span class='ocrx_word' id='word_1_320' title='bbox 2424 1341 2581 1407; x_wconf 88' lang='lat' dir='ltr'>ergo</span> <span class='ocrx_word' id='word_1_321' title='bbox 2620 1319 2762 1384; x_wconf 79' lang='lat' dir='ltr'>haec</span> <span class='ocrx_word' id='word_1_322' title='bbox 2794 1314 3094 1382; x_wconf 91' lang='lat' dir='ltr'>remissio</span> <span class='ocrx_word' id='word_1_323' title='bbox 3162 1307 3403 1398; x_wconf 89' lang='lat' dir='ltr'>peccati</span> <span class='ocrx_word' id='word_1_324' title='bbox 3448 1327 3559 1394; x_wconf 89' lang='lat' dir='ltr'>po—</span> 
     </span>
     <span class='ocr_line' id='line_1_58' title="bbox 1995 1426 3552 1520; baseline -0.016 -9"><span class='ocrx_word' id='word_1_325' title='bbox 1995 1456 2123 1511; x_wconf 86' lang='lat' dir='ltr'>test</span> <span class='ocrx_word' id='word_1_326' title='bbox 2153 1461 2297 1508; x_wconf 91' lang='lat' dir='ltr'>esse</span> <span class='ocrx_word' id='word_1_327' title='bbox 2336 1438 2605 1506; x_wconf 79' lang='lat' dir='ltr'>effectus</span> <span class='ocrx_word' id='word_1_328' title='bbox 2636 1436 2913 1520; x_wconf 84' lang='lat' dir='ltr'>alicujus</span> <span class='ocrx_word' id='word_1_329' title='bbox 2957 1426 3354 1497; x_wconf 88' lang='lat' dir='ltr'>Sacramenti</span> <span class='ocrx_word' id='word_1_330' title='bbox 3399 1444 3552 1510; x_wconf 90' lang='lat' dir='ltr'>pro-</span> 
     </span>
     <span class='ocr_line' id='line_1_59' title="bbox 2002 1543 3554 1646; baseline -0.015 -20"><span class='ocrx_word' id='word_1_331' title='bbox 2002 1560 2210 1646; x_wconf 77' lang='lat' dir='ltr'>priuS‚</span> <span class='ocrx_word' id='word_1_332' title='bbox 2253 1557 2422 1623; x_wconf 92' lang='lat' dir='ltr'>sicut</span> <span class='ocrx_word' id='word_1_333' title='bbox 2452 1567 2552 1621; x_wconf 88' lang='lat' dir='ltr'>est</span> <span class='ocrx_word' id='word_1_334' title='bbox 2582 1549 2917 1639; x_wconf 89' lang='lat' dir='ltr'>Baptismi,</span> <span class='ocrx_word' id='word_1_335' title='bbox 2969 1568 3043 1614; x_wconf 90' lang='lat' dir='ltr'>ac</span> <span class='ocrx_word' id='word_1_336' title='bbox 3100 1543 3371 1632; x_wconf 87' lang='lat' dir='ltr'>proinde</span> <span class='ocrx_word' id='word_1_337' title='bbox 3426 1559 3554 1604; x_wconf 92' lang='lat' dir='ltr'>non</span> 
     </span>
     <span class='ocr_line' id='line_1_60' title="bbox 2002 1657 3554 1745; baseline -0.011 -2"><span class='ocrx_word' id='word_1_338' title='bbox 2002 1685 2177 1744; x_wconf 86' lang='lat' dir='ltr'>recte</span> <span class='ocrx_word' id='word_1_339' title='bbox 2217 1671 2636 1742; x_wconf 79' lang='lat' dir='ltr'>confunditur</span> <span class='ocrx_word' id='word_1_340' title='bbox 2704 1688 2850 1734; x_wconf 91' lang='lat' dir='ltr'>cum</span> <span class='ocrx_word' id='word_1_341' title='bbox 2904 1663 3248 1731; x_wconf 88' lang='lat' dir='ltr'>collatione</span> <span class='ocrx_word' id='word_1_342' title='bbox 3296 1657 3554 1745; x_wconf 66' lang='lat' dir='ltr'>gratiae,</span> 
     </span>
     <span class='ocr_line' id='line_1_61' title="bbox 2001 1773 3560 1881; baseline -0.015 -20"><span class='ocrx_word' id='word_1_343' title='bbox 2001 1809 2312 1881; x_wconf 87' lang='lat' dir='ltr'>tanquam</span> <span class='ocrx_word' id='word_1_344' title='bbox 2365 1809 2490 1856; x_wconf 88' lang='lat' dir='ltr'>una</span> <span class='ocrx_word' id='word_1_345' title='bbox 2545 1799 2608 1853; x_wconf 91' lang='lat' dir='ltr'>et</span> <span class='ocrx_word' id='word_1_346' title='bbox 2648 1784 2869 1851; x_wconf 90' lang='lat' dir='ltr'>eadem</span> <span class='ocrx_word' id='word_1_347' title='bbox 2923 1779 3218 1857; x_wconf 81' lang='lat' dir='ltr'>mutati0,</span> <span class='ocrx_word' id='word_1_348' title='bbox 3278 1776 3429 1844; x_wconf 88' lang='lat' dir='ltr'>licet</span> <span class='ocrx_word' id='word_1_349' title='bbox 3479 1773 3560 1839; x_wconf 89' lang='lat' dir='ltr'>de</span> 
     </span>
     <span class='ocr_line' id='line_1_62' title="bbox 2006 1899 3560 1977; baseline -0.015 -1"><span class='ocrx_word' id='word_1_350' title='bbox 2006 1911 2171 1976; x_wconf 80' lang='lat' dir='ltr'>sacto</span> <span class='ocrx_word' id='word_1_351' title='bbox 2202 1904 2712 1974; x_wconf 87' lang='lat' dir='ltr'>concomitanter</span> <span class='ocrx_word' id='word_1_352' title='bbox 2743 1921 2814 1966; x_wconf 90' lang='lat' dir='ltr'>se</span> <span class='ocrx_word' id='word_1_353' title='bbox 2843 1899 3144 1971; x_wconf 86' lang='lat' dir='ltr'>babeant,</span> <span class='ocrx_word' id='word_1_354' title='bbox 3190 1904 3254 1958; x_wconf 87' lang='lat' dir='ltr'>et.</span> <span class='ocrx_word' id='word_1_355' title='bbox 3285 1904 3560 1977; x_wconf 84' lang='lat' dir='ltr'>utraque</span> 
     </span>
     <span class='ocr_line' id='line_1_63' title="bbox 2006 2006 3551 2112; baseline -0.014 -19"><span class='ocrx_word' id='word_1_356' title='bbox 2006 2026 2117 2092; x_wconf 83' lang='lat' dir='ltr'>fiat</span> <span class='ocrx_word' id='word_1_357' title='bbox 2171 2044 2288 2112; x_wconf 88' lang='lat' dir='ltr'>per</span> <span class='ocrx_word' id='word_1_358' title='bbox 2342 2023 2858 2094; x_wconf 88' lang='lat' dir='ltr'>Sacramentum,</span> <span class='ocrx_word' id='word_1_359' title='bbox 2925 2010 3228 2100; x_wconf 88' lang='lat' dir='ltr'>quamvis</span> <span class='ocrx_word' id='word_1_360' title='bbox 3288 2007 3396 2073; x_wconf 88' lang='lat' dir='ltr'>illa</span> <span class='ocrx_word' id='word_1_361' title='bbox 3465 2006 3551 2071; x_wconf 90' lang='lat' dir='ltr'>sit</span> 
     </span>
    </p>
   </div>
   <div class='ocr_carea' id='block_1_18' title="bbox 2006 2130 3555 2237">
    <p class='ocr_par' dir='ltr' id='par_1_22' title="bbox 2006 2130 3555 2237">
     <span class='ocr_line' id='line_1_64' title="bbox 2006 2130 3555 2237; baseline -0.015 -19"><span class='ocrx_word' id='word_1_362' title='bbox 2006 2147 2381 2237; x_wconf 84' lang='lat' dir='ltr'>expressior</span> <span class='ocrx_word' id='word_1_363' title='bbox 2410 2145 2554 2232; x_wconf 91' lang='lat' dir='ltr'>ejus</span> <span class='ocrx_word' id='word_1_364' title='bbox 2585 2138 3003 2229; x_wconf 76' lang='lat' dir='ltr'>significatio,</span> <span class='ocrx_word' id='word_1_365' title='bbox 3038 2147 3101 2202; x_wconf 89' lang='lat' dir='ltr'>et</span> <span class='ocrx_word' id='word_1_366' title='bbox 3133 2134 3342 2220; x_wconf 89' lang='lat' dir='ltr'>magis</span> <span class='ocrx_word' id='word_1_367' title='bbox 3375 2130 3555 2219; x_wconf 90' lang='lat' dir='ltr'>prin-</span> 
     </span>
    </p>
   </div>
   <div class='ocr_carea' id='block_1_19' title="bbox 2006 2266 3887 2704">
    <p class='ocr_par' dir='ltr' id='par_1_23' title="bbox 2006 2266 2259 2353">
     <span class='ocr_line' id='line_1_65' title="bbox 2006 2266 2259 2353; baseline -0.016 -19"><span class='ocrx_word' id='word_1_368' title='bbox 2006 2266 2259 2353; x_wconf 90' lang='lat' dir='ltr'>cipalis.</span> 
     </span>
    </p>

    <p class='ocr_par' dir='ltr' id='par_1_24' title="bbox 2010 2365 3887 2704">
     <span class='ocr_line' id='line_1_66' title="bbox 2098 2365 3887 2483; baseline -0.015 -34"><span class='ocrx_word' id='word_1_369' title='bbox 2098 2381 2394 2449; x_wconf 87' lang='lat' dir='ltr'>Secundo</span> <span class='ocrx_word' id='word_1_370' title='bbox 2434 2376 2745 2464; x_wconf 87' lang='lat' dir='ltr'>probatur</span> <span class='ocrx_word' id='word_1_371' title='bbox 2804 2372 2972 2438; x_wconf 90' lang='lat' dir='ltr'>idem</span> <span class='ocrx_word' id='word_1_372' title='bbox 3020 2369 3100 2435; x_wconf 91' lang='lat' dir='ltr'>de</span> <span class='ocrx_word' id='word_1_373' title='bbox 3140 2365 3548 2434; x_wconf 75' lang='lat' dir='ltr'>Paenitentia.</span> <span class='ocrx_word' id='word_1_374' title='bbox 3588 2368 3887 2483; x_wconf 38' lang='lat' dir='ltr'>Poexl&#39;issienti-</span> 
     </span>
     <span class='ocr_line' id='line_1_67' title="bbox 2013 2483 3799 2583; baseline -0.014 -16"><span class='ocrx_word' id='word_1_375' title='bbox 2013 2501 2228 2567; x_wconf 88' lang='lat' dir='ltr'>Primo</span> <span class='ocrx_word' id='word_1_376' title='bbox 2261 2518 2339 2563; x_wconf 90' lang='lat' dir='ltr'>ex</span> <span class='ocrx_word' id='word_1_377' title='bbox 2371 2497 2514 2583; x_wconf 86' lang='lat' dir='ltr'>ejus</span> <span class='ocrx_word' id='word_1_378' title='bbox 2547 2488 2958 2557; x_wconf 88' lang='lat' dir='ltr'>institutione</span> <span class='ocrx_word' id='word_1_379' title='bbox 2987 2483 3252 2552; x_wconf 83' lang='lat' dir='ltr'>Ioannis</span> <span class='ocrx_word' id='word_1_380' title='bbox 3275 2487 3382 2549; x_wconf 67' lang='grc' dir='ltr'>ΞΟ.</span> <span class='ocrx_word' id='word_1_381' title='bbox 3428 2483 3553 2546; x_wconf 84' lang='lat' dir='ltr'>Ac·</span> <span class='ocrx_word' id='word_1_382' title='bbox 3702 2508 3799 2563; x_wconf 35' lang='lat' dir='ltr'>am·</span> 
     </span>
     <span class='ocr_line' id='line_1_68' title="bbox 2010 2556 3866 2704; baseline -0.016 -21"><span class='ocrx_word' id='word_1_383' title='bbox 2010 2620 2211 2704; x_wconf 71' lang='lat' dir='ltr'>cipite</span> <span class='ocrx_word' id='word_1_384' title='bbox 2252 2615 2582 2700; x_wconf 75' lang='lat' dir='ltr'>Spiritum</span> <span class='ocrx_word' id='word_1_385' title='bbox 2641 2617 2964 2683; x_wconf 80' lang='lat' dir='ltr'>sanctum,</span> <span class='ocrx_word' id='word_1_386' title='bbox 3019 2622 3297 2689; x_wconf 82' lang='lat' dir='ltr'>quorum</span> <span class='ocrx_word' id='word_1_387' title='bbox 3353 2599 3553 2664; x_wconf 83' lang='lat' dir='ltr'>remi·</span> <span class='ocrx_word' id='word_1_388' title='bbox 3606 2556 3866 2690; x_wconf 28' lang='lat' dir='ltr'>‚pridfflssio</span> 
     </span>
    </p>
   </div>
   <div class='ocr_carea' id='block_1_20' title="bbox 2008 2695 3877 2819">
    <p class='ocr_par' dir='ltr' id='par_1_25' title="bbox 2008 2695 3877 2819">
     <span class='ocr_line' id='line_1_69' title="bbox 2008 2695 3877 2819; baseline -0.013 -19"><span class='ocrx_word' id='word_1_389' title='bbox 2008 2736 2232 2801; x_wconf 67' lang='lat' dir='ltr'>seritis</span> <span class='ocrx_word' id='word_1_390' title='bbox 2305 2739 2594 2819; x_wconf 77' lang='lat' dir='ltr'>peccata,</span> <span class='ocrx_word' id='word_1_391' title='bbox 2677 2735 2800 2791; x_wconf 89' lang='lat' dir='ltr'>etc.</span> <span class='ocrx_word' id='word_1_392' title='bbox 2874 2724 3033 2787; x_wconf 89' lang='lat' dir='ltr'>Item</span> <span class='ocrx_word' id='word_1_393' title='bbox 3095 2715 3550 2784; x_wconf 86' lang='lat' dir='ltr'>Tridentinum</span> <span class='ocrx_word' id='word_1_394' title='bbox 3605 2695 3877 2792; x_wconf 50' lang='lat' dir='ltr'>mmggffnss*</span> 
     </span>
    </p>
   </div>
   <div class='ocr_carea' id='block_1_21' title="bbox 2008 2812 3855 4336">
    <p class='ocr_par' dir='ltr' id='par_1_26' title="bbox 2008 2812 3855 4336">
     <span class='ocr_line' id='line_1_70' title="bbox 2008 2812 3855 2937; baseline -0.018 -14"><span class='ocrx_word' id='word_1_395' title='bbox 2008 2877 2162 2924; x_wconf 82' lang='lat' dir='ltr'>sess.</span> <span class='ocrx_word' id='word_1_396' title='bbox 2215 2857 2318 2918; x_wconf 72' lang='lat'>14.</span> <span class='ocrx_word' id='word_1_397' title='bbox 2373 2872 2515 2937; x_wconf 83' lang='lat' dir='ltr'>cap.</span> <span class='ocrx_word' id='word_1_398' title='bbox 2579 2852 2641 2912; x_wconf 75' lang='lat'>5.</span> <span class='ocrx_word' id='word_1_399' title='bbox 2687 2849 2749 2911; x_wconf 83' lang='lat' dir='ltr'>et</span> <span class='ocrx_word' id='word_1_400' title='bbox 2780 2847 2843 2910; x_wconf 83' lang='lat'>6.</span> <span class='ocrx_word' id='word_1_401' title='bbox 2890 2851 2950 2905; x_wconf 81' lang='lat' dir='ltr'>et</span> <span class='ocrx_word' id='word_1_402' title='bbox 2998 2859 3147 2905; x_wconf 76' lang='lat' dir='ltr'>ean.</span> <span class='ocrx_word' id='word_1_403' title='bbox 3199 2840 3269 2902; x_wconf 87' lang='lat'>3.</span> <span class='ocrx_word' id='word_1_404' title='bbox 3325 2831 3552 2898; x_wconf 82' lang='lat' dir='ltr'>defini-</span> <span class='ocrx_word' id='word_1_405' title='bbox 3631 2812 3855 2872; x_wconf 67' lang='lat' dir='ltr'><strong>P³C‘³”¹⁰&#39;</strong></span> 
     </span>
     <span class='ocr_line' id='line_1_71' title="bbox 2013 2955 3556 3053; baseline -0.017 -10"><span class='ocrx_word' id='word_1_406' title='bbox 2013 2987 2119 3043; x_wconf 91' lang='lat' dir='ltr'>tur</span> <span class='ocrx_word' id='word_1_407' title='bbox 2158 2993 2303 3040; x_wconf 87' lang='lat' dir='ltr'>esse</span> <span class='ocrx_word' id='word_1_408' title='bbox 2337 2981 2518 3036; x_wconf 90' lang='lat' dir='ltr'>actus</span> <span class='ocrx_word' id='word_1_409' title='bbox 2544 2961 2872 3053; x_wconf 89' lang='lat' dir='ltr'>judicialis</span> <span class='ocrx_word' id='word_1_410' title='bbox 2906 2955 3305 3025; x_wconf 87' lang='lat' dir='ltr'>absolventis</span> <span class='ocrx_word' id='word_1_411' title='bbox 3335 2974 3366 3018; x_wconf 91' lang='lat' dir='ltr'>a</span> <span class='ocrx_word' id='word_1_412' title='bbox 3410 2973 3556 3039; x_wconf 86' lang='lat' dir='ltr'>pec-</span> 
     </span>
     <span class='ocr_line' id='line_1_72' title="bbox 2012 3069 3562 3173; baseline -0.016 -16"><span class='ocrx_word' id='word_1_413' title='bbox 2012 3101 2179 3168; x_wconf 90' lang='lat' dir='ltr'>cat0,</span> <span class='ocrx_word' id='word_1_414' title='bbox 2243 3099 2307 3154; x_wconf 90' lang='lat' dir='ltr'>et</span> <span class='ocrx_word' id='word_1_415' title='bbox 2346 3082 2610 3173; x_wconf 89' lang='lat' dir='ltr'>ligantis</span> <span class='ocrx_word' id='word_1_416' title='bbox 2657 3079 2734 3146; x_wconf 88' lang='lat' dir='ltr'>ad</span> <span class='ocrx_word' id='word_1_417' title='bbox 2787 3096 3045 3166; x_wconf 83' lang='lat' dir='ltr'>poenam</span> <span class='ocrx_word' id='word_1_418' title='bbox 3105 3069 3562 3159; x_wconf 85' lang='lat' dir='ltr'>temporalem,</span> 
     </span>
     <span class='ocr_line' id='line_1_73' title="bbox 2014 3186 3558 3297; baseline -0.016 -22"><span class='ocrx_word' id='word_1_419' title='bbox 2014 3208 2184 3297; x_wconf 86' lang='lat' dir='ltr'>quod</span> <span class='ocrx_word' id='word_1_420' title='bbox 2227 3206 2420 3273; x_wconf 91' lang='lat' dir='ltr'>etiam</span> <span class='ocrx_word' id='word_1_421' title='bbox 2494 3211 2665 3289; x_wconf 90' lang='lat' dir='ltr'>patet</span> <span class='ocrx_word' id='word_1_422' title='bbox 2712 3219 2791 3263; x_wconf 89' lang='lat' dir='ltr'>ex</span> <span class='ocrx_word' id='word_1_423' title='bbox 2845 3194 2991 3262; x_wconf 87' lang='lat' dir='ltr'>aliis</span> <span class='ocrx_word' id='word_1_424' title='bbox 3055 3190 3214 3258; x_wconf 91' lang='lat' dir='ltr'>locis</span> <span class='ocrx_word' id='word_1_425' title='bbox 3268 3186 3558 3277; x_wconf 91' lang='lat' dir='ltr'>ejusdem</span> 
     </span>
     <span class='ocr_line' id='line_1_74' title="bbox 2015 3305 3561 3401; baseline -0.017 -7"><span class='ocrx_word' id='word_1_426' title='bbox 2015 3322 2355 3401; x_wconf 86' lang='lat' dir='ltr'>sessionis,</span> <span class='ocrx_word' id='word_1_427' title='bbox 2393 3330 2462 3386; x_wconf 91' lang='lat' dir='ltr'>ut</span> <span class='ocrx_word' id='word_1_428' title='bbox 2515 3339 2634 3384; x_wconf 88' lang='lat' dir='ltr'>suo</span> <span class='ocrx_word' id='word_1_429' title='bbox 2681 3316 2821 3381; x_wconf 92' lang='lat' dir='ltr'>loco</span> <span class='ocrx_word' id='word_1_430' title='bbox 2879 3308 3280 3377; x_wconf 87' lang='lat' dir='ltr'>ostendetur.</span> <span class='ocrx_word' id='word_1_431' title='bbox 3324 3305 3561 3391; x_wconf 90' lang='lat' dir='ltr'>Subje-</span> 
     </span>
     <span class='ocr_line' id='line_1_75' title="bbox 2014 3430 3560 3523; baseline -0.016 -11"><span class='ocrx_word' id='word_1_432' title='bbox 2014 3456 2190 3512; x_wconf 91' lang='lat' dir='ltr'>ctum</span> <span class='ocrx_word' id='word_1_433' title='bbox 2224 3454 2324 3509; x_wconf 89' lang='lat' dir='ltr'>est</span> <span class='ocrx_word' id='word_1_434' title='bbox 2354 3460 2504 3507; x_wconf 90' lang='lat' dir='ltr'>reus</span> <span class='ocrx_word' id='word_1_435' title='bbox 2536 3450 2601 3505; x_wconf 88' lang='lat' dir='ltr'>et</span> <span class='ocrx_word' id='word_1_436' title='bbox 2641 3444 2959 3523; x_wconf 90' lang='lat' dir='ltr'>peccator,</span> <span class='ocrx_word' id='word_1_437' title='bbox 2998 3430 3381 3517; x_wconf 86' lang='lat' dir='ltr'>inquantum</span> <span class='ocrx_word' id='word_1_438' title='bbox 3416 3444 3560 3509; x_wconf 89' lang='lat' dir='ltr'>pec-</span> 
     </span>
     <span class='ocr_line' id='line_1_76' title="bbox 2014 3544 3564 3638; baseline -0.016 -9"><span class='ocrx_word' id='word_1_439' title='bbox 2014 3575 2216 3638; x_wconf 90' lang='lat' dir='ltr'>cator,</span> <span class='ocrx_word' id='word_1_440' title='bbox 2290 3557 2557 3624; x_wconf 89' lang='lat' dir='ltr'>materia</span> <span class='ocrx_word' id='word_1_441' title='bbox 2635 3553 2804 3619; x_wconf 91' lang='lat' dir='ltr'>circa</span> <span class='ocrx_word' id='word_1_442' title='bbox 2882 3567 3103 3637; x_wconf 88' lang='lat' dir='ltr'>quam,</span> <span class='ocrx_word' id='word_1_443' title='bbox 3182 3544 3287 3610; x_wconf 90' lang='lat' dir='ltr'>vel</span> <span class='ocrx_word' id='word_1_444' title='bbox 3364 3559 3564 3626; x_wconf 88' lang='lat' dir='ltr'>super</span> 
     </span>
     <span class='ocr_line' id='line_1_77' title="bbox 2016 3662 3564 3769; baseline -0.016 -22"><span class='ocrx_word' id='word_1_445' title='bbox 2016 3700 2210 3769; x_wconf 88' lang='lat' dir='ltr'>quam</span> <span class='ocrx_word' id='word_1_446' title='bbox 2253 3674 2424 3743; x_wconf 90' lang='lat' dir='ltr'>cadit</span> <span class='ocrx_word' id='word_1_447' title='bbox 2463 3669 2807 3747; x_wconf 89' lang='lat' dir='ltr'>sententia,</span> <span class='ocrx_word' id='word_1_448' title='bbox 2854 3676 2952 3733; x_wconf 92' lang='lat' dir='ltr'>est</span> <span class='ocrx_word' id='word_1_449' title='bbox 2993 3673 3352 3751; x_wconf 88' lang='lat' dir='ltr'>peccatum.</span> <span class='ocrx_word' id='word_1_450' title='bbox 3426 3662 3564 3739; x_wconf 87' lang='lat' dir='ltr'>Huc</span> 
     </span>
     <span class='ocr_line' id='line_1_78' title="bbox 2014 3779 3564 3879; baseline -0.015 -16"><span class='ocrx_word' id='word_1_451' title='bbox 2014 3796 2212 3864; x_wconf 89' lang='lat' dir='ltr'>etiam</span> <span class='ocrx_word' id='word_1_452' title='bbox 2262 3800 2555 3879; x_wconf 87' lang='lat' dir='ltr'>spectant</span> <span class='ocrx_word' id='word_1_453' title='bbox 2604 3798 2786 3853; x_wconf 88' lang='lat' dir='ltr'>actus</span> <span class='ocrx_word' id='word_1_454' title='bbox 2827 3779 3225 3869; x_wconf 84' lang='lat' dir='ltr'>poenitentis,</span> <span class='ocrx_word' id='word_1_455' title='bbox 3285 3788 3357 3844; x_wconf 90' lang='lat' dir='ltr'>ut</span> <span class='ocrx_word' id='word_1_456' title='bbox 3411 3797 3564 3842; x_wconf 88' lang='lat' dir='ltr'>con·</span> 
     </span>
     <span class='ocr_line' id='line_1_79' title="bbox 2016 3894 3563 3997; baseline -0.014 -17"><span class='ocrx_word' id='word_1_457' title='bbox 2016 3913 2216 3989; x_wconf 87' lang='lat' dir='ltr'>triti0,</span> <span class='ocrx_word' id='word_1_458' title='bbox 2263 3929 2410 3997; x_wconf 84' lang='lat' dir='ltr'>quae</span> <span class='ocrx_word' id='word_1_459' title='bbox 2459 3918 2560 3971; x_wconf 90' lang='lat' dir='ltr'>est</span> <span class='ocrx_word' id='word_1_460' title='bbox 2619 3900 2959 3969; x_wconf 90' lang='lat' dir='ltr'>detestatio</span> <span class='ocrx_word' id='word_1_461' title='bbox 3001 3895 3269 3984; x_wconf 88' lang='lat' dir='ltr'>peccati,</span> <span class='ocrx_word' id='word_1_462' title='bbox 3313 3894 3563 3960; x_wconf 79' lang='lat' dir='ltr'>confes·</span> 
     </span>
     <span class='ocr_line' id='line_1_80' title="bbox 2018 4009 3566 4106; baseline -0.016 -11"><span class='ocrx_word' id='word_1_463' title='bbox 2018 4028 2140 4106; x_wconf 85' lang='lat' dir='ltr'>sic,</span> <span class='ocrx_word' id='word_1_464' title='bbox 2205 4021 2577 4092; x_wconf 78' lang='lat' dir='ltr'>informatio</span> <span class='ocrx_word' id='word_1_465' title='bbox 2637 4017 2902 4106; x_wconf 89' lang='lat' dir='ltr'>judicis,</span> <span class='ocrx_word' id='word_1_466' title='bbox 2964 4009 3347 4089; x_wconf 86' lang='lat' dir='ltr'>satisfactio,</span> <span class='ocrx_word' id='word_1_467' title='bbox 3413 4027 3566 4094; x_wconf 82' lang='lat' dir='ltr'>quae</span> 
     </span>
     <span class='ocr_line' id='line_1_81' title="bbox 2018 4126 3566 4221; baseline -0.014 -12"><span class='ocrx_word' id='word_1_468' title='bbox 2018 4155 2119 4211; x_wconf 87' lang='lat' dir='ltr'>est</span> <span class='ocrx_word' id='word_1_469' title='bbox 2171 4139 2495 4208; x_wconf 86' lang='lat' dir='ltr'>ordinatio</span> <span class='ocrx_word' id='word_1_470' title='bbox 2551 4132 2927 4221; x_wconf 90' lang='lat' dir='ltr'>temporalis</span> <span class='ocrx_word' id='word_1_471' title='bbox 2960 4148 3198 4217; x_wconf 79' lang='lat' dir='ltr'>poenae,</span> <span class='ocrx_word' id='word_1_472' title='bbox 3262 4126 3327 4191; x_wconf 93' lang='lat' dir='ltr'>in</span> <span class='ocrx_word' id='word_1_473' title='bbox 3368 4143 3566 4212; x_wconf 88' lang='lat' dir='ltr'>quam</span> 
     </span>
     <span class='ocr_line' id='line_1_82' title="bbox 2018 4243 3568 4336; baseline -0.012 -7"><span class='ocrx_word' id='word_1_474' title='bbox 2018 4269 2453 4329; x_wconf 89' lang='lat' dir='ltr'>commutatur</span> <span class='ocrx_word' id='word_1_475' title='bbox 2505 4266 2788 4330; x_wconf 83' lang='lat' dir='ltr'>aeterna;</span> <span class='ocrx_word' id='word_1_476' title='bbox 2860 4270 3016 4336; x_wconf 87' lang='lat' dir='ltr'>ergo</span> <span class='ocrx_word' id='word_1_477' title='bbox 3085 4246 3356 4313; x_wconf 86' lang='lat' dir='ltr'>effectus</span> <span class='ocrx_word' id='word_1_478' title='bbox 3426 4243 3568 4329; x_wconf 89' lang='lat' dir='ltr'>ejus</span> 
     </span>
    </p>
   </div>
   <div class='ocr_carea' id='block_1_22' title="bbox 2020 4355 3570 4558">
    <p class='ocr_par' dir='ltr' id='par_1_27' title="bbox 2020 4355 3570 4558">
     <span class='ocr_line' id='line_1_83' title="bbox 2020 4355 3567 4450; baseline -0.015 -7"><span class='ocrx_word' id='word_1_479' title='bbox 2020 4387 2117 4442; x_wconf 89' lang='lat' dir='ltr'>est</span> <span class='ocrx_word' id='word_1_480' title='bbox 2149 4371 2473 4441; x_wconf 89' lang='lat' dir='ltr'>absolutio</span> <span class='ocrx_word' id='word_1_481' title='bbox 2504 4366 2791 4435; x_wconf 88' lang='lat' dir='ltr'>hominis</span> <span class='ocrx_word' id='word_1_482' title='bbox 2838 4384 2872 4429; x_wconf 90' lang='lat' dir='ltr'>a</span> <span class='ocrx_word' id='word_1_483' title='bbox 2913 4372 3198 4450; x_wconf 78' lang='lat' dir='ltr'>peccam,</span> <span class='ocrx_word' id='word_1_484' title='bbox 3253 4370 3321 4424; x_wconf 89' lang='lat' dir='ltr'>ut</span> <span class='ocrx_word' id='word_1_485' title='bbox 3360 4355 3567 4423; x_wconf 90' lang='lat' dir='ltr'>decla-</span> 
     </span>
     <span class='ocr_line' id='line_1_84' title="bbox 2023 4469 3570 4558; baseline -0.014 -2"><span class='ocrx_word' id='word_1_486' title='bbox 2023 4501 2119 4556; x_wconf 90' lang='lat' dir='ltr'>rat</span> <span class='ocrx_word' id='word_1_487' title='bbox 2167 4484 2650 4558; x_wconf 88' lang='lat' dir='ltr'>Florentinum;</span> <span class='ocrx_word' id='word_1_488' title='bbox 2720 4473 3179 4553; x_wconf 82' lang='lat' dir='ltr'>reconciliatio,</span> <span class='ocrx_word' id='word_1_489' title='bbox 3226 4483 3296 4537; x_wconf 90' lang='lat' dir='ltr'>ut</span> <span class='ocrx_word' id='word_1_490' title='bbox 3343 4469 3570 4536; x_wconf 83' lang='lat' dir='ltr'>definit</span> 
     </span>
    </p>
   </div>
   <div class='ocr_carea' id='block_1_23' title="bbox 2021 4585 3570 4921">
    <p class='ocr_par' dir='ltr' id='par_1_28' title="bbox 2021 4585 3570 4921">
     <span class='ocr_line' id='line_1_85' title="bbox 2021 4585 3569 4686; baseline -0.014 -15"><span class='ocrx_word' id='word_1_491' title='bbox 2021 4602 2500 4681; x_wconf 88' lang='lat' dir='ltr'>Tridentinum,</span> <span class='ocrx_word' id='word_1_492' title='bbox 2546 4618 2694 4686; x_wconf 87' lang='lat' dir='ltr'>quae</span> <span class='ocrx_word' id='word_1_493' title='bbox 2733 4595 2805 4660; x_wconf 84' lang='lat' dir='ltr'>sit</span> <span class='ocrx_word' id='word_1_494' title='bbox 2838 4614 2951 4680; x_wconf 92' lang='lat' dir='ltr'>per</span> <span class='ocrx_word' id='word_1_495' title='bbox 2983 4589 3433 4656; x_wconf 90' lang='lat' dir='ltr'>remissionem</span> <span class='ocrx_word' id='word_1_496' title='bbox 3467 4585 3569 4650; x_wconf 84' lang='lat' dir='ltr'>os-</span> 
     </span>
     <span class='ocr_line' id='line_1_86' title="bbox 2024 4725 2249 4790; baseline -0.013 0"><span class='ocrx_word' id='word_1_497' title='bbox 2024 4725 2249 4790; x_wconf 80' lang='lat' dir='ltr'>sensae.</span> 
     </span>
     <span class='ocr_line' id='line_1_87' title="bbox 2111 4819 3570 4921; baseline -0.015 -16"><span class='ocrx_word' id='word_1_498' title='bbox 2111 4843 2205 4905; x_wconf 84' lang='lat' dir='ltr'>Ex</span> <span class='ocrx_word' id='word_1_499' title='bbox 2248 4836 2352 4903; x_wconf 84' lang='lat' dir='ltr'>his</span> <span class='ocrx_word' id='word_1_500' title='bbox 2385 4843 2559 4921; x_wconf 89' lang='lat' dir='ltr'>patet</span> <span class='ocrx_word' id='word_1_501' title='bbox 2606 4831 2849 4898; x_wconf 87' lang='lat' dir='ltr'>veritas</span> <span class='ocrx_word' id='word_1_502' title='bbox 2890 4823 3232 4894; x_wconf 59' lang='lat' dir='ltr'>sententia}</span> <span class='ocrx_word' id='word_1_503' title='bbox 3267 4819 3570 4910; x_wconf 84' lang='lat' dir='ltr'>praemis-</span> 
     </span>
    </p>
   </div>
   <div class='ocr_carea' id='block_1_24' title="bbox 2024 4928 3573 5136">
    <p class='ocr_par' dir='ltr' id='par_1_29' title="bbox 2024 4928 3573 5136">
     <span class='ocr_line' id='line_1_88' title="bbox 2025 4928 3571 5031; baseline -0.014 -17"><span class='ocrx_word' id='word_1_504' title='bbox 2025 4968 2143 5027; x_wconf 84' lang='lat' dir='ltr'>sac,</span> <span class='ocrx_word' id='word_1_505' title='bbox 2199 4964 2408 5031; x_wconf 89' lang='lat' dir='ltr'>neque</span> <span class='ocrx_word' id='word_1_506' title='bbox 2447 4941 2503 5008; x_wconf 93' lang='lat' dir='ltr'>ei</span> <span class='ocrx_word' id='word_1_507' title='bbox 2537 4940 2796 5006; x_wconf 85' lang='lat' dir='ltr'>obstant</span> <span class='ocrx_word' id='word_1_508' title='bbox 2829 4932 3126 5023; x_wconf 81' lang='lat' dir='ltr'>quaedam</span> <span class='ocrx_word' id='word_1_509' title='bbox 3170 4928 3571 5018; x_wconf 89' lang='lat' dir='ltr'>objectiones</span> 
     </span>
     <span class='ocr_line' id='line_1_89' title="bbox 2024 5038 3573 5136; baseline -0.012 -17"><span class='ocrx_word' id='word_1_510' title='bbox 2024 5056 2329 5126; x_wconf 82' lang='lat' dir='ltr'>aliorum,</span> <span class='ocrx_word' id='word_1_511' title='bbox 2367 5062 2436 5116; x_wconf 90' lang='lat' dir='ltr'>ut</span> <span class='ocrx_word' id='word_1_512' title='bbox 2468 5047 2637 5136; x_wconf 77' lang='lat' dir='ltr'>quod</span> <span class='ocrx_word' id='word_1_513' title='bbox 2673 5054 3007 5132; x_wconf 86' lang='lat' dir='ltr'>peccatum</span> <span class='ocrx_word' id='word_1_514' title='bbox 3041 5061 3168 5105; x_wconf 78' lang='lat' dir='ltr'>non</span> <span class='ocrx_word' id='word_1_515' title='bbox 3202 5038 3573 5104; x_wconf 84' lang='lat' dir='ltr'>remittatur</span> 
     </span>
    </p>
   </div>
   <div class='ocr_carea' id='block_1_25' title="bbox 2026 5151 3575 5480">
    <p class='ocr_par' dir='ltr' id='par_1_30' title="bbox 2026 5151 3575 5480">
     <span class='ocr_line' id='line_1_90' title="bbox 2026 5151 3568 5247; baseline -0.016 -7"><span class='ocrx_word' id='word_1_516' title='bbox 2026 5176 2104 5242; x_wconf 91' lang='lat' dir='ltr'>de</span> <span class='ocrx_word' id='word_1_517' title='bbox 2169 5171 2363 5247; x_wconf 79' lang='lat' dir='ltr'>sacto,</span> <span class='ocrx_word' id='word_1_518' title='bbox 2421 5166 2545 5232; x_wconf 90' lang='lat' dir='ltr'>nisi</span> <span class='ocrx_word' id='word_1_519' title='bbox 2608 5160 3002 5229; x_wconf 79' lang='lat' dir='ltr'>conferendo</span> <span class='ocrx_word' id='word_1_520' title='bbox 3041 5156 3344 5242; x_wconf 86' lang='lat' dir='ltr'>gratiam,</span> <span class='ocrx_word' id='word_1_521' title='bbox 3398 5151 3568 5239; x_wconf 87' lang='lat' dir='ltr'>quod</span> 
     </span>
     <span class='ocr_line' id='line_1_91' title="bbox 2027 5271 3569 5365; baseline -0.012 -9"><span class='ocrx_word' id='word_1_522' title='bbox 2027 5294 2436 5358; x_wconf 90' lang='lat' dir='ltr'>Sacramenta</span> <span class='ocrx_word' id='word_1_523' title='bbox 2473 5282 2662 5349; x_wconf 62' lang='lat' dir='ltr'>novae</span> <span class='ocrx_word' id='word_1_524' title='bbox 2691 5278 2859 5365; x_wconf 88' lang='lat' dir='ltr'>legis</span> <span class='ocrx_word' id='word_1_525' title='bbox 2892 5299 2968 5342; x_wconf 86' lang='lat' dir='ltr'>ex</span> <span class='ocrx_word' id='word_1_526' title='bbox 3004 5271 3383 5340; x_wconf 88' lang='lat' dir='ltr'>Tridentino</span> <span class='ocrx_word' id='word_1_527' title='bbox 3414 5292 3569 5337; x_wconf 68' lang='lat' dir='ltr'>sesa.</span> 
     </span>
     <span class='ocr_line' id='line_1_92' title="bbox 2029 5391 3575 5480; baseline -0.014 -5"><span class='ocrx_word' id='word_1_528' title='bbox 2029 5412 2092 5475; x_wconf 85' lang='lat'>7.</span> <span class='ocrx_word' id='word_1_529' title='bbox 2154 5413 2422 5472; x_wconf 86' lang='lat' dir='ltr'>causent</span> <span class='ocrx_word' id='word_1_530' title='bbox 2497 5411 2561 5467; x_wconf 91' lang='lat' dir='ltr'>et</span> <span class='ocrx_word' id='word_1_531' title='bbox 2606 5397 2981 5465; x_wconf 87' lang='lat' dir='ltr'>contineant</span> <span class='ocrx_word' id='word_1_532' title='bbox 3037 5391 3350 5480; x_wconf 83' lang='lat' dir='ltr'>gratiam3</span> <span class='ocrx_word' id='word_1_533' title='bbox 3417 5409 3575 5474; x_wconf 85' lang='lat' dir='ltr'>ergo</span> 
     </span>
    </p>
   </div>
   <div class='ocr_carea' id='block_1_26' title="bbox 2031 5513 3570 5622">
    <p class='ocr_par' dir='ltr' id='par_1_31' title="bbox 2031 5513 3570 5622">
     <span class='ocr_line' id='line_1_93' title="bbox 2031 5513 3570 5622; baseline -0.016 -18"><span class='ocrx_word' id='word_1_534' title='bbox 2031 5531 2407 5622; x_wconf 77' lang='lat' dir='ltr'>significant</span> <span class='ocrx_word' id='word_1_535' title='bbox 2436 5526 2711 5617; x_wconf 86' lang='lat' dir='ltr'>gratiam</span> <span class='ocrx_word' id='word_1_536' title='bbox 2737 5520 3066 5612; x_wconf 86' lang='lat' dir='ltr'>primario.</span> <span class='ocrx_word' id='word_1_537' title='bbox 3096 5513 3570 5606; x_wconf 86' lang='lat' dir='ltr'>Respondetur,</span> 
     </span>
    </p>
   </div>
   <div class='ocr_carea' id='block_1_27' title="bbox 3622 2882 3857 2981">
    <p class='ocr_par' dir='ltr' id='par_1_32' title="bbox 3622 2882 3857 2981">
     <span class='ocr_line' id='line_1_94' title="bbox 3666 2882 3805 2919; baseline 0.022 -3"><span class='ocrx_word' id='word_1_538' title='bbox 3666 2882 3781 2916; x_wconf 87' lang='lat' dir='ltr'>rum</span> <span class='ocrx_word' id='word_1_539' title='bbox 3792 2906 3805 2919; x_wconf 88' lang='lat'><strong>.</strong></span> 
     </span>
     <span class='ocr_line' id='line_1_95' title="bbox 3622 2930 3857 2981; baseline -0.009 0"><span class='ocrx_word' id='word_1_540' title='bbox 3622 2930 3857 2981; x_wconf 76' lang='lat' dir='ltr'>Trident.</span> 
     </span>
    </p>
   </div>
   <div class='ocr_carea' id='block_1_28' title="bbox 3643 4606 3880 4720">
    <p class='ocr_par' dir='ltr' id='par_1_33' title="bbox 3643 4606 3880 4720">
     <span class='ocr_line' id='line_1_96' title="bbox 3644 4606 3875 4656; baseline 0.004 -1"><span class='ocrx_word' id='word_1_541' title='bbox 3644 4606 3875 4656; x_wconf 81' lang='lat' dir='ltr'>Florent.</span> 
     </span>
     <span class='ocr_line' id='line_1_97' title="bbox 3643 4667 3880 4720; baseline -0.008 -1"><span class='ocrx_word' id='word_1_542' title='bbox 3643 4667 3858 4719; x_wconf 80' lang='lat' dir='ltr'>Trident</span> <span class='ocrx_word' id='word_1_543' title='bbox 3869 4707 3880 4720; x_wconf 94' lang='lat'><strong>.</strong></span> 
     </span>
    </p>
   </div>
  </div>
 </body>
</html>
