<?xml version="1.0" encoding="UTF-8"?>
<!DOCTYPE html PUBLIC "-//W3C//DTD XHTML 1.0 Transitional//EN"
    "http://www.w3.org/TR/xhtml1/DTD/xhtml1-transitional.dtd">
<html xmlns="http://www.w3.org/1999/xhtml" xml:lang="en" lang="en">
 <head>
  <title>
</title>
<meta http-equiv="Content-Type" content="text/html;charset=utf-8" />
  <meta name='ocr-system' content='tesseract 3.04.00' />
  <meta name='ocr-capabilities' content='ocr_page ocr_carea ocr_par ocr_line ocrx_word'/>
</head>
<body>
  <div class='ocr_page' id='page_1' title='image "./joannisdunsscot02waddgoog_0206.png"; bbox 0 0 4255 6375; ppageno 0'>
   <div class='ocr_carea' id='block_1_1' title="bbox 427 1020 710 1204">
    <p class='ocr_par' dir='ltr' id='par_1_1' title="bbox 427 1020 710 1204">
     <span class='ocr_line' id='line_1_1' title="bbox 427 1020 710 1151; baseline 0.004 -15"><span class='ocrx_word' id='word_1_1' title='bbox 427 1020 710 1151; x_wconf 46' lang='lat' dir='ltr'><strong>Ressshaio</strong></span> 
     </span>
     <span class='ocr_line' id='line_1_2' title="bbox 449 1148 688 1204; baseline 0.029 -7"><span class='ocrx_word' id='word_1_2' title='bbox 449 1148 663 1201; x_wconf 83' lang='lat' dir='ltr'><strong>aliorum</strong></span> <span class='ocrx_word' id='word_1_3' title='bbox 675 1189 688 1204; x_wconf 91' lang='lat'><strong>.</strong></span> 
     </span>
    </p>
   </div>
   <div class='ocr_carea' id='block_1_2' title="bbox 761 368 880 436">
    <p class='ocr_par' dir='ltr' id='par_1_2' title="bbox 761 368 880 436">
     <span class='ocr_line' id='line_1_3' title="bbox 761 368 880 436; baseline -0.025 -1"><span class='ocrx_word' id='word_1_4' title='bbox 761 368 880 436; x_wconf 80' lang='lat'><strong>202</strong></span> 
     </span>
    </p>
   </div>
   <div class='ocr_carea' id='block_1_3' title="bbox 747 530 2300 1439">
    <p class='ocr_par' dir='ltr' id='par_1_3' title="bbox 747 530 2300 950">
     <span class='ocr_line' id='line_1_4' title="bbox 747 530 2296 620; baseline -0.001 -20"><span class='ocrx_word' id='word_1_5' title='bbox 747 531 873 600; x_wconf 89' lang='lat' dir='ltr'><strong>cati</strong></span> <span class='ocrx_word' id='word_1_6' title='bbox 926 531 1213 612; x_wconf 89' lang='lat' dir='ltr'><strong>delendi,</strong></span> <span class='ocrx_word' id='word_1_7' title='bbox 1258 544 1370 599; x_wconf 87' lang='lat' dir='ltr'><strong>aut</strong></span> <span class='ocrx_word' id='word_1_8' title='bbox 1407 530 1824 600; x_wconf 82' lang='lat' dir='ltr'><strong>conferendae</strong></span> <span class='ocrx_word' id='word_1_9' title='bbox 1869 532 2125 620; x_wconf 84' lang='lat' dir='ltr'><strong>gratiae,</strong></span> <span class='ocrx_word' id='word_1_10' title='bbox 2183 534 2296 601; x_wconf 88' lang='lat' dir='ltr'><strong>sed</strong></span> 
     </span>
     <span class='ocr_line' id='line_1_5' title="bbox 750 648 2294 731; baseline 0.002 -15"><span class='ocrx_word' id='word_1_11' title='bbox 750 662 885 716; x_wconf 91' lang='lat' dir='ltr'><strong>tota</strong></span> <span class='ocrx_word' id='word_1_12' title='bbox 925 660 1301 716; x_wconf 87' lang='lat' dir='ltr'><strong>reservatur</strong></span> <span class='ocrx_word' id='word_1_13' title='bbox 1351 648 1527 731; x_wconf 83' lang='lat' dir='ltr'><strong>fidei,</strong></span> <span class='ocrx_word' id='word_1_14' title='bbox 1588 649 1679 715; x_wconf 84' lang='lat' dir='ltr'><strong>ad</strong></span> <span class='ocrx_word' id='word_1_15' title='bbox 1722 651 2047 716; x_wconf 83' lang='lat' dir='ltr'><strong>Romanos</strong></span> <span class='ocrx_word' id='word_1_16' title='bbox 2112 653 2175 717; x_wconf 76' lang='grc' dir='ltr'><strong>Ἴ.</strong></span> <span class='ocrx_word' id='word_1_17' title='bbox 2230 653 2294 719; x_wconf 75' lang='lat'><strong>2.</strong></span> 
     </span>
     <span class='ocr_line' id='line_1_6' title="bbox 750 765 2300 836; baseline 0.001 -4"><span class='ocrx_word' id='word_1_18' title='bbox 750 766 841 832; x_wconf 84' lang='lat' dir='ltr'><strong>ad</strong></span> <span class='ocrx_word' id='word_1_19' title='bbox 902 767 1206 834; x_wconf 83' lang='lat' dir='ltr'><em>Corinth.</em></span> <span class='ocrx_word' id='word_1_20' title='bbox 1294 770 1359 834; x_wconf 89' lang='lat'><strong>3.</strong></span> <span class='ocrx_word' id='word_1_21' title='bbox 1422 766 1513 832; x_wconf 86' lang='lat' dir='ltr'><strong>ad</strong></span> <span class='ocrx_word' id='word_1_22' title='bbox 1572 765 1799 835; x_wconf 81' lang='lat' dir='ltr'><strong>Galat.</strong></span> <span class='ocrx_word' id='word_1_23' title='bbox 1871 771 1935 833; x_wconf 89' lang='lat'><strong>3.</strong></span> <span class='ocrx_word' id='word_1_24' title='bbox 1990 778 2050 833; x_wconf 89' lang='lat' dir='ltr'><strong>et</strong></span> <span class='ocrx_word' id='word_1_25' title='bbox 2108 772 2173 836; x_wconf 78' lang='lat'><strong>5.</strong></span> <span class='ocrx_word' id='word_1_26' title='bbox 2235 779 2300 834; x_wconf 84' lang='lat' dir='ltr'><strong>et</strong></span> 
     </span>
     <span class='ocr_line' id='line_1_7' title="bbox 753 882 930 950; baseline 0.011 -2"><span class='ocrx_word' id='word_1_27' title='bbox 753 882 930 950; x_wconf 90' lang='lat' dir='ltr'><strong>alibi.</strong></span> 
     </span>
    </p>

    <p class='ocr_par' dir='ltr' id='par_1_4' title="bbox 747 999 2298 1439">
     <span class='ocr_line' id='line_1_8' title="bbox 843 999 2298 1087; baseline 0.002 -23"><span class='ocrx_word' id='word_1_28' title='bbox 843 1002 1196 1087; x_wconf 78' lang='lat' dir='ltr'>Utramque</span> <span class='ocrx_word' id='word_1_29' title='bbox 1226 999 1617 1067; x_wconf 89' lang='lat' dir='ltr'><strong>sententiam</strong></span> <span class='ocrx_word' id='word_1_30' title='bbox 1652 999 1917 1086; x_wconf 92' lang='lat' dir='ltr'><strong>quidam</strong></span> <span class='ocrx_word' id='word_1_31' title='bbox 1950 1000 2298 1067; x_wconf 88' lang='lat' dir='ltr'><strong>conciliare</strong></span> 
     </span>
     <span class='ocr_line' id='line_1_9' title="bbox 752 1116 2298 1205; baseline 0.001 -22"><span class='ocrx_word' id='word_1_32' title='bbox 752 1116 1178 1198; x_wconf 89' lang='lat' dir='ltr'><strong>contendunt,</strong></span> <span class='ocrx_word' id='word_1_33' title='bbox 1224 1139 1307 1184; x_wconf 84' lang='lat' dir='ltr'><strong>ex</strong></span> <span class='ocrx_word' id='word_1_34' title='bbox 1348 1138 1478 1205; x_wconf 92' lang='lat' dir='ltr'><strong>quo</strong></span> <span class='ocrx_word' id='word_1_35' title='bbox 1540 1116 1711 1203; x_wconf 90' lang='lat' dir='ltr'><strong>quod</strong></span> <span class='ocrx_word' id='word_1_36' title='bbox 1752 1116 2176 1184; x_wconf 78' lang='lat' dir='ltr'><strong>circumcisio</strong></span> <span class='ocrx_word' id='word_1_37' title='bbox 2216 1139 2298 1184; x_wconf 81' lang='lat' dir='ltr'><strong>ex</strong></span> 
     </span>
     <span class='ocr_line' id='line_1_10' title="bbox 751 1231 2294 1320; baseline 0.001 -21"><span class='ocrx_word' id='word_1_38' title='bbox 751 1231 1063 1320; x_wconf 79' lang='lat' dir='ltr'><strong>peculiari</strong></span> <span class='ocrx_word' id='word_1_39' title='bbox 1121 1232 1532 1301; x_wconf 88' lang='lat' dir='ltr'><strong>institutione</strong></span> <span class='ocrx_word' id='word_1_40' title='bbox 1590 1254 1719 1299; x_wconf 91' lang='lat' dir='ltr'><strong>non</strong></span> <span class='ocrx_word' id='word_1_41' title='bbox 1777 1233 2079 1300; x_wconf 83' lang='lat' dir='ltr'><strong>habuerit</strong></span> <span class='ocrx_word' id='word_1_42' title='bbox 2118 1234 2294 1302; x_wconf 89' lang='lat' dir='ltr'><strong>illam</strong></span> 
     </span>
     <span class='ocr_line' id='line_1_11' title="bbox 747 1349 2298 1439; baseline 0.002 -23"><span class='ocrx_word' id='word_1_43' title='bbox 747 1349 1134 1432; x_wconf 83' lang='lat' dir='ltr'><strong>efficaciam,</strong></span> <span class='ocrx_word' id='word_1_44' title='bbox 1207 1350 1322 1417; x_wconf 87' lang='lat' dir='ltr'><strong>sed</strong></span> <span class='ocrx_word' id='word_1_45' title='bbox 1410 1351 1796 1439; x_wconf 81' lang='lat' dir='ltr'><strong>inquantum</strong></span> <span class='ocrx_word' id='word_1_46' title='bbox 1859 1351 2298 1438; x_wconf 81' lang='lat' dir='ltr'><strong>aequivalebat</strong></span> 
     </span>
    </p>
   </div>
   <div class='ocr_carea' id='block_1_4' title="bbox 1895 371 2822 437">
    <p class='ocr_par' dir='ltr' id='par_1_5' title="bbox 1895 371 2822 437">
     <span class='ocr_line' id='line_1_12' title="bbox 1895 371 2822 437; baseline 0.003 -5"><span class='ocrx_word' id='word_1_47' title='bbox 1895 371 2041 435; x_wconf 88' lang='lat' dir='ltr'><strong>LlB.</strong></span> <span class='ocrx_word' id='word_1_48' title='bbox 2077 372 2179 434; x_wconf 85' lang='lat' dir='ltr'><strong>lv.</strong></span> <span class='ocrx_word' id='word_1_49' title='bbox 2224 371 2822 437; x_wconf 79' lang='lat' dir='ltr'><strong>SENTENTIARUM</strong></span> 
     </span>
    </p>
   </div>
   <div class='ocr_carea' id='block_1_5' title="bbox 2410 533 3935 1206">
    <p class='ocr_par' dir='ltr' id='par_1_6' title="bbox 2410 533 3935 1206">
     <span class='ocr_line' id='line_1_13' title="bbox 2412 533 3934 625; baseline 0.004 -25"><span class='ocrx_word' id='word_1_50' title='bbox 2412 533 2767 602; x_wconf 82' lang='lat' dir='ltr'><strong>efficaciam</strong></span> <span class='ocrx_word' id='word_1_51' title='bbox 2814 535 3072 604; x_wconf 89' lang='lat' dir='ltr'><strong>delendi</strong></span> <span class='ocrx_word' id='word_1_52' title='bbox 3133 538 3402 625; x_wconf 89' lang='lat' dir='ltr'><strong>peccati,</strong></span> <span class='ocrx_word' id='word_1_53' title='bbox 3475 549 3539 605; x_wconf 89' lang='lat' dir='ltr'><strong>et</strong></span> <span class='ocrx_word' id='word_1_54' title='bbox 3589 538 3674 606; x_wconf 88' lang='lat' dir='ltr'><strong>ad</strong></span> <span class='ocrx_word' id='word_1_55' title='bbox 3731 560 3934 606; x_wconf 84' lang='lat' dir='ltr'><strong>omnes</strong></span> 
     </span>
     <span class='ocr_line' id='line_1_14' title="bbox 2410 649 3932 742; baseline 0.003 -27"><span class='ocrx_word' id='word_1_56' title='bbox 2410 649 2705 732; x_wconf 78' lang='lat' dir='ltr'><strong>effectus,</strong></span> <span class='ocrx_word' id='word_1_57' title='bbox 2751 650 2893 718; x_wconf 87' lang='lat' dir='ltr'><strong>sive</strong></span> <span class='ocrx_word' id='word_1_58' title='bbox 2923 652 3445 740; x_wconf 81' lang='lat' dir='ltr'><strong>consignationis</strong></span> <span class='ocrx_word' id='word_1_59' title='bbox 3494 665 3558 719; x_wconf 88' lang='lat' dir='ltr'><strong>et</strong></span> <span class='ocrx_word' id='word_1_60' title='bbox 3593 654 3932 742; x_wconf 81' lang='lat' dir='ltr'><strong>segregati·</strong></span> 
     </span>
     <span class='ocr_line' id='line_1_15' title="bbox 2410 766 3935 859; baseline 0.004 -27"><span class='ocrx_word' id='word_1_61' title='bbox 2410 766 2556 832; x_wconf 90' lang='lat' dir='ltr'><strong>onis</strong></span> <span class='ocrx_word' id='word_1_62' title='bbox 2604 769 2863 854; x_wconf 85' lang='lat' dir='ltr'><strong>generis</strong></span> <span class='ocrx_word' id='word_1_63' title='bbox 2919 769 3271 852; x_wconf 79' lang='lat' dir='ltr'><strong>Abraham,</strong></span> <span class='ocrx_word' id='word_1_64' title='bbox 3334 781 3399 836; x_wconf 89' lang='lat' dir='ltr'><strong>et</strong></span> <span class='ocrx_word' id='word_1_65' title='bbox 3455 769 3935 859; x_wconf 84' lang='lat' dir='ltr'><strong>significationis</strong></span> 
     </span>
     <span class='ocr_line' id='line_1_16' title="bbox 2411 885 3934 974; baseline 0.003 -26"><span class='ocrx_word' id='word_1_66' title='bbox 2411 885 2709 970; x_wconf 70' lang='lat' dir='ltr'><strong>mysticae</strong></span> <span class='ocrx_word' id='word_1_67' title='bbox 2745 887 2979 973; x_wconf 70' lang='lat' dir='ltr'><strong>gratias</strong></span> <span class='ocrx_word' id='word_1_68' title='bbox 3020 886 3458 974; x_wconf 88' lang='lat' dir='ltr'><strong>Baptismalis,</strong></span> <span class='ocrx_word' id='word_1_69' title='bbox 3498 900 3562 954; x_wconf 82' lang='lat' dir='ltr'><strong>et</strong></span> <span class='ocrx_word' id='word_1_70' title='bbox 3599 887 3934 955; x_wconf 88' lang='lat' dir='ltr'><strong>Circumci-</strong></span> 
     </span>
     <span class='ocr_line' id='line_1_17' title="bbox 2410 1000 3932 1093; baseline 0.003 -27"><span class='ocrx_word' id='word_1_71' title='bbox 2410 1000 2616 1068; x_wconf 88' lang='lat' dir='ltr'><strong>sionis</strong></span> <span class='ocrx_word' id='word_1_72' title='bbox 2662 1002 3048 1089; x_wconf 80' lang='lat' dir='ltr'><strong>spiritualiS,</strong></span> <span class='ocrx_word' id='word_1_73' title='bbox 3113 1025 3278 1091; x_wconf 88' lang='lat' dir='ltr'><strong>quos</strong></span> <span class='ocrx_word' id='word_1_74' title='bbox 3348 1004 3474 1092; x_wconf 90' lang='lat' dir='ltr'><strong>ipsi</strong></span> <span class='ocrx_word' id='word_1_75' title='bbox 3550 1005 3932 1093; x_wconf 78' lang='lat' dir='ltr'><strong>exprimunt,</strong></span> 
     </span>
     <span class='ocr_line' id='line_1_18' title="bbox 2410 1115 3929 1206; baseline 0.003 -24"><span class='ocrx_word' id='word_1_76' title='bbox 2410 1115 2658 1184; x_wconf 75' lang='lat' dir='ltr'><strong>fructus</strong></span> <span class='ocrx_word' id='word_1_77' title='bbox 2725 1120 2870 1206; x_wconf 85' lang='lat' dir='ltr'><strong>ejus</strong></span> <span class='ocrx_word' id='word_1_78' title='bbox 2930 1132 3206 1200; x_wconf 81' lang='lat' dir='ltr'><strong>arctant,</strong></span> <span class='ocrx_word' id='word_1_79' title='bbox 3242 1120 3650 1188; x_wconf 87' lang='lat' dir='ltr'><strong>excludendo</strong></span> <span class='ocrx_word' id='word_1_80' title='bbox 3693 1133 3929 1188; x_wconf 78' lang='lat' dir='ltr'><strong>caetera.</strong></span> 
     </span>
    </p>
   </div>
   <div class='ocr_carea' id='block_1_6' title="bbox 2408 1236 4132 1462">
    <p class='ocr_par' dir='ltr' id='par_1_7' title="bbox 2408 1236 4132 1462">
     <span class='ocr_line' id='line_1_19' title="bbox 2496 1236 4067 1338; baseline 0.001 -38"><span class='ocrx_word' id='word_1_81' title='bbox 2496 1236 2947 1321; x_wconf 88' lang='lat' dir='ltr'><strong>Respondetur</strong></span> <span class='ocrx_word' id='word_1_82' title='bbox 2976 1257 3161 1323; x_wconf 88' lang='lat' dir='ltr'><strong>ergo,</strong></span> <span class='ocrx_word' id='word_1_83' title='bbox 3196 1236 3384 1303; x_wconf 85' lang='lat' dir='ltr'><strong>aliter</strong></span> <span class='ocrx_word' id='word_1_84' title='bbox 3412 1237 3677 1304; x_wconf 78' lang='lat' dir='ltr'><strong>Iudaeos</strong></span> <span class='ocrx_word' id='word_1_85' title='bbox 3701 1237 3931 1324; x_wconf 86' lang='lat' dir='ltr'><strong>posuis·</strong></span> <span class='ocrx_word' id='word_1_86' title='bbox 4033 1290 4067 1338; x_wconf 50' lang='grc' dir='ltr'>Ε</span> 
     </span>
     <span class='ocr_line' id='line_1_20' title="bbox 2408 1329 4132 1462; baseline 0.002 -52"><span class='ocrx_word' id='word_1_87' title='bbox 2408 1365 2480 1412; x_wconf 92' lang='lat' dir='ltr'><strong>se</strong></span> <span class='ocrx_word' id='word_1_88' title='bbox 2519 1366 2779 1414; x_wconf 87' lang='lat' dir='ltr'><strong>omnem</strong></span> <span class='ocrx_word' id='word_1_89' title='bbox 2808 1348 3128 1435; x_wconf 85' lang='lat' dir='ltr'><strong>justitiam</strong></span> <span class='ocrx_word' id='word_1_90' title='bbox 3182 1371 3329 1416; x_wconf 86' lang='lat' dir='ltr'><strong>esse</strong></span> <span class='ocrx_word' id='word_1_91' title='bbox 3376 1371 3457 1416; x_wconf 82' lang='lat' dir='ltr'><strong>ex</strong></span> <span class='ocrx_word' id='word_1_92' title='bbox 3497 1348 3658 1415; x_wconf 88' lang='lat' dir='ltr'><strong>solis</strong></span> <span class='ocrx_word' id='word_1_93' title='bbox 3707 1347 3849 1437; x_wconf 88' lang='lat' dir='ltr'><strong>lege</strong></span> <span class='ocrx_word' id='word_1_94' title='bbox 3879 1361 3932 1415; x_wconf 84' lang='lat' dir='ltr'><strong>et</strong></span> <span class='ocrx_word' id='word_1_95' title='bbox 3964 1329 4132 1462; x_wconf 49' lang='lat' dir='ltr'><strong>Iit-{33³³</strong></span> 
     </span>
    </p>
   </div>
   <div class='ocr_carea' id='block_1_7' title="bbox 417 1462 4140 4046">
    <p class='ocr_par' dir='ltr' id='par_1_8' title="bbox 417 1462 4140 4046">
     <span class='ocr_line' id='line_1_21' title="bbox 425 1462 4125 1592; baseline -0 -59"><span class='ocrx_word' id='word_1_96' title='bbox 425 1463 700 1592; x_wconf 45' lang='lat' dir='ltr'><strong>msssdixzio.</strong></span> <span class='ocrx_word' id='word_1_97' title='bbox 748 1466 1035 1533; x_wconf 88' lang='lat' dir='ltr'><strong>remedio</strong></span> <span class='ocrx_word' id='word_1_98' title='bbox 1082 1466 1247 1554; x_wconf 89' lang='lat' dir='ltr'><strong>legis</strong></span> <span class='ocrx_word' id='word_1_99' title='bbox 1289 1479 1563 1548; x_wconf 88' lang='lat' dir='ltr'><strong>naturae,</strong></span> <span class='ocrx_word' id='word_1_100' title='bbox 1621 1466 1724 1533; x_wconf 89' lang='lat' dir='ltr'><strong>vel</strong></span> <span class='ocrx_word' id='word_1_101' title='bbox 1786 1477 1856 1533; x_wconf 91' lang='lat' dir='ltr'><strong>ut</strong></span> <span class='ocrx_word' id='word_1_102' title='bbox 1915 1467 2294 1536; x_wconf 83' lang='lat' dir='ltr'><strong>includebat</strong></span> <span class='ocrx_word' id='word_1_103' title='bbox 2406 1462 2940 1543; x_wconf 87' lang='lat' dir='ltr'><strong>circumcisione,</strong></span> <span class='ocrx_word' id='word_1_104' title='bbox 3002 1477 3066 1531; x_wconf 91' lang='lat' dir='ltr'><strong>et</strong></span> <span class='ocrx_word' id='word_1_105' title='bbox 3118 1465 3360 1532; x_wconf 89' lang='lat' dir='ltr'><strong>nullam</strong></span> <span class='ocrx_word' id='word_1_106' title='bbox 3411 1465 3604 1532; x_wconf 91' lang='lat' dir='ltr'><strong>aliam</strong></span> <span class='ocrx_word' id='word_1_107' title='bbox 3647 1465 3932 1533; x_wconf 87' lang='lat' dir='ltr'><strong>admitte·</strong></span> <span class='ocrx_word' id='word_1_108' title='bbox 3978 1479 4125 1587; x_wconf 43' lang='lat' dir='ltr'><strong>‘&#39;ffifss&#39;</strong></span> 
     </span>
     <span class='ocr_line' id='line_1_22' title="bbox 745 1579 4102 1671; baseline 0.001 -23"><span class='ocrx_word' id='word_1_109' title='bbox 745 1582 939 1649; x_wconf 80' lang='lat' dir='ltr'><strong>iidem</strong></span> <span class='ocrx_word' id='word_1_110' title='bbox 971 1594 1338 1670; x_wconf 88' lang='lat' dir='ltr'><strong>parentum,</strong></span> <span class='ocrx_word' id='word_1_111' title='bbox 1378 1582 1479 1649; x_wconf 89' lang='lat' dir='ltr'><strong>vel</strong></span> <span class='ocrx_word' id='word_1_112' title='bbox 1511 1581 1793 1670; x_wconf 87' lang='lat' dir='ltr'><strong>denique</strong></span> <span class='ocrx_word' id='word_1_113' title='bbox 1825 1582 1976 1671; x_wconf 90' lang='lat' dir='ltr'><strong>quia</strong></span> <span class='ocrx_word' id='word_1_114' title='bbox 2007 1584 2296 1651; x_wconf 87' lang='lat' dir='ltr'><strong>Circum·</strong></span> <span class='ocrx_word' id='word_1_115' title='bbox 2407 1579 2561 1645; x_wconf 89' lang='lat' dir='ltr'><strong>bant</strong></span> <span class='ocrx_word' id='word_1_116' title='bbox 2652 1580 3196 1667; x_wconf 88' lang='lat' dir='ltr'><strong>redemptionem,</strong></span> <span class='ocrx_word' id='word_1_117' title='bbox 3286 1593 3400 1648; x_wconf 90' lang='lat' dir='ltr'><strong>aut</strong></span> <span class='ocrx_word' id='word_1_118' title='bbox 3491 1581 3929 1649; x_wconf 88' lang='lat' dir='ltr'><strong>necessitatem</strong></span> <span class='ocrx_word' id='word_1_119' title='bbox 4008 1602 4102 1651; x_wconf 63' lang='lat' dir='ltr'><strong>fimf</strong></span> 
     </span>
     <span class='ocr_line' id='line_1_23' title="bbox 742 1664 4140 1786; baseline -0.001 -20"><span class='ocrx_word' id='word_1_120' title='bbox 742 1699 928 1779; x_wconf 88' lang='lat' dir='ltr'><strong>cisi0,</strong></span> <span class='ocrx_word' id='word_1_121' title='bbox 984 1700 1132 1767; x_wconf 86' lang='lat' dir='ltr'><strong>licet</strong></span> <span class='ocrx_word' id='word_1_122' title='bbox 1180 1700 1483 1767; x_wconf 87' lang='lat' dir='ltr'><strong>habuerit</strong></span> <span class='ocrx_word' id='word_1_123' title='bbox 1522 1699 1696 1766; x_wconf 86' lang='lat' dir='ltr'><strong>illam</strong></span> <span class='ocrx_word' id='word_1_124' title='bbox 1731 1700 2118 1782; x_wconf 80' lang='lat' dir='ltr'><strong>efficaciam,</strong></span> <span class='ocrx_word' id='word_1_125' title='bbox 2161 1723 2290 1769; x_wconf 92' lang='lat' dir='ltr'><strong>non</strong></span> <span class='ocrx_word' id='word_1_126' title='bbox 2403 1697 2570 1784; x_wconf 83' lang='lat' dir='ltr'><strong>ejus,</strong></span> <span class='ocrx_word' id='word_1_127' title='bbox 2607 1697 2905 1764; x_wconf 85' lang='lat' dir='ltr'><strong>Messiam</strong></span> <span class='ocrx_word' id='word_1_128' title='bbox 2938 1699 3368 1786; x_wconf 81' lang='lat' dir='ltr'><strong>expectabant</strong></span> <span class='ocrx_word' id='word_1_129' title='bbox 3389 1711 3460 1766; x_wconf 92' lang='lat' dir='ltr'><strong>ut</strong></span> <span class='ocrx_word' id='word_1_130' title='bbox 3488 1699 3930 1766; x_wconf 83' lang='lat' dir='ltr'><strong>instructorem</strong></span> <span class='ocrx_word' id='word_1_131' title='bbox 3946 1664 4140 1715; x_wconf 40' lang='grc' dir='ltr'><strong>’Μ’</strong></span> 
     </span>
     <span class='ocr_line' id='line_1_24' title="bbox 744 1816 3932 1910; baseline 0.002 -28"><span class='ocrx_word' id='word_1_132' title='bbox 744 1818 940 1885; x_wconf 82' lang='lat' dir='ltr'><strong>fuerit</strong></span> <span class='ocrx_word' id='word_1_133' title='bbox 987 1839 1069 1885; x_wconf 87' lang='lat' dir='ltr'><strong>ex</strong></span> <span class='ocrx_word' id='word_1_134' title='bbox 1110 1817 1423 1905; x_wconf 90' lang='lat' dir='ltr'><strong>primaria</strong></span> <span class='ocrx_word' id='word_1_135' title='bbox 1472 1817 1615 1904; x_wconf 84' lang='lat' dir='ltr'><strong>ejus</strong></span> <span class='ocrx_word' id='word_1_136' title='bbox 1657 1817 2093 1900; x_wconf 84' lang='lat' dir='ltr'><strong>institutione,</strong></span> <span class='ocrx_word' id='word_1_137' title='bbox 2141 1843 2290 1910; x_wconf 82' lang='lat' dir='ltr'><strong>quae</strong></span> <span class='ocrx_word' id='word_1_138' title='bbox 2404 1828 2466 1881; x_wconf 71' lang='lat' dir='ltr'><strong>et</strong></span> <span class='ocrx_word' id='word_1_139' title='bbox 2507 1818 2870 1897; x_wconf 70' lang='lat' dir='ltr'><strong>D00t0r8m‚</strong></span> <span class='ocrx_word' id='word_1_140' title='bbox 2916 1827 2978 1883; x_wconf 82' lang='lat' dir='ltr'><strong>et</strong></span> <span class='ocrx_word' id='word_1_141' title='bbox 3009 1817 3119 1903; x_wconf 87' lang='lat' dir='ltr'><strong>qui</strong></span> <span class='ocrx_word' id='word_1_142' title='bbox 3168 1838 3282 1884; x_wconf 82' lang='lat' dir='ltr'><strong>eos</strong></span> <span class='ocrx_word' id='word_1_143' title='bbox 3318 1816 3626 1885; x_wconf 78' lang='lat' dir='ltr'><strong>liberaret</strong></span> <span class='ocrx_word' id='word_1_144' title='bbox 3657 1839 3695 1884; x_wconf 83' lang='lat' dir='ltr'><strong>a</strong></span> <span class='ocrx_word' id='word_1_145' title='bbox 3742 1817 3932 1884; x_wconf 78' lang='lat' dir='ltr'><strong>servi-</strong></span> 
     </span>
     <span class='ocr_line' id='line_1_25' title="bbox 743 1931 3935 2022; baseline 0 -25"><span class='ocrx_word' id='word_1_146' title='bbox 743 1934 1009 2022; x_wconf 87' lang='lat' dir='ltr'><strong>respicit</strong></span> <span class='ocrx_word' id='word_1_147' title='bbox 1074 1935 1613 2022; x_wconf 80' lang='lat' dir='ltr'><strong>segregationem</strong></span> <span class='ocrx_word' id='word_1_148' title='bbox 1707 1935 2109 2018; x_wconf 83' lang='lat' dir='ltr'><strong>Judaeorum,</strong></span> <span class='ocrx_word' id='word_1_149' title='bbox 2181 1950 2294 2005; x_wconf 77' lang='lat' dir='ltr'><strong>aut</strong></span> <span class='ocrx_word' id='word_1_150' title='bbox 2403 1939 2540 1998; x_wconf 89' lang='lat' dir='ltr'><strong>tute</strong></span> <span class='ocrx_word' id='word_1_151' title='bbox 2567 1931 2936 2018; x_wconf 89' lang='lat' dir='ltr'><strong>temporali,</strong></span> <span class='ocrx_word' id='word_1_152' title='bbox 2968 1931 3049 1998; x_wconf 89' lang='lat' dir='ltr'><strong>de</strong></span> <span class='ocrx_word' id='word_1_153' title='bbox 3080 1952 3206 2019; x_wconf 90' lang='lat' dir='ltr'><strong>qua</strong></span> <span class='ocrx_word' id='word_1_154' title='bbox 3238 1931 3701 2020; x_wconf 87' lang='lat' dir='ltr'><strong>intelligebant</strong></span> <span class='ocrx_word' id='word_1_155' title='bbox 3730 1951 3935 1998; x_wconf 79' lang='lat' dir='ltr'><strong>omnes</strong></span> 
     </span>
     <span class='ocr_line' id='line_1_26' title="bbox 742 2047 3935 2140; baseline -0.001 -22"><span class='ocrx_word' id='word_1_156' title='bbox 742 2052 969 2139; x_wconf 88' lang='lat' dir='ltr'><strong>stirpis</strong></span> <span class='ocrx_word' id='word_1_157' title='bbox 1012 2052 1298 2119; x_wconf 75' lang='lat' dir='ltr'><strong>Abrahae</strong></span> <span class='ocrx_word' id='word_1_158' title='bbox 1356 2053 1438 2119; x_wconf 90' lang='lat' dir='ltr'><strong>ab</strong></span> <span class='ocrx_word' id='word_1_159' title='bbox 1486 2052 1658 2132; x_wconf 81' lang='lat' dir='ltr'><strong>aliis,</strong></span> <span class='ocrx_word' id='word_1_160' title='bbox 1722 2074 1839 2138; x_wconf 90' lang='lat' dir='ltr'><strong>per</strong></span> <span class='ocrx_word' id='word_1_161' title='bbox 1898 2055 2022 2120; x_wconf 90' lang='lat' dir='ltr'><strong>hoc</strong></span> <span class='ocrx_word' id='word_1_162' title='bbox 2063 2053 2290 2140; x_wconf 87' lang='lat' dir='ltr'><strong>signa-</strong></span> <span class='ocrx_word' id='word_1_163' title='bbox 2404 2047 2876 2133; x_wconf 88' lang='lat' dir='ltr'><strong>promissiones</strong></span> <span class='ocrx_word' id='word_1_164' title='bbox 2914 2047 3382 2135; x_wconf 89' lang='lat' dir='ltr'><strong>redemptionis</strong></span> <span class='ocrx_word' id='word_1_165' title='bbox 3438 2061 3503 2115; x_wconf 89' lang='lat' dir='ltr'><strong>et</strong></span> <span class='ocrx_word' id='word_1_166' title='bbox 3559 2047 3872 2114; x_wconf 83' lang='lat' dir='ltr'><strong>libertatis</strong></span> <span class='ocrx_word' id='word_1_167' title='bbox 3905 2069 3935 2114; x_wconf 91' lang='lat' dir='ltr'><strong>a</strong></span> 
     </span>
     <span class='ocr_line' id='line_1_27' title="bbox 740 2165 3938 2256; baseline -0.001 -21"><span class='ocrx_word' id='word_1_168' title='bbox 740 2169 986 2248; x_wconf 91' lang='lat' dir='ltr'><strong>culum,</strong></span> <span class='ocrx_word' id='word_1_169' title='bbox 1023 2181 1088 2235; x_wconf 89' lang='lat' dir='ltr'><strong>et</strong></span> <span class='ocrx_word' id='word_1_170' title='bbox 1122 2169 1512 2256; x_wconf 90' lang='lat' dir='ltr'><strong>inquantum</strong></span> <span class='ocrx_word' id='word_1_171' title='bbox 1546 2168 1960 2256; x_wconf 85' lang='lat' dir='ltr'><strong>significabat</strong></span> <span class='ocrx_word' id='word_1_172' title='bbox 2005 2169 2290 2236; x_wconf 75' lang='lat' dir='ltr'><strong>futuram</strong></span> <span class='ocrx_word' id='word_1_173' title='bbox 2405 2176 2689 2249; x_wconf 80' lang='lat' dir='ltr'><strong>peccate,</strong></span> <span class='ocrx_word' id='word_1_174' title='bbox 2754 2185 2917 2252; x_wconf 90' lang='lat' dir='ltr'><strong>quas</strong></span> <span class='ocrx_word' id='word_1_175' title='bbox 2969 2165 3390 2252; x_wconf 88' lang='lat' dir='ltr'><strong>promittebat</strong></span> <span class='ocrx_word' id='word_1_176' title='bbox 3431 2166 3771 2253; x_wconf 88' lang='lat' dir='ltr'><strong>Scriptura</strong></span> <span class='ocrx_word' id='word_1_177' title='bbox 3824 2166 3938 2233; x_wconf 82' lang='lat' dir='ltr'><strong>lore</strong></span> 
     </span>
     <span class='ocr_line' id='line_1_28' title="bbox 739 2281 3937 2374; baseline -0.001 -24"><span class='ocrx_word' id='word_1_178' title='bbox 739 2284 1019 2374; x_wconf 86' lang='lat' dir='ltr'><strong>gratiam</strong></span> <span class='ocrx_word' id='word_1_179' title='bbox 1109 2284 1446 2372; x_wconf 88' lang='lat' dir='ltr'><strong>Baptismi,</strong></span> <span class='ocrx_word' id='word_1_180' title='bbox 1551 2300 1617 2351; x_wconf 91' lang='lat' dir='ltr'><strong>et</strong></span> <span class='ocrx_word' id='word_1_181' title='bbox 1709 2285 2291 2354; x_wconf 78' lang='lat' dir='ltr'><strong>circumcisionem</strong></span> <span class='ocrx_word' id='word_1_182' title='bbox 2404 2301 2517 2366; x_wconf 87' lang='lat' dir='ltr'><strong>per</strong></span> <span class='ocrx_word' id='word_1_183' title='bbox 2576 2282 2905 2363; x_wconf 87' lang='lat' dir='ltr'><strong>Messiam,</strong></span> <span class='ocrx_word' id='word_1_184' title='bbox 2950 2281 3118 2350; x_wconf 90' lang='lat' dir='ltr'><strong>sicut</strong></span> <span class='ocrx_word' id='word_1_185' title='bbox 3177 2296 3241 2350; x_wconf 91' lang='lat' dir='ltr'><strong>et</strong></span> <span class='ocrx_word' id='word_1_186' title='bbox 3280 2304 3560 2370; x_wconf 90' lang='lat' dir='ltr'><strong>regnum</strong></span> <span class='ocrx_word' id='word_1_187' title='bbox 3616 2284 3767 2370; x_wconf 86' lang='lat' dir='ltr'><strong>ejus</strong></span> <span class='ocrx_word' id='word_1_188' title='bbox 3821 2283 3937 2349; x_wconf 75' lang='lat' dir='ltr'><strong>sore</strong></span> 
     </span>
     <span class='ocr_line' id='line_1_29' title="bbox 740 2396 3932 2490; baseline -0 -22"><span class='ocrx_word' id='word_1_189' title='bbox 740 2401 1142 2489; x_wconf 87' lang='lat' dir='ltr'><strong>spiritualem</strong></span> <span class='ocrx_word' id='word_1_190' title='bbox 1174 2401 1640 2468; x_wconf 81' lang='lat' dir='ltr'><strong>conferendam</strong></span> <span class='ocrx_word' id='word_1_191' title='bbox 1684 2424 1799 2490; x_wconf 90' lang='lat' dir='ltr'><strong>per</strong></span> <span class='ocrx_word' id='word_1_192' title='bbox 1832 2403 2192 2469; x_wconf 86' lang='lat' dir='ltr'><strong>Christum.</strong></span> <span class='ocrx_word' id='word_1_193' title='bbox 2401 2396 2781 2484; x_wconf 79' lang='lat' dir='ltr'><strong>temporale,</strong></span> <span class='ocrx_word' id='word_1_194' title='bbox 2835 2410 2899 2465; x_wconf 85' lang='lat' dir='ltr'><strong>et</strong></span> <span class='ocrx_word' id='word_1_195' title='bbox 2940 2400 3485 2467; x_wconf 86' lang='lat' dir='ltr'><strong>restaurationem</strong></span> <span class='ocrx_word' id='word_1_196' title='bbox 3528 2400 3720 2486; x_wconf 84' lang='lat' dir='ltr'><strong>regui</strong></span> <span class='ocrx_word' id='word_1_197' title='bbox 3760 2398 3932 2465; x_wconf 84' lang='lat' dir='ltr'><strong>Israel</strong></span> 
     </span>
     <span class='ocr_line' id='line_1_30' title="bbox 828 2513 2811 2610; baseline 0.003 -26"><span class='ocrx_word' id='word_1_198' title='bbox 828 2513 1076 2587; x_wconf 86' lang='lat' dir='ltr'><strong>Verum</strong></span> <span class='ocrx_word' id='word_1_199' title='bbox 1099 2519 1155 2587; x_wconf 90' lang='lat' dir='ltr'><strong>si</strong></span> <span class='ocrx_word' id='word_1_200' title='bbox 1195 2520 1614 2587; x_wconf 86' lang='lat' dir='ltr'><strong>auctoritates</strong></span> <span class='ocrx_word' id='word_1_201' title='bbox 1653 2521 1998 2589; x_wconf 81' lang='lat' dir='ltr'><strong>contrariae</strong></span> <span class='ocrx_word' id='word_1_202' title='bbox 2038 2522 2288 2610; x_wconf 90' lang='lat' dir='ltr'><strong>aliquo·</strong></span> <span class='ocrx_word' id='word_1_203' title='bbox 2400 2515 2811 2600; x_wconf 75' lang='lat' dir='ltr'><strong>temporalis·</strong></span> 
     </span>
     <span class='ocr_line' id='line_1_31' title="bbox 742 2632 3933 2724; baseline -0.002 -22"><span class='ocrx_word' id='word_1_204' title='bbox 742 2658 889 2704; x_wconf 91' lang='lat' dir='ltr'><strong>rum</strong></span> <span class='ocrx_word' id='word_1_205' title='bbox 941 2640 1231 2716; x_wconf 86' lang='lat' dir='ltr'><strong>Patrum,</strong></span> <span class='ocrx_word' id='word_1_206' title='bbox 1276 2648 1342 2702; x_wconf 88' lang='lat' dir='ltr'><strong>et</strong></span> <span class='ocrx_word' id='word_1_207' title='bbox 1378 2637 1586 2724; x_wconf 85' lang='lat' dir='ltr'><strong>ipsius</strong></span> <span class='ocrx_word' id='word_1_208' title='bbox 1619 2636 1814 2704; x_wconf 90' lang='lat' dir='ltr'><strong>etiam</strong></span> <span class='ocrx_word' id='word_1_209' title='bbox 1849 2639 2029 2705; x_wconf 87' lang='lat' dir='ltr'><strong>Pauli</strong></span> <span class='ocrx_word' id='word_1_210' title='bbox 2072 2639 2139 2705; x_wconf 91' lang='lat' dir='ltr'><strong>in</strong></span> <span class='ocrx_word' id='word_1_211' title='bbox 2182 2660 2289 2706; x_wconf 89' lang='lat' dir='ltr'><strong>su·</strong></span> <span class='ocrx_word' id='word_1_212' title='bbox 2490 2635 2622 2699; x_wconf 93' lang='lat' dir='ltr'><strong>Hoc</strong></span> <span class='ocrx_word' id='word_1_213' title='bbox 2659 2643 2833 2720; x_wconf 86' lang='lat' dir='ltr'><strong>patet</strong></span> <span class='ocrx_word' id='word_1_214' title='bbox 2863 2653 2943 2698; x_wconf 88' lang='lat' dir='ltr'><strong>ex</strong></span> <span class='ocrx_word' id='word_1_215' title='bbox 2984 2632 3282 2719; x_wconf 87' lang='lat' dir='ltr'><strong>epistolis</strong></span> <span class='ocrx_word' id='word_1_216' title='bbox 3323 2633 3528 2713; x_wconf 87' lang='lat' dir='ltr'><strong>Pauli,</strong></span> <span class='ocrx_word' id='word_1_217' title='bbox 3564 2632 3933 2701; x_wconf 87' lang='lat' dir='ltr'><strong>disserentis</strong></span> 
     </span>
     <span class='ocr_line' id='line_1_32' title="bbox 746 2749 3930 2842; baseline -0.001 -22"><span class='ocrx_word' id='word_1_218' title='bbox 746 2753 1010 2842; x_wconf 80' lang='lat' dir='ltr'><strong>perlicie</strong></span> <span class='ocrx_word' id='word_1_219' title='bbox 1086 2766 1150 2820; x_wconf 88' lang='lat' dir='ltr'><strong>et</strong></span> <span class='ocrx_word' id='word_1_220' title='bbox 1199 2752 1410 2818; x_wconf 81' lang='lat' dir='ltr'><strong>forma</strong></span> <span class='ocrx_word' id='word_1_221' title='bbox 1468 2753 1820 2821; x_wconf 86' lang='lat' dir='ltr'><strong>verborum</strong></span> <span class='ocrx_word' id='word_1_222' title='bbox 1888 2757 2284 2839; x_wconf 88' lang='lat' dir='ltr'><strong>attendatur,</strong></span> <span class='ocrx_word' id='word_1_223' title='bbox 2399 2762 2623 2817; x_wconf 81' lang='lat' dir='ltr'><strong>contra</strong></span> <span class='ocrx_word' id='word_1_224' title='bbox 2654 2749 2913 2816; x_wconf 81' lang='lat' dir='ltr'><strong>Judaeos</strong></span> <span class='ocrx_word' id='word_1_225' title='bbox 2946 2763 3009 2817; x_wconf 88' lang='lat' dir='ltr'><strong>et</strong></span> <span class='ocrx_word' id='word_1_226' title='bbox 3023 2749 3457 2836; x_wconf 82' lang='lat' dir='ltr'><strong>judaizanteS,</strong></span> <span class='ocrx_word' id='word_1_227' title='bbox 3495 2772 3613 2837; x_wconf 92' lang='lat' dir='ltr'><strong>pro</strong></span> <span class='ocrx_word' id='word_1_228' title='bbox 3647 2750 3774 2817; x_wconf 81' lang='lat' dir='ltr'><strong>fide</strong></span> <span class='ocrx_word' id='word_1_229' title='bbox 3798 2753 3930 2817; x_wconf 87' lang='lat' dir='ltr'><strong>Jesu</strong></span> 
     </span>
     <span class='ocr_line' id='line_1_33' title="bbox 742 2865 3927 2955; baseline -0.001 -22"><span class='ocrx_word' id='word_1_230' title='bbox 742 2880 806 2934; x_wconf 87' lang='lat' dir='ltr'><strong>ct</strong></span> <span class='ocrx_word' id='word_1_231' title='bbox 873 2887 1000 2932; x_wconf 91' lang='lat' dir='ltr'><strong>non</strong></span> <span class='ocrx_word' id='word_1_232' title='bbox 1073 2866 1438 2934; x_wconf 89' lang='lat' dir='ltr'><strong>secundum</strong></span> <span class='ocrx_word' id='word_1_233' title='bbox 1508 2868 1866 2955; x_wconf 84' lang='lat' dir='ltr'><strong>subjectam</strong></span> <span class='ocrx_word' id='word_1_234' title='bbox 1920 2871 2283 2949; x_wconf 84' lang='lat' dir='ltr'><strong>materiam,</strong></span> <span class='ocrx_word' id='word_1_235' title='bbox 2398 2865 2673 2944; x_wconf 88' lang='lat' dir='ltr'><strong>Christi;</strong></span> <span class='ocrx_word' id='word_1_236' title='bbox 2711 2877 2774 2932; x_wconf 91' lang='lat' dir='ltr'><strong>et</strong></span> <span class='ocrx_word' id='word_1_237' title='bbox 2813 2866 2938 2932; x_wconf 90' lang='lat' dir='ltr'><strong>hoc</strong></span> <span class='ocrx_word' id='word_1_238' title='bbox 2981 2879 3079 2933; x_wconf 89' lang='lat' dir='ltr'><strong>est</strong></span> <span class='ocrx_word' id='word_1_239' title='bbox 3116 2879 3579 2954; x_wconf 89' lang='lat' dir='ltr'><strong>argumentum</strong></span> <span class='ocrx_word' id='word_1_240' title='bbox 3632 2868 3927 2954; x_wconf 87' lang='lat' dir='ltr'><strong>ipsorum,</strong></span> 
     </span>
     <span class='ocr_line' id='line_1_34' title="bbox 738 2982 3928 3071; baseline -0.001 -22"><span class='ocrx_word' id='word_1_241' title='bbox 738 2997 802 3049; x_wconf 90' lang='lat' dir='ltr'><strong>et</strong></span> <span class='ocrx_word' id='word_1_242' title='bbox 869 2982 1190 3049; x_wconf 89' lang='lat' dir='ltr'><strong>intentum</strong></span> <span class='ocrx_word' id='word_1_243' title='bbox 1264 2982 1649 3071; x_wconf 90' lang='lat' dir='ltr'><strong>primarium</strong></span> <span class='ocrx_word' id='word_1_244' title='bbox 1696 2984 2010 3070; x_wconf 85' lang='lat' dir='ltr'><strong>ipsorum,</strong></span> <span class='ocrx_word' id='word_1_245' title='bbox 2058 2999 2288 3056; x_wconf 85' lang='lat' dir='ltr'><strong>neutra</strong></span> <span class='ocrx_word' id='word_1_246' title='bbox 2400 2996 2468 3050; x_wconf 91' lang='lat' dir='ltr'><strong>ut</strong></span> <span class='ocrx_word' id='word_1_247' title='bbox 2508 2983 2837 3070; x_wconf 81' lang='lat' dir='ltr'><strong>explicant</strong></span> <span class='ocrx_word' id='word_1_248' title='bbox 2884 3003 3115 3050; x_wconf 89' lang='lat' dir='ltr'><strong>omnes</strong></span> <span class='ocrx_word' id='word_1_249' title='bbox 3144 2985 3578 3071; x_wconf 79' lang='lat' dir='ltr'><strong>expositores,</strong></span> <span class='ocrx_word' id='word_1_250' title='bbox 3622 2988 3800 3053; x_wconf 83' lang='lat' dir='ltr'><strong>Patet</strong></span> <span class='ocrx_word' id='word_1_251' title='bbox 3826 2984 3928 3050; x_wconf 85' lang='lat' dir='ltr'><strong>eti·</strong></span> 
     </span>
     <span class='ocr_line' id='line_1_35' title="bbox 739 3100 3931 3187; baseline 0 -21"><span class='ocrx_word' id='word_1_252' title='bbox 739 3100 1082 3187; x_wconf 86' lang='lat' dir='ltr'><strong>responsio</strong></span> <span class='ocrx_word' id='word_1_253' title='bbox 1149 3100 1510 3180; x_wconf 82' lang='lat' dir='ltr'><strong>satisfacit;</strong></span> <span class='ocrx_word' id='word_1_254' title='bbox 1559 3100 1868 3168; x_wconf 86' lang='lat' dir='ltr'><strong>videntur</strong></span> <span class='ocrx_word' id='word_1_255' title='bbox 1923 3102 2095 3169; x_wconf 87' lang='lat' dir='ltr'><strong>enim</strong></span> <span class='ocrx_word' id='word_1_256' title='bbox 2166 3107 2286 3170; x_wconf 88' lang='lat' dir='ltr'><strong>Pa·</strong></span> <span class='ocrx_word' id='word_1_257' title='bbox 2396 3121 2498 3166; x_wconf 92' lang='lat' dir='ltr'><strong>am</strong></span> <span class='ocrx_word' id='word_1_258' title='bbox 2532 3104 2672 3167; x_wconf 84' lang='lat' dir='ltr'><strong>Act.</strong></span> <span class='ocrx_word' id='word_1_259' title='bbox 2722 3104 2826 3165; x_wconf 77' lang='lat'><strong>15.</strong></span> <span class='ocrx_word' id='word_1_260' title='bbox 2889 3102 2973 3166; x_wconf 85' lang='lat' dir='ltr'><strong>Et</strong></span> <span class='ocrx_word' id='word_1_261' title='bbox 3014 3101 3288 3186; x_wconf 73' lang='lat' dir='ltr'><strong>quidam</strong></span> <span class='ocrx_word' id='word_1_262' title='bbox 3344 3101 3810 3168; x_wconf 73' lang='lat' dir='ltr'><strong>descendentes</strong></span> <span class='ocrx_word' id='word_1_263' title='bbox 3860 3101 3931 3167; x_wconf 80' lang='lat' dir='ltr'><strong>de</strong></span> 
     </span>
     <span class='ocr_line' id='line_1_36' title="bbox 741 3217 3928 3304; baseline 0 -21"><span class='ocrx_word' id='word_1_264' title='bbox 741 3229 873 3284; x_wconf 87' lang='lat' dir='ltr'><strong>tres</strong></span> <span class='ocrx_word' id='word_1_265' title='bbox 917 3217 1079 3283; x_wconf 89' lang='lat' dir='ltr'><strong>nihil</strong></span> <span class='ocrx_word' id='word_1_266' title='bbox 1129 3219 1428 3285; x_wconf 86' lang='lat' dir='ltr'><strong>conferre</strong></span> <span class='ocrx_word' id='word_1_267' title='bbox 1476 3218 1993 3297; x_wconf 89' lang='lat' dir='ltr'><strong>circumcisioni,</strong></span> <span class='ocrx_word' id='word_1_268' title='bbox 2047 3234 2110 3288; x_wconf 91' lang='lat' dir='ltr'><strong>et</strong></span> <span class='ocrx_word' id='word_1_269' title='bbox 2148 3243 2286 3288; x_wconf 90' lang='lat' dir='ltr'><strong>om·</strong></span> <span class='ocrx_word' id='word_1_270' title='bbox 2395 3217 2628 3283; x_wconf 73' lang='lat' dir='ltr'><strong>Judoea</strong></span> <span class='ocrx_word' id='word_1_271' title='bbox 2687 3218 3005 3284; x_wconf 82' lang='lat' dir='ltr'><strong>docebant</strong></span> <span class='ocrx_word' id='word_1_272' title='bbox 3061 3220 3339 3302; x_wconf 82' lang='lat' dir='ltr'><strong>fratres,</strong></span> <span class='ocrx_word' id='word_1_273' title='bbox 3395 3220 3557 3304; x_wconf 83' lang='lat' dir='ltr'><strong>quia</strong></span> <span class='ocrx_word' id='word_1_274' title='bbox 3614 3222 3758 3285; x_wconf 70' lang='lat' dir='ltr'><strong>nis-i</strong></span> <span class='ocrx_word' id='word_1_275' title='bbox 3813 3220 3928 3283; x_wconf 31' lang='lat' dir='ltr'><strong>cir*</strong></span> 
     </span>
     <span class='ocr_line' id='line_1_37' title="bbox 742 3334 3928 3425; baseline -0.001 -24"><span class='ocrx_word' id='word_1_276' title='bbox 742 3355 891 3401; x_wconf 90' lang='lat' dir='ltr'><strong>nem</strong></span> <span class='ocrx_word' id='word_1_277' title='bbox 925 3336 1069 3422; x_wconf 88' lang='lat' dir='ltr'><strong>ejus</strong></span> <span class='ocrx_word' id='word_1_278' title='bbox 1126 3335 1411 3401; x_wconf 84' lang='lat' dir='ltr'><strong>fructum</strong></span> <span class='ocrx_word' id='word_1_279' title='bbox 1463 3357 1807 3418; x_wconf 88' lang='lat' dir='ltr'><strong>evacuare,</strong></span> <span class='ocrx_word' id='word_1_280' title='bbox 1853 3351 2170 3425; x_wconf 87' lang='lat' dir='ltr'><strong>quantum</strong></span> <span class='ocrx_word' id='word_1_281' title='bbox 2206 3341 2284 3407; x_wconf 80' lang='lat' dir='ltr'><strong>ad</strong></span> <span class='ocrx_word' id='word_1_282' title='bbox 2396 3334 3249 3400; x_wconf 76' lang='lat' dir='ltr'><strong>eumcidaminisecundum</strong></span> <span class='ocrx_word' id='word_1_283' title='bbox 3269 3355 3516 3400; x_wconf 84' lang='lat' dir='ltr'><strong>morem</strong></span> <span class='ocrx_word' id='word_1_284' title='bbox 3543 3335 3783 3422; x_wconf 76' lang='lat' dir='ltr'><strong>Moysi,</strong></span> <span class='ocrx_word' id='word_1_285' title='bbox 3812 3356 3928 3401; x_wconf 85' lang='lat' dir='ltr'><strong>non</strong></span> 
     </span>
     <span class='ocr_line' id='line_1_38' title="bbox 734 3451 3928 3540; baseline -0.001 -22"><span class='ocrx_word' id='word_1_286' title='bbox 734 3451 1060 3539; x_wconf 89' lang='lat' dir='ltr'><strong>justitiam</strong></span> <span class='ocrx_word' id='word_1_287' title='bbox 1102 3465 1166 3519; x_wconf 91' lang='lat' dir='ltr'><strong>et</strong></span> <span class='ocrx_word' id='word_1_288' title='bbox 1223 3451 1618 3520; x_wconf 88' lang='lat' dir='ltr'><strong>deletionem</strong></span> <span class='ocrx_word' id='word_1_289' title='bbox 1669 3454 1941 3540; x_wconf 86' lang='lat' dir='ltr'><strong>peccati.</strong></span> <span class='ocrx_word' id='word_1_290' title='bbox 2391 3454 2662 3538; x_wconf 77' lang='lat' dir='ltr'><strong>potestis</strong></span> <span class='ocrx_word' id='word_1_291' title='bbox 2708 3452 2988 3531; x_wconf 79' lang='lat' dir='ltr'><strong>salvari,</strong></span> <span class='ocrx_word' id='word_1_292' title='bbox 3043 3463 3167 3518; x_wconf 90' lang='lat' dir='ltr'><strong>etc.</strong></span> <span class='ocrx_word' id='word_1_293' title='bbox 3213 3454 3677 3518; x_wconf 69' lang='lat' dir='ltr'><strong>Sur-rexerunt</strong></span> <span class='ocrx_word' id='word_1_294' title='bbox 3730 3463 3928 3517; x_wconf 85' lang='lat' dir='ltr'><strong>autem</strong></span> 
     </span>
     <span class='ocr_line' id='line_1_39' title="bbox 438 3567 3927 3656; baseline -0 -23"><span class='ocrx_word' id='word_1_295' title='bbox 438 3598 681 3651; x_wconf 77' lang='lat' dir='ltr'><strong>Irenaeus.</strong></span> <span class='ocrx_word' id='word_1_296' title='bbox 829 3569 1117 3635; x_wconf 83' lang='lat' dir='ltr'><strong>Irenaeus</strong></span> <span class='ocrx_word' id='word_1_297' title='bbox 1177 3568 1292 3637; x_wconf 84' lang='lat' dir='ltr'><strong>lib.</strong></span> <span class='ocrx_word' id='word_1_298' title='bbox 1354 3575 1420 3635; x_wconf 81' lang='lat'><strong>4.</strong></span> <span class='ocrx_word' id='word_1_299' title='bbox 1466 3592 1613 3656; x_wconf 86' lang='lat' dir='ltr'><strong>cap.</strong></span> <span class='ocrx_word' id='word_1_300' title='bbox 1676 3574 1739 3637; x_wconf 88' lang='lat'><strong>3.</strong></span> <span class='ocrx_word' id='word_1_301' title='bbox 1786 3571 2020 3638; x_wconf 89' lang='lat' dir='ltr'><strong>asserit</strong></span> <span class='ocrx_word' id='word_1_302' title='bbox 2067 3572 2283 3641; x_wconf 89' lang='lat' dir='ltr'><strong>datam</strong></span> <span class='ocrx_word' id='word_1_303' title='bbox 2394 3569 2668 3655; x_wconf 75' lang='lat' dir='ltr'><strong>quidam</strong></span> <span class='ocrx_word' id='word_1_304' title='bbox 2706 3567 2788 3632; x_wconf 82' lang='lat' dir='ltr'><strong>de</strong></span> <span class='ocrx_word' id='word_1_305' title='bbox 2818 3569 3056 3633; x_wconf 75' lang='lat' dir='ltr'><strong>hoeresi</strong></span> <span class='ocrx_word' id='word_1_306' title='bbox 3085 3569 3610 3645; x_wconf 74' lang='lat' dir='ltr'><strong>Pharisoeorum,</strong></span> <span class='ocrx_word' id='word_1_307' title='bbox 3659 3571 3773 3655; x_wconf 81' lang='lat' dir='ltr'><strong>qui</strong></span> <span class='ocrx_word' id='word_1_308' title='bbox 3800 3588 3927 3633; x_wconf 82' lang='lat' dir='ltr'><strong>ere-</strong></span> 
     </span>
     <span class='ocr_line' id='line_1_40' title="bbox 740 3685 3927 3777; baseline -0.001 -27"><span class='ocrx_word' id='word_1_309' title='bbox 740 3706 878 3752; x_wconf 83' lang='lat' dir='ltr'><strong>non</strong></span> <span class='ocrx_word' id='word_1_310' title='bbox 925 3696 996 3751; x_wconf 83' lang='lat' dir='ltr'><strong>ut</strong></span> <span class='ocrx_word' id='word_1_311' title='bbox 1035 3689 1664 3753; x_wconf 78' lang='lat' dir='ltr'><strong>consummationem</strong></span> <span class='ocrx_word' id='word_1_312' title='bbox 1697 3689 2001 3777; x_wconf 80' lang='lat' dir='ltr'><strong>justitioe,</strong></span> <span class='ocrx_word' id='word_1_313' title='bbox 2054 3690 2172 3755; x_wconf 85' lang='lat' dir='ltr'><strong>sed</strong></span> <span class='ocrx_word' id='word_1_314' title='bbox 2218 3703 2284 3756; x_wconf 79' lang='lat' dir='ltr'><strong>ut</strong></span> <span class='ocrx_word' id='word_1_315' title='bbox 2395 3685 2734 3764; x_wconf 79' lang='lat' dir='ltr'><strong>diderunt,</strong></span> <span class='ocrx_word' id='word_1_316' title='bbox 2780 3685 3090 3762; x_wconf 78' lang='lat' dir='ltr'><strong>dieentes,</strong></span> <span class='ocrx_word' id='word_1_317' title='bbox 3129 3687 3288 3771; x_wconf 80' lang='lat' dir='ltr'><strong>quia</strong></span> <span class='ocrx_word' id='word_1_318' title='bbox 3315 3696 3572 3771; x_wconf 82' lang='lat' dir='ltr'><strong>oportet</strong></span> <span class='ocrx_word' id='word_1_319' title='bbox 3602 3685 3927 3751; x_wconf 81' lang='lat' dir='ltr'><strong>circumci-</strong></span> 
     </span>
     <span class='ocr_line' id='line_1_41' title="bbox 418 3801 3924 3899; baseline -0.002 -31"><span class='ocrx_word' id='word_1_320' title='bbox 418 3832 684 3899; x_wconf 69' lang='lat' dir='ltr'><strong>Origene..</strong></span> <span class='ocrx_word' id='word_1_321' title='bbox 741 3802 1181 3889; x_wconf 77' lang='lat' dir='ltr'><strong>coqnoseibile</strong></span> <span class='ocrx_word' id='word_1_322' title='bbox 1222 3814 1673 3888; x_wconf 79' lang='lat' dir='ltr'><strong>perseveraret</strong></span> <span class='ocrx_word' id='word_1_323' title='bbox 1710 3824 1916 3889; x_wconf 73' lang='lat' dir='ltr'><strong>yenus</strong></span> <span class='ocrx_word' id='word_1_324' title='bbox 1972 3804 2279 3888; x_wconf 78' lang='lat' dir='ltr'><strong>Abrahoe,</strong></span> <span class='ocrx_word' id='word_1_325' title='bbox 2395 3801 2470 3867; x_wconf 79' lang='lat' dir='ltr'><strong>di</strong></span> <span class='ocrx_word' id='word_1_326' title='bbox 2508 3822 2634 3879; x_wconf 84' lang='lat' dir='ltr'><strong>cos,</strong></span> <span class='ocrx_word' id='word_1_327' title='bbox 2697 3802 3065 3886; x_wconf 84' lang='lat' dir='ltr'><strong>proeeipere</strong></span> <span class='ocrx_word' id='word_1_328' title='bbox 3113 3820 3364 3886; x_wconf 80' lang='lat' dir='ltr'><strong>quoque</strong></span> <span class='ocrx_word' id='word_1_329' title='bbox 3421 3821 3693 3867; x_wconf 84' lang='lat' dir='ltr'><strong>servare</strong></span> <span class='ocrx_word' id='word_1_330' title='bbox 3740 3802 3924 3887; x_wconf 73' lang='lat' dir='ltr'><strong>leqem</strong></span> 
     </span>
     <span class='ocr_line' id='line_1_42' title="bbox 417 3897 4111 4046; baseline -0.001 -65"><span class='ocrx_word' id='word_1_331' title='bbox 417 3897 682 4024; x_wconf 60' lang='lat' dir='ltr'><strong>⁰g;{¹‚i⁵ffi‘·</strong></span> <span class='ocrx_word' id='word_1_332' title='bbox 742 3917 1056 4005; x_wconf 88' lang='lat' dir='ltr'><strong>Origenes</strong></span> <span class='ocrx_word' id='word_1_333' title='bbox 1114 3916 1226 3983; x_wconf 89' lang='lat' dir='ltr'><strong>lib.</strong></span> <span class='ocrx_word' id='word_1_334' title='bbox 1303 3922 1366 3984; x_wconf 78' lang='lat'><strong>2.</strong></span> <span class='ocrx_word' id='word_1_335' title='bbox 1438 3929 1662 3985; x_wconf 84' lang='lat' dir='ltr'><strong>contra</strong></span> <span class='ocrx_word' id='word_1_336' title='bbox 1729 3920 2012 3999; x_wconf 83' lang='lat' dir='ltr'><strong>Celsum,</strong></span> <span class='ocrx_word' id='word_1_337' title='bbox 2073 3925 2285 4008; x_wconf 72' lang='lat' dir='ltr'><strong>fuisse</strong></span> <span class='ocrx_word' id='word_1_338' title='bbox 2397 3916 2633 4001; x_wconf 78' lang='lat' dir='ltr'><strong>Moysi,</strong></span> <span class='ocrx_word' id='word_1_339' title='bbox 2687 3925 2809 3981; x_wconf 92' lang='lat' dir='ltr'><strong>etc.</strong></span> <span class='ocrx_word' id='word_1_340' title='bbox 2870 3918 3104 3981; x_wconf 85' lang='lat' dir='ltr'><strong>Contra</strong></span> <span class='ocrx_word' id='word_1_341' title='bbox 3164 3915 3285 3981; x_wconf 87' lang='lat' dir='ltr'><strong>hos</strong></span> <span class='ocrx_word' id='word_1_342' title='bbox 3346 3914 3615 3982; x_wconf 88' lang='lat' dir='ltr'><strong>disserit</strong></span> <span class='ocrx_word' id='word_1_343' title='bbox 3676 3915 3917 3990; x_wconf 77' lang='lat' dir='ltr'><strong>PauluS,</strong></span> <span class='ocrx_word' id='word_1_344' title='bbox 3990 3935 4111 4046; x_wconf 45' lang='lat' dir='ltr'><em>w</em></span> 
     </span>
    </p>
   </div>
   <div class='ocr_carea' id='block_1_8' title="bbox 419 4022 673 4075">
    <p class='ocr_par' dir='ltr' id='par_1_9' title="bbox 419 4022 673 4075">
     <span class='ocr_line' id='line_1_43' title="bbox 419 4022 673 4075; baseline 0.012 -3"><span class='ocrx_word' id='word_1_345' title='bbox 419 4022 673 4075; x_wconf 81' lang='lat' dir='ltr'><strong>Theodor.</strong></span> 
     </span>
    </p>
   </div>
   <div class='ocr_carea' id='block_1_9' title="bbox 392 4030 3921 4142">
    <p class='ocr_par' dir='ltr' id='par_1_10' title="bbox 392 4030 3921 4142">
     <span class='ocr_line' id='line_1_44' title="bbox 392 4030 3921 4142; baseline -0.009 -18"><span class='ocrx_word' id='word_1_346' title='bbox 392 4084 700 4142; x_wconf 74' lang='lat' dir='ltr'><strong>Tertuuian.</strong></span> <span class='ocrx_word' id='word_1_347' title='bbox 2395 4051 2698 4099; x_wconf 87' lang='lat' dir='ltr'><strong>asserens</strong></span> <span class='ocrx_word' id='word_1_348' title='bbox 2745 4052 3003 4097; x_wconf 90' lang='lat' dir='ltr'><strong>omnem</strong></span> <span class='ocrx_word' id='word_1_349' title='bbox 3039 4031 3363 4119; x_wconf 89' lang='lat' dir='ltr'><strong>justitiam</strong></span> <span class='ocrx_word' id='word_1_350' title='bbox 3412 4052 3559 4099; x_wconf 88' lang='lat' dir='ltr'><strong>esse</strong></span> <span class='ocrx_word' id='word_1_351' title='bbox 3618 4054 3702 4099; x_wconf 83' lang='lat' dir='ltr'><strong>ex</strong></span> <span class='ocrx_word' id='word_1_352' title='bbox 3747 4030 3921 4098; x_wconf 88' lang='lat' dir='ltr'><strong>meri-</strong></span> 
     </span>
    </p>
   </div>
   <div class='ocr_carea' id='block_1_10' title="bbox 730 4151 4071 5641">
    <p class='ocr_par' dir='ltr' id='par_1_11' title="bbox 2389 4151 3921 5036">
     <span class='ocr_line' id='line_1_45' title="bbox 2394 4151 3921 4239; baseline -0.004 -19"><span class='ocrx_word' id='word_1_353' title='bbox 2394 4153 2479 4220; x_wconf 88' lang='lat' dir='ltr'><strong>tis</strong></span> <span class='ocrx_word' id='word_1_354' title='bbox 2527 4153 2791 4233; x_wconf 84' lang='lat' dir='ltr'><strong>Christi,</strong></span> <span class='ocrx_word' id='word_1_355' title='bbox 2836 4164 2900 4220; x_wconf 88' lang='lat' dir='ltr'><strong>et</strong></span> <span class='ocrx_word' id='word_1_356' title='bbox 2938 4152 3212 4219; x_wconf 86' lang='lat' dir='ltr'><strong>salutem</strong></span> <span class='ocrx_word' id='word_1_357' title='bbox 3259 4174 3403 4220; x_wconf 90' lang='lat' dir='ltr'><strong>esse</strong></span> <span class='ocrx_word' id='word_1_358' title='bbox 3462 4174 3579 4239; x_wconf 91' lang='lat' dir='ltr'><strong>per</strong></span> <span class='ocrx_word' id='word_1_359' title='bbox 3627 4151 3813 4219; x_wconf 79' lang='lat' dir='ltr'><strong>sidem</strong></span> <span class='ocrx_word' id='word_1_360' title='bbox 3866 4160 3921 4216; x_wconf 83' lang='lat' dir='ltr'><strong>et</strong></span> 
     </span>
     <span class='ocr_line' id='line_1_46' title="bbox 2394 4268 3913 4358; baseline -0.003 -22"><span class='ocrx_word' id='word_1_361' title='bbox 2394 4269 2934 4358; x_wconf 87' lang='lat' dir='ltr'><strong>redemptionem,</strong></span> <span class='ocrx_word' id='word_1_362' title='bbox 2981 4289 3130 4357; x_wconf 86' lang='lat' dir='ltr'><strong>quae</strong></span> <span class='ocrx_word' id='word_1_363' title='bbox 3168 4279 3269 4335; x_wconf 91' lang='lat' dir='ltr'><strong>est</strong></span> <span class='ocrx_word' id='word_1_364' title='bbox 3318 4268 3382 4335; x_wconf 90' lang='lat' dir='ltr'><strong>in</strong></span> <span class='ocrx_word' id='word_1_365' title='bbox 3440 4272 3593 4336; x_wconf 84' lang='lat' dir='ltr'><strong>Iesu</strong></span> <span class='ocrx_word' id='word_1_366' title='bbox 3653 4268 3913 4344; x_wconf 88' lang='lat' dir='ltr'><strong>Christo,</strong></span> 
     </span>
     <span class='ocr_line' id='line_1_47' title="bbox 2395 4372 3921 4473; baseline -0.003 -22"><span class='ocrx_word' id='word_1_367' title='bbox 2395 4406 2605 4473; x_wconf 87' lang='lat' dir='ltr'><strong>neque</strong></span> <span class='ocrx_word' id='word_1_368' title='bbox 2644 4385 2858 4472; x_wconf 90' lang='lat' dir='ltr'><strong>legem</strong></span> <span class='ocrx_word' id='word_1_369' title='bbox 2892 4384 3249 4473; x_wconf 91' lang='lat' dir='ltr'><strong>quidquam</strong></span> <span class='ocrx_word' id='word_1_370' title='bbox 3282 4384 3523 4463; x_wconf 89' lang='lat' dir='ltr'><strong>valere,</strong></span> <span class='ocrx_word' id='word_1_371' title='bbox 3566 4372 3921 4473; x_wconf 60' lang='lat' dir='ltr'><strong>neque&#39;Cir-</strong></span> 
     </span>
     <span class='ocr_line' id='line_1_48' title="bbox 2393 4495 3916 4588; baseline -0.005 -19"><span class='ocrx_word' id='word_1_372' title='bbox 2393 4501 2890 4583; x_wconf 87' lang='lat' dir='ltr'><strong>cumcisionem,</strong></span> <span class='ocrx_word' id='word_1_373' title='bbox 2935 4522 3011 4567; x_wconf 90' lang='lat' dir='ltr'><strong>eo</strong></span> <span class='ocrx_word' id='word_1_374' title='bbox 3044 4520 3281 4588; x_wconf 86' lang='lat' dir='ltr'><strong>nempe</strong></span> <span class='ocrx_word' id='word_1_375' title='bbox 3311 4520 3532 4579; x_wconf 88' lang='lat' dir='ltr'><strong>sensu,</strong></span> <span class='ocrx_word' id='word_1_376' title='bbox 3572 4521 3702 4587; x_wconf 93' lang='lat' dir='ltr'><strong>quo</strong></span> <span class='ocrx_word' id='word_1_377' title='bbox 3731 4495 3916 4565; x_wconf 83' lang='lat' dir='ltr'><strong>Judaei</strong></span> 
     </span>
     <span class='ocr_line' id='line_1_49' title="bbox 2393 4612 3919 4699; baseline -0.007 -13"><span class='ocrx_word' id='word_1_378' title='bbox 2393 4618 2667 4686; x_wconf 85' lang='lat' dir='ltr'><strong>salutem</strong></span> <span class='ocrx_word' id='word_1_379' title='bbox 2709 4640 2788 4684; x_wconf 78' lang='lat' dir='ltr'><strong>ex</strong></span> <span class='ocrx_word' id='word_1_380' title='bbox 2829 4616 3361 4695; x_wconf 82' lang='lat' dir='ltr'><strong>circumcisione,</strong></span> <span class='ocrx_word' id='word_1_381' title='bbox 3407 4629 3471 4682; x_wconf 90' lang='lat' dir='ltr'><strong>et</strong></span> <span class='ocrx_word' id='word_1_382' title='bbox 3518 4615 3733 4681; x_wconf 86' lang='lat' dir='ltr'><strong>littera</strong></span> <span class='ocrx_word' id='word_1_383' title='bbox 3772 4612 3919 4699; x_wconf 86' lang='lat' dir='ltr'><strong>legis</strong></span> 
     </span>
     <span class='ocr_line' id='line_1_50' title="bbox 2391 4728 3917 4818; baseline -0.005 -19"><span class='ocrx_word' id='word_1_384' title='bbox 2391 4733 2604 4801; x_wconf 90' lang='lat' dir='ltr'><strong>solum</strong></span> <span class='ocrx_word' id='word_1_385' title='bbox 2644 4754 2790 4800; x_wconf 83' lang='lat' dir='ltr'><strong>esse</strong></span> <span class='ocrx_word' id='word_1_386' title='bbox 2820 4732 3263 4812; x_wconf 90' lang='lat' dir='ltr'><strong>adstruebant,</strong></span> <span class='ocrx_word' id='word_1_387' title='bbox 3301 4744 3365 4798; x_wconf 90' lang='lat' dir='ltr'><strong>et</strong></span> <span class='ocrx_word' id='word_1_388' title='bbox 3397 4728 3917 4818; x_wconf 87' lang='lat' dir='ltr'><strong>repromissiones</strong></span> 
     </span>
     <span class='ocr_line' id='line_1_51' title="bbox 2392 4849 3915 4935; baseline -0.005 -20"><span class='ocrx_word' id='word_1_389' title='bbox 2392 4849 2516 4916; x_wconf 90' lang='lat' dir='ltr'><strong>sibi</strong></span> <span class='ocrx_word' id='word_1_390' title='bbox 2577 4849 2776 4916; x_wconf 83' lang='lat' dir='ltr'><strong>factas</strong></span> <span class='ocrx_word' id='word_1_391' title='bbox 2834 4870 2982 4917; x_wconf 87' lang='lat' dir='ltr'><strong>esse</strong></span> <span class='ocrx_word' id='word_1_392' title='bbox 3046 4870 3128 4916; x_wconf 81' lang='lat' dir='ltr'><strong>ex</strong></span> <span class='ocrx_word' id='word_1_393' title='bbox 3177 4849 3409 4916; x_wconf 86' lang='lat' dir='ltr'><strong>merito</strong></span> <span class='ocrx_word' id='word_1_394' title='bbox 3471 4849 3811 4935; x_wconf 88' lang='lat' dir='ltr'><strong>utriusque</strong></span> <span class='ocrx_word' id='word_1_395' title='bbox 3863 4853 3915 4910; x_wconf 87' lang='lat' dir='ltr'><strong>et</strong></span> 
     </span>
     <span class='ocr_line' id='line_1_52' title="bbox 2389 4965 3480 5036; baseline 0.003 -3"><span class='ocrx_word' id='word_1_396' title='bbox 2389 4965 2759 5033; x_wconf 89' lang='lat' dir='ltr'><strong>sanctitate.</strong></span> <span class='ocrx_word' id='word_1_397' title='bbox 3473 5030 3480 5036; x_wconf 91' lang='lat'><strong>.</strong></span> 
     </span>
    </p>

    <p class='ocr_par' dir='ltr' id='par_1_12' title="bbox 2388 5078 4071 5292">
     <span class='ocr_line' id='line_1_53' title="bbox 2476 5078 4071 5170; baseline -0.003 -20"><span class='ocrx_word' id='word_1_398' title='bbox 2476 5087 2615 5150; x_wconf 91' lang='lat' dir='ltr'><strong>Non</strong></span> <span class='ocrx_word' id='word_1_399' title='bbox 2678 5084 2959 5170; x_wconf 89' lang='lat' dir='ltr'><strong>negabat</strong></span> <span class='ocrx_word' id='word_1_400' title='bbox 3017 5104 3176 5170; x_wconf 88' lang='lat' dir='ltr'><strong>ergo</strong></span> <span class='ocrx_word' id='word_1_401' title='bbox 3226 5083 3463 5151; x_wconf 87' lang='lat' dir='ltr'><strong>Paulus</strong></span> <span class='ocrx_word' id='word_1_402' title='bbox 3521 5078 3914 5151; x_wconf 88' lang='lat' dir='ltr'><strong>circumcisi·</strong></span> <span class='ocrx_word' id='word_1_403' title='bbox 4021 5096 4071 5146; x_wconf 77' lang='lat'><strong>13.</strong></span> 
     </span>
     <span class='ocr_line' id='line_1_54' title="bbox 2388 5180 3906 5292; baseline -0.005 -23"><span class='ocrx_word' id='word_1_404' title='bbox 2388 5222 2579 5269; x_wconf 88' lang='lat' dir='ltr'><strong>onem</strong></span> <span class='ocrx_word' id='word_1_405' title='bbox 2614 5201 2776 5268; x_wconf 90' lang='lat' dir='ltr'><strong>nihil</strong></span> <span class='ocrx_word' id='word_1_406' title='bbox 2828 5203 3046 5269; x_wconf 87' lang='lat' dir='ltr'><strong>valere</strong></span> <span class='ocrx_word' id='word_1_407' title='bbox 3085 5180 3408 5292; x_wconf 83' lang='lat' dir='ltr'><strong>adjunctis</strong></span> <span class='ocrx_word' id='word_1_408' title='bbox 3466 5203 3719 5270; x_wconf 88' lang='lat' dir='ltr'><strong>meritis</strong></span> <span class='ocrx_word' id='word_1_409' title='bbox 3747 5195 3906 5292; x_wconf 10' lang='lat' dir='ltr'><strong>Chri*-</strong></span> 
     </span>
    </p>

    <p class='ocr_par' dir='ltr' id='par_1_13' title="bbox 730 5315 3906 5641">
     <span class='ocr_line' id='line_1_55' title="bbox 819 5315 3906 5409; baseline -0.001 -27"><span class='ocrx_word' id='word_1_410' title='bbox 819 5315 892 5382; x_wconf 80' lang='lat' dir='ltr'><strong>ni</strong></span> <span class='ocrx_word' id='word_1_411' title='bbox 933 5337 1163 5385; x_wconf 89' lang='lat' dir='ltr'><strong>omnes</strong></span> <span class='ocrx_word' id='word_1_412' title='bbox 1204 5317 1307 5385; x_wconf 90' lang='lat' dir='ltr'><strong>vel</strong></span> <span class='ocrx_word' id='word_1_413' title='bbox 1347 5317 1703 5386; x_wconf 86' lang='lat' dir='ltr'><strong>excludunt</strong></span> <span class='ocrx_word' id='word_1_414' title='bbox 1753 5319 2034 5387; x_wconf 75' lang='lat' dir='ltr'><strong>fructum</strong></span> <span class='ocrx_word' id='word_1_415' title='bbox 2070 5320 2272 5409; x_wconf 88' lang='lat' dir='ltr'><strong>justi·</strong></span> <span class='ocrx_word' id='word_1_416' title='bbox 2388 5315 2497 5395; x_wconf 91' lang='lat' dir='ltr'><strong>sti,</strong></span> <span class='ocrx_word' id='word_1_417' title='bbox 2561 5326 2624 5382; x_wconf 91' lang='lat' dir='ltr'><strong>et</strong></span> <span class='ocrx_word' id='word_1_418' title='bbox 2663 5315 2889 5382; x_wconf 89' lang='lat' dir='ltr'><strong>eodem</strong></span> <span class='ocrx_word' id='word_1_419' title='bbox 2934 5316 3126 5383; x_wconf 86' lang='lat' dir='ltr'><strong>modo</strong></span> <span class='ocrx_word' id='word_1_420' title='bbox 3175 5317 3256 5383; x_wconf 87' lang='lat' dir='ltr'><strong>de</strong></span> <span class='ocrx_word' id='word_1_421' title='bbox 3293 5316 3463 5403; x_wconf 85' lang='lat' dir='ltr'><strong>lege,</strong></span> <span class='ocrx_word' id='word_1_422' title='bbox 3526 5316 3593 5382; x_wconf 90' lang='lat' dir='ltr'><strong>in</strong></span> <span class='ocrx_word' id='word_1_423' title='bbox 3653 5332 3906 5404; x_wconf 90' lang='lat' dir='ltr'><strong>quorum</strong></span> 
     </span>
     <span class='ocr_line' id='line_1_56' title="bbox 730 5430 3906 5521; baseline -0.002 -23"><span class='ocrx_word' id='word_1_424' title='bbox 730 5431 838 5498; x_wconf 83' lang='lat' dir='ltr'><strong>tiae</strong></span> <span class='ocrx_word' id='word_1_425' title='bbox 870 5452 905 5498; x_wconf 87' lang='lat' dir='ltr'><strong>a</strong></span> <span class='ocrx_word' id='word_1_426' title='bbox 936 5432 1473 5519; x_wconf 87' lang='lat' dir='ltr'><strong>circumcisione,</strong></span> <span class='ocrx_word' id='word_1_427' title='bbox 1509 5436 1614 5503; x_wconf 88' lang='lat' dir='ltr'><strong>vel</strong></span> <span class='ocrx_word' id='word_1_428' title='bbox 1658 5435 1961 5505; x_wconf 84' lang='lat' dir='ltr'><strong>effectum</strong></span> <span class='ocrx_word' id='word_1_429' title='bbox 2003 5448 2067 5504; x_wconf 89' lang='lat' dir='ltr'><strong>et</strong></span> <span class='ocrx_word' id='word_1_430' title='bbox 2101 5435 2273 5505; x_wconf 87' lang='lat' dir='ltr'><strong>utili·</strong></span> <span class='ocrx_word' id='word_1_431' title='bbox 2387 5432 2632 5499; x_wconf 88' lang='lat' dir='ltr'><strong>virtute</strong></span> <span class='ocrx_word' id='word_1_432' title='bbox 2671 5453 2784 5519; x_wconf 90' lang='lat' dir='ltr'><strong>per</strong></span> <span class='ocrx_word' id='word_1_433' title='bbox 2814 5434 3114 5519; x_wconf 87' lang='lat' dir='ltr'><strong>gratiam,</strong></span> <span class='ocrx_word' id='word_1_434' title='bbox 3157 5454 3306 5521; x_wconf 82' lang='lat' dir='ltr'><strong>quae</strong></span> <span class='ocrx_word' id='word_1_435' title='bbox 3344 5432 3411 5499; x_wconf 88' lang='lat' dir='ltr'><strong>in</strong></span> <span class='ocrx_word' id='word_1_436' title='bbox 3451 5433 3708 5501; x_wconf 85' lang='lat' dir='ltr'><strong>Christo</strong></span> <span class='ocrx_word' id='word_1_437' title='bbox 3738 5430 3906 5499; x_wconf 87' lang='lat' dir='ltr'><strong>daba-</strong></span> 
     </span>
     <span class='ocr_line' id='line_1_57' title="bbox 732 5548 3898 5641; baseline 0.001 -24"><span class='ocrx_word' id='word_1_438' title='bbox 732 5559 928 5617; x_wconf 89' lang='lat' dir='ltr'><strong>tatem</strong></span> <span class='ocrx_word' id='word_1_439' title='bbox 978 5549 1121 5640; x_wconf 88' lang='lat' dir='ltr'><strong>ejus</strong></span> <span class='ocrx_word' id='word_1_440' title='bbox 1175 5548 1602 5636; x_wconf 84' lang='lat' dir='ltr'><strong>declarantes,</strong></span> <span class='ocrx_word' id='word_1_441' title='bbox 1666 5562 1880 5622; x_wconf 88' lang='lat' dir='ltr'><strong>tacent</strong></span> <span class='ocrx_word' id='word_1_442' title='bbox 1922 5553 2093 5621; x_wconf 89' lang='lat' dir='ltr'><strong>hanc</strong></span> <span class='ocrx_word' id='word_1_443' title='bbox 2131 5554 2275 5641; x_wconf 78' lang='lat' dir='ltr'><strong>eJus</strong></span> <span class='ocrx_word' id='word_1_444' title='bbox 2384 5570 2521 5639; x_wconf 89' lang='lat' dir='ltr'><strong>tur,</strong></span> <span class='ocrx_word' id='word_1_445' title='bbox 2574 5558 2900 5626; x_wconf 87' lang='lat' dir='ltr'><strong>valebant.</strong></span> <span class='ocrx_word' id='word_1_446' title='bbox 2950 5559 3132 5627; x_wconf 89' lang='lat' dir='ltr'><strong>Unde</strong></span> <span class='ocrx_word' id='word_1_447' title='bbox 3171 5559 3249 5625; x_wconf 92' lang='lat' dir='ltr'><strong>ad</strong></span> <span class='ocrx_word' id='word_1_448' title='bbox 3299 5563 3623 5627; x_wconf 86' lang='lat' dir='ltr'><strong>Romanos</strong></span> <span class='ocrx_word' id='word_1_449' title='bbox 3669 5564 3733 5628; x_wconf 77' lang='lat'><strong>2.</strong></span> <span class='ocrx_word' id='word_1_450' title='bbox 3782 5556 3898 5623; x_wconf 86' lang='lat' dir='ltr'><strong>ait:</strong></span> 
     </span>
    </p>
   </div>
   <div class='ocr_carea' id='block_1_11' title="bbox 729 4033 2284 5286">
    <p class='ocr_par' dir='ltr' id='par_1_14' title="bbox 729 4033 2284 5286">
     <span class='ocr_line' id='line_1_58' title="bbox 740 4033 2284 4122; baseline 0.005 -23"><span class='ocrx_word' id='word_1_451' title='bbox 740 4034 1106 4113; x_wconf 84' lang='lat' dir='ltr'><strong>carnalem,</strong></span> <span class='ocrx_word' id='word_1_452' title='bbox 1169 4033 1676 4122; x_wconf 88' lang='lat' dir='ltr'><strong>Chrysostomus</strong></span> <span class='ocrx_word' id='word_1_453' title='bbox 1714 4038 1945 4105; x_wconf 79' lang='lat' dir='ltr'><strong>homil.</strong></span> <span class='ocrx_word' id='word_1_454' title='bbox 2019 4040 2127 4104; x_wconf 69' lang='lat'><strong>27.</strong></span> <span class='ocrx_word' id='word_1_455' title='bbox 2210 4041 2284 4106; x_wconf 85' lang='lat' dir='ltr'><strong>in</strong></span> 
     </span>
     <span class='ocr_line' id='line_1_59' title="bbox 744 4151 2276 4239; baseline 0.003 -21"><span class='ocrx_word' id='word_1_456' title='bbox 744 4151 1073 4232; x_wconf 80' lang='lat' dir='ltr'><strong>Genesim,</strong></span> <span class='ocrx_word' id='word_1_457' title='bbox 1126 4151 1407 4239; x_wconf 89' lang='lat' dir='ltr'><strong>cyrillus</strong></span> <span class='ocrx_word' id='word_1_458' title='bbox 1458 4154 1573 4220; x_wconf 84' lang='lat' dir='ltr'><strong>lib.</strong></span> <span class='ocrx_word' id='word_1_459' title='bbox 1622 4158 1727 4221; x_wconf 89' lang='lat'><strong>10.</strong></span> <span class='ocrx_word' id='word_1_460' title='bbox 1786 4156 1855 4221; x_wconf 82' lang='lat' dir='ltr'><strong>in</strong></span> <span class='ocrx_word' id='word_1_461' title='bbox 1908 4156 2276 4235; x_wconf 80' lang='lat' dir='ltr'><strong>Iulianum,</strong></span> 
     </span>
     <span class='ocr_line' id='line_1_60' title="bbox 737 4264 2282 4354; baseline 0.003 -21"><span class='ocrx_word' id='word_1_462' title='bbox 737 4278 935 4354; x_wconf 88' lang='lat' dir='ltr'><strong>negat</strong></span> <span class='ocrx_word' id='word_1_463' title='bbox 992 4264 1282 4333; x_wconf 88' lang='lat' dir='ltr'><strong>valuisse</strong></span> <span class='ocrx_word' id='word_1_464' title='bbox 1337 4265 1414 4332; x_wconf 91' lang='lat' dir='ltr'><strong>ad</strong></span> <span class='ocrx_word' id='word_1_465' title='bbox 1440 4266 1791 4354; x_wconf 86' lang='lat' dir='ltr'><strong>justitiam,</strong></span> <span class='ocrx_word' id='word_1_466' title='bbox 1836 4269 2282 4338; x_wconf 89' lang='lat' dir='ltr'><strong>Theodoretus</strong></span> 
     </span>
     <span class='ocr_line' id='line_1_61' title="bbox 733 4382 2282 4472; baseline 0.002 -22"><span class='ocrx_word' id='word_1_467' title='bbox 733 4407 794 4472; x_wconf 86' lang='lat' dir='ltr'><strong>q.</strong></span> <span class='ocrx_word' id='word_1_468' title='bbox 843 4386 955 4453; x_wconf 79' lang='lat'><strong>67.</strong></span> <span class='ocrx_word' id='word_1_469' title='bbox 1001 4384 1076 4450; x_wconf 85' lang='lat' dir='ltr'><strong>in</strong></span> <span class='ocrx_word' id='word_1_470' title='bbox 1118 4383 1347 4449; x_wconf 86' lang='lat' dir='ltr'><strong>Genes.</strong></span> <span class='ocrx_word' id='word_1_471' title='bbox 1405 4382 1848 4452; x_wconf 90' lang='lat' dir='ltr'><strong>Tertullianus</strong></span> <span class='ocrx_word' id='word_1_472' title='bbox 1898 4398 2134 4453; x_wconf 82' lang='lat' dir='ltr'><strong>contra</strong></span> <span class='ocrx_word' id='word_1_473' title='bbox 2170 4388 2282 4453; x_wconf 79' lang='lat' dir='ltr'><strong>Ju-</strong></span> 
     </span>
     <span class='ocr_line' id='line_1_62' title="bbox 731 4498 2281 4590; baseline 0.002 -22"><span class='ocrx_word' id='word_1_474' title='bbox 731 4502 909 4568; x_wconf 81' lang='lat' dir='ltr'><strong>doeos</strong></span> <span class='ocrx_word' id='word_1_475' title='bbox 948 4522 1097 4587; x_wconf 82' lang='lat' dir='ltr'><strong>cap.</strong></span> <span class='ocrx_word' id='word_1_476' title='bbox 1135 4502 1198 4567; x_wconf 69' lang='lat'><strong>2.</strong></span> <span class='ocrx_word' id='word_1_477' title='bbox 1229 4511 1292 4566; x_wconf 89' lang='lat' dir='ltr'><strong>et</strong></span> <span class='ocrx_word' id='word_1_478' title='bbox 1332 4498 1466 4579; x_wconf 86' lang='lat' dir='ltr'><strong>alii,</strong></span> <span class='ocrx_word' id='word_1_479' title='bbox 1504 4520 1670 4590; x_wconf 92' lang='lat' dir='ltr'><strong>quos</strong></span> <span class='ocrx_word' id='word_1_480' title='bbox 1701 4500 1940 4569; x_wconf 92' lang='lat' dir='ltr'><strong>ibidem</strong></span> <span class='ocrx_word' id='word_1_481' title='bbox 1964 4504 2116 4570; x_wconf 84' lang='lat' dir='ltr'><strong>citat</strong></span> <span class='ocrx_word' id='word_1_482' title='bbox 2149 4505 2281 4571; x_wconf 85' lang='lat' dir='ltr'><strong>Bel·</strong></span> 
     </span>
     <span class='ocr_line' id='line_1_63' title="bbox 730 4615 2274 4702; baseline 0.005 -20"><span class='ocrx_word' id='word_1_483' title='bbox 730 4615 1074 4696; x_wconf 77' lang='lat' dir='ltr'><strong>larminUS,</strong></span> <span class='ocrx_word' id='word_1_484' title='bbox 1129 4627 1193 4682; x_wconf 87' lang='lat' dir='ltr'><strong>et</strong></span> <span class='ocrx_word' id='word_1_485' title='bbox 1258 4635 1489 4682; x_wconf 89' lang='lat' dir='ltr'><strong>omnes</strong></span> <span class='ocrx_word' id='word_1_486' title='bbox 1529 4636 1695 4702; x_wconf 89' lang='lat' dir='ltr'><strong>pene</strong></span> <span class='ocrx_word' id='word_1_487' title='bbox 1761 4619 1967 4685; x_wconf 85' lang='lat' dir='ltr'><strong>Groeci</strong></span> <span class='ocrx_word' id='word_1_488' title='bbox 2010 4623 2274 4688; x_wconf 88' lang='lat' dir='ltr'><strong>Patres.</strong></span> 
     </span>
     <span class='ocr_line' id='line_1_64' title="bbox 729 4730 2279 4821; baseline 0.002 -23"><span class='ocrx_word' id='word_1_489' title='bbox 729 4735 822 4799; x_wconf 84' lang='lat' dir='ltr'><strong>Ex</strong></span> <span class='ocrx_word' id='word_1_490' title='bbox 857 4730 1100 4799; x_wconf 89' lang='lat' dir='ltr'><strong>Latinis</strong></span> <span class='ocrx_word' id='word_1_491' title='bbox 1128 4732 1322 4799; x_wconf 87' lang='lat' dir='ltr'><strong>etiam</strong></span> <span class='ocrx_word' id='word_1_492' title='bbox 1354 4731 1504 4799; x_wconf 93' lang='lat' dir='ltr'><strong>addi</strong></span> <span class='ocrx_word' id='word_1_493' title='bbox 1538 4745 1745 4820; x_wconf 89' lang='lat' dir='ltr'><strong>potest</strong></span> <span class='ocrx_word' id='word_1_494' title='bbox 1765 4745 2004 4821; x_wconf 82' lang='lat' dir='ltr'><strong>praeter</strong></span> <span class='ocrx_word' id='word_1_495' title='bbox 2033 4735 2279 4804; x_wconf 89' lang='lat' dir='ltr'><strong>Tertul-</strong></span> 
     </span>
     <span class='ocr_line' id='line_1_65' title="bbox 732 4848 2280 4937; baseline 0.004 -23"><span class='ocrx_word' id='word_1_496' title='bbox 732 4848 1002 4930; x_wconf 86' lang='lat' dir='ltr'><strong>lianum,</strong></span> <span class='ocrx_word' id='word_1_497' title='bbox 1048 4848 1417 4937; x_wconf 85' lang='lat' dir='ltr'><strong>Cyprianus</strong></span> <span class='ocrx_word' id='word_1_498' title='bbox 1476 4851 1590 4916; x_wconf 83' lang='lat' dir='ltr'><strong>lib.</strong></span> <span class='ocrx_word' id='word_1_499' title='bbox 1641 4856 1697 4921; x_wconf 84' lang='lat'><strong>1.</strong></span> <span class='ocrx_word' id='word_1_500' title='bbox 1736 4863 1969 4918; x_wconf 84' lang='lat' dir='ltr'><strong>contra</strong></span> <span class='ocrx_word' id='word_1_501' title='bbox 2015 4853 2280 4920; x_wconf 78' lang='lat' dir='ltr'><strong>Judoeos</strong></span> 
     </span>
     <span class='ocr_line' id='line_1_66' title="bbox 730 4966 2284 5053; baseline 0.004 -23"><span class='ocrx_word' id='word_1_502' title='bbox 730 4987 875 5051; x_wconf 83' lang='lat' dir='ltr'><strong>cap.</strong></span> <span class='ocrx_word' id='word_1_503' title='bbox 911 4969 973 5033; x_wconf 90' lang='lat'><strong>8.</strong></span> <span class='ocrx_word' id='word_1_504' title='bbox 1004 4967 1117 5033; x_wconf 83' lang='lat' dir='ltr'><strong>tib.</strong></span> <span class='ocrx_word' id='word_1_505' title='bbox 1156 4969 1219 5033; x_wconf 85' lang='lat'><strong>3.</strong></span> <span class='ocrx_word' id='word_1_506' title='bbox 1255 4967 1447 5052; x_wconf 81' lang='lat' dir='ltr'><strong>epist.</strong></span> <span class='ocrx_word' id='word_1_507' title='bbox 1476 4967 1758 5053; x_wconf 84' lang='lat' dir='ltr'><strong>epistola</strong></span> <span class='ocrx_word' id='word_1_508' title='bbox 1788 4966 1877 5033; x_wconf 86' lang='lat' dir='ltr'><strong>ad</strong></span> <span class='ocrx_word' id='word_1_509' title='bbox 1903 4967 2166 5049; x_wconf 76' lang='lat' dir='ltr'><strong>Fidum,</strong></span> <span class='ocrx_word' id='word_1_510' title='bbox 2206 4973 2284 5047; x_wconf 63' lang='lat'><strong>8„</strong></span> 
     </span>
     <span class='ocr_line' id='line_1_67' title="bbox 731 5080 2277 5168; baseline 0.003 -22"><span class='ocrx_word' id='word_1_511' title='bbox 731 5080 1117 5149; x_wconf 80' lang='lat' dir='ltr'><strong>Ambrosius</strong></span> <span class='ocrx_word' id='word_1_512' title='bbox 1147 5082 1339 5168; x_wconf 84' lang='lat' dir='ltr'><strong>epist.</strong></span> <span class='ocrx_word' id='word_1_513' title='bbox 1377 5084 1460 5150; x_wconf 70' lang='lat'><strong>72</strong></span> <span class='ocrx_word' id='word_1_514' title='bbox 1501 5081 1592 5149; x_wconf 87' lang='lat' dir='ltr'><strong>ad</strong></span> <span class='ocrx_word' id='word_1_515' title='bbox 1629 5084 1907 5151; x_wconf 76' lang='lat' dir='ltr'><strong>Roman.</strong></span> <span class='ocrx_word' id='word_1_516' title='bbox 1952 5088 2015 5150; x_wconf 83' lang='lat'><strong>4.</strong></span> <span class='ocrx_word' id='word_1_517' title='bbox 2052 5083 2277 5151; x_wconf 91' lang='lat' dir='ltr'><strong>Hiero-</strong></span> 
     </span>
     <span class='ocr_line' id='line_1_68' title="bbox 732 5198 1857 5286; baseline 0.003 -22"><span class='ocrx_word' id='word_1_518' title='bbox 732 5219 969 5284; x_wconf 87' lang='lat' dir='ltr'><strong>nymus</strong></span> <span class='ocrx_word' id='word_1_519' title='bbox 1010 5200 1085 5265; x_wconf 86' lang='lat' dir='ltr'><strong>in</strong></span> <span class='ocrx_word' id='word_1_520' title='bbox 1115 5220 1268 5286; x_wconf 82' lang='lat' dir='ltr'><strong>cap.</strong></span> <span class='ocrx_word' id='word_1_521' title='bbox 1306 5203 1369 5266; x_wconf 89' lang='grc'><strong>3.</strong></span> <span class='ocrx_word' id='word_1_522' title='bbox 1423 5199 1515 5266; x_wconf 80' lang='lat' dir='ltr'><strong>ad</strong></span> <span class='ocrx_word' id='word_1_523' title='bbox 1558 5198 1857 5268; x_wconf 82' lang='lat' dir='ltr'><strong>Galatas.</strong></span> 
     </span>
    </p>
   </div>
   <div class='ocr_carea' id='block_1_12' title="bbox 420 4986 671 5165">
    <p class='ocr_par' dir='ltr' id='par_1_15' title="bbox 420 4986 671 5165">
     <span class='ocr_line' id='line_1_69' title="bbox 420 4986 658 5051; baseline 0 -11"><span class='ocrx_word' id='word_1_524' title='bbox 420 4986 636 5051; x_wconf 80' lang='lat' dir='ltr'><strong>cyprian</strong></span> <span class='ocrx_word' id='word_1_525' title='bbox 646 5025 658 5040; x_wconf 88' lang='lat'><strong>.</strong></span> 
     </span>
     <span class='ocr_line' id='line_1_70' title="bbox 427 5051 671 5104; baseline 0 -3"><span class='ocrx_word' id='word_1_526' title='bbox 427 5053 468 5101; x_wconf 81' lang='grc' dir='ltr'>Α</span> <span class='ocrx_word' id='word_1_527' title='bbox 479 5051 671 5104; x_wconf 71' lang='lat' dir='ltr'><strong>mbroe.</strong></span> 
     </span>
     <span class='ocr_line' id='line_1_71' title="bbox 436 5112 645 5165; baseline 0.005 -1"><span class='ocrx_word' id='word_1_528' title='bbox 436 5112 645 5165; x_wconf 85' lang='lat' dir='ltr'><strong>Hieron.</strong></span> 
     </span>
    </p>
   </div>
   <div class='ocr_carea' id='block_1_13' title="bbox 4122 320 4165 6218">
    <p class='ocr_par' dir='ltr' id='par_1_16' title="bbox 4122 320 4165 6218">
     <span class='ocr_line' id='line_1_72' title="bbox 4122 320 4165 6218; baseline 0 0"><span class='ocrx_word' id='word_1_529' title='bbox 4122 320 4165 6218; x_wconf 95' lang='lat' dir='ltr'><strong> </strong></span> 
     </span>
    </p>
   </div>
  </div>
 </body>
</html>
