4255 6375
1440 461 1617 524 DlST
1669 460 1768 520 vl.
1817 456 2183 533 QUAESTIO
2215 460 2288 522 X.

248 626 452 715 quod
494 624 694 697 nihil
725 631 851 699 est
908 647 1006 699 ex
1042 625 1273 718 cujus
1315 621 1784 713 cognitione

244 762 407 813 non
477 743 736 834 possit
809 744 1169 816 deveniri
1249 742 1329 814 in
1389 738 1785 831 cognitio-

243 877 426 929 nem
475 857 844 942 alterius,
892 858 1183 932 saltem
1249 862 1333 930 ut
1381 878 1477 928 ex
1518 853 1784 945 cogni-

247 963 467 1036 tione
554 965 1044 1057 posterioris
1116 966 1195 1038 in
1265 963 1520 1058 prius,
1597 960 1784 1054 quin

247 1079 443 1153 illud
485 1083 896 1174 posterius
930 1084 1192 1177 possit
1225 1081 1380 1153 dici
1424 1080 1785 1171 signum;

242 1201 322 1270 et
384 1197 500 1272 sic
575 1201 950 1284 concedo,
997 1199 1202 1294 quod
1271 1216 1519 1290 super
1578 1195 1788 1267 rela-

246 1312 554 1387 tionem
666 1315 1026 1408 aliquam
1137 1313 1441 1388 realem
1522 1314 1790 1404 potest

245 1429 567 1503 fundari
640 1433 937 1506 relatio
1021 1433 1232 1524 signi
1309 1432 1405 1504 ad
1486 1429 1789 1522 aliquid

251 1545 517 1637 prius;
566 1548 698 1620 sed
769 1548 959 1622 talis
1031 1548 1323 1622 relatio
1394 1566 1550 1618 non
1619 1548 1788 1617 tan-

248 1667 420 1735 tum
477 1663 698 1738 ducit
755 1664 838 1737 in
878 1665 1425 1756 cognitionem
1469 1665 1618 1744 sui,
1658 1663 1789 1735 sed

246 1775 499 1849 etiam
569 1777 939 1852 alterius.
997 1781 1097 1853 Et
1175 1778 1324 1852 hoc
1414 1778 1648 1851 modo
1720 1775 1787 1848 si

249 1892 429 1984 quis
487 1893 801 1969 videret
863 1895 1445 1988 paternitatem
1511 1895 1591 1966 in
1642 1913 1788 1966 suo

247 2006 798 2096 fundamentO,
858 2016 1132 2106 posset
1228 2035 1405 2086 esse
1468 2012 1790 2103 signum

249 2129 979 2203 rememorativum
1046 2132 1276 2202 actus
1336 2128 1791 2221 generatio·

243 2239 369 2312 nis
470 2244 926 2334 praeteriti;
987 2248 1070 2318 et
1159 2244 1317 2317 isto
1398 2244 1629 2315 modo
1711 2241 1792 2314 in

247 2360 714 2451 proposito;
788 2367 871 2434 et
961 2361 1312 2434 maxime
1416 2380 1574 2431 non
1669 2360 1791 2431 est

242 2469 396 2543 hoc
472 2473 1067 2556 inconveniens,
1118 2474 1307 2566 quia
1366 2473 1528 2547 ista
1590 2472 1792 2546 rela-

246 2587 362 2660 tio
419 2588 630 2680 signi
680 2612 841 2664 non
879 2594 1028 2673 est,
1109 2590 1269 2662 nisi
1336 2588 1627 2662 relatio
1673 2606 1795 2659 ra·

254 2705 526 2789 tioniS,
572 2707 967 2799 loquendo
1008 2708 1099 2780 de
1142 2708 1374 2800 signo
1415 2706 1792 2779 instituto

249 2825 342 2897 ad
419 2824 837 2917 placitum,
905 2824 1360 2917 cujusmodi
1409 2825 1534 2895 est
1614 2820 1794 2894 cha-

250 2943 527 3012 racter
622 2944 996 3033 respectu
1071 2938 1427 3031 suscepti
1498 2940 1795 3012 Sacra-

253 3057 532 3130 menti.

341 3174 566 3256 Quod
643 3173 968 3248 additur
1037 3173 1143 3248 ibi
1219 3174 1310 3247 de
1393 3171 1793 3246 relatione

252 3290 959 3381 configurationis,
1007 3291 1176 3363 sive
1238 3289 1790 3382 obligationis,

253 3425 414 3478 non
492 3407 735 3500 cogit.
778 3409 1055 3481 Potest
1095 3407 1308 3480 enim
1357 3407 1794 3498 religiosus

256 3544 400 3615 per
448 3528 732 3598 votum
795 3523 1219 3616 religionis
1273 3524 1623 3615 obligari
1702 3524 1796 3597 ad

250 3643 743 3713 servandum
822 3639 1330 3731 religionem,
1375 3643 1455 3713 et
1517 3641 1650 3732 qui
1685 3640 1795 3713 fe-

249 3754 360 3830 cit
396 3755 899 3847 homagium,
952 3775 1096 3848 per
1127 3759 1401 3828 actum
1454 3753 1794 3827 faciendi

249 3868 725 3963 homagium
798 3870 1146 3962 obligari
1205 3869 1529 3942 domino
1618 3890 1789 3951 suo,

247 3991 327 4060 et
407 3986 993 4061 universaliter
1072 3986 1153 4057 in
1234 3985 1559 4068 talibuS,
1651 4006 1796 4079 per

255 4104 886 4194 promissionem
988 4102 1615 4196 p1¹aecedentem;
1715 4106 1796 4175 et

252 4220 527 4288 tamen
603 4237 763 4290 non
830 4221 954 4290 est
1007 4217 1113 4290 ibi
1183 4218 1456 4309 aliqua
1523 4215 1796 4288 forma

250 4332 651 4416 absoluta,
743 4353 989 4425 super
1075 4353 1316 4425 quam
1412 4332 1796 4407 fundatur

255 4449 414 4525 ista
494 4448 909 4541 obligatio,
982 4469 1125 4521 nec
1211 4449 1425 4522 forte
1522 4449 1795 4541 aliqua

255 4564 549 4639 relatio
608 4563 766 4636 nisi
840 4565 1216 4646 rationis,
1270 4569 1352 4638 et
1393 4565 1510 4638 ita
1554 4563 1794 4636 abun-

251 4682 539 4755 danter
607 4686 880 4775 posset
952 4681 1258 4755 salvari
1332 4682 1544 4756 ratio
1602 4682 1793 4754 obli·

249 4799 634 4892 gationis,
696 4800 764 4871 si
817 4801 1262 4892 poneretur
1321 4800 1616 4875 relatio
1673 4822 1794 4874 re-

248 4914 435 4996 alis,
501 4913 713 4987 sicut
788 4911 1078 4986 filiatio
1141 4912 1220 4985 in
1279 4913 1448 4986 filio
1520 4922 1793 5007 posset

250 5051 429 5104 esse
481 5029 1091 5103 fundamentum
1167 5030 1516 5125 alicujus
1578 5032 1793 5106 habi·

250 5147 551 5221 tudinis
595 5146 741 5219 filii
811 5147 904 5218 ad
953 5151 1299 5240 patrem,
1357 5153 1552 5242 puta
1605 5149 1796 5222 obli-

251 5263 607 5353 gationis
666 5264 760 5336 ad
853 5261 1372 5336 dilectionem
1460 5269 1795 5339 natura-

251 5377 431 5465 lem,
485 5381 640 5454 etsi
714 5378 1101 5472 possibile
1159 5383 1374 5452 esset
1464 5381 1796 5456 filiatio-

251 5517 433 5569 nem
494 5497 757 5569 solam
790 5518 993 5570 esse.

3359 456 3472 519 621

1900 620 2092 691 tunc
2136 622 2350 691 esset
2407 638 2837 710 processus
2909 619 2988 690 in
3031 616 3430 691 infinitum
3531 642 3608 692 oe
3636 643 3738 691 hoc

1901 733 1981 804 in
2045 733 2608 816 relationibus,
2638 735 2815 807 dico
2877 735 3081 827 quod
3114 754 3277 806 non
3307 753 3440 805 va·
3471 704 3795 817 dss'fudffiff‘

1900 849 2008 922 let
2049 851 2141 922 de
2186 850 2540 923 realibus
2629 850 3190 930 relationibus,
3252 848 3438 941 quia
3502 829 3766 943 ‘³⁰⁸3stss

1898 962 2173 1055 aliqua
2246 970 2371 1036 est
2424 964 2716 1038 relatio
2772 963 3085 1043 ultima,
3157 961 3236 1034 in
3292 955 3806 1067 quarelatifflibm

1901 1100 2060 1151 non
2150 1084 2415 1173 potest
2506 1080 2827 1153 fundari
2936 1080 3099 1152 alia
3169 1078 3442 1160 realis,
3529 1080 3743 1192 ‘⁸323ss

1898 1198 2107 1269 sicut
2152 1197 2476 1290 aliquod
2516 1204 2641 1271 est
2676 1198 3046 1271 accidens
3089 1197 3204 1272 ita
3248 1196 3441 1270 ulti·
3478 1217 3795 1269 processum·

1906 1331 2126 1383 mum
2169 1313 2249 1384 in
2300 1314 2645 1391 entibus,
2709 1315 2914 1406 quod
2967 1334 3128 1386 non
3178 1318 3449 1407 potest

1906 1427 2254 1500 ulterius
2313 1448 2491 1501 esse
2571 1429 3024 1523 subjectum
3100 1429 3450 1522 alicujus

1903 1543 2365 1627 accidentis,
2436 1550 2517 1619 et
2587 1546 2758 1618 ideo
2828 1568 2990 1621 non
3052 1546 3447 1638 sequitur,

1909 1659 1977 1734 si
2049 1661 2422 1735 accidens
2516 1667 2785 1755 potest
2851 1684 3028 1738 esse
3109 1663 3186 1735 in
3256 1661 3457 1736 acci-

1904 1777 2163 1860 dente,
2229 1779 2437 1870 quod
2518 1779 2596 1851 in
2690 1780 3239 1855 accidentibus
3333 1783 3459 1853 est

1909 1914 2347 1987 processus
2417 1895 2498 1968 in
2572 1895 2997 1970 infinitum.
3061 1898 3176 1969 De
3258 1897 3462 1969 rela-

1904 2010 2262 2084 tionibus
2322 2016 2597 2086 tamen
2650 2012 2998 2087 rationis
3039 2014 3235 2086 bene
3269 2034 3453 2086 con·

1905 2128 2092 2200 cedo
2171 2129 2377 2220 quod
2430 2128 2537 2201 ibi
2584 2133 2851 2222 potest
2901 2150 3080 2202 esse
3131 2149 3458 2222 proces·

1908 2266 2045 2317 sus
2124 2246 2202 2319 in
2283 2245 2717 2326 infinitum,
2801 2246 2988 2339 quia
3078 2246 3450 2339 quaelibet

1911 2362 2204 2436 relatio
2277 2362 2445 2433 sive
2510 2360 2782 2444 realis,
2848 2362 3017 2434 sive
3071 2362 3445 2445 rationis,

1909 2482 2181 2567 potest
2246 2475 2591 2549 ulterius
2643 2473 2979 2549 fundare
3041 2475 3287 2549 aliam
3342 2498 3456 2549 re·

1909 2588 2298 2663 lationem
2365 2588 2739 2662 rationis.

1998 2704 2276 2779 Tertia
2314 2704 2564 2778 etiam
2607 2705 2706 2795 (b)
2740 2705 2954 2780 ratio
3012 2726 3173 2778 non
3202 2707 3449 2791 valet,
3625 2707 3675 2781 71·

1913 2820 2100 2911 quia
2159 2819 2282 2892 vel
2336 2821 2792 2912 aequivocat
2846 2821 2937 2892 de
3018 2825 3446 2915 potestate,

1910 2934 2034 3006 vel
2141 2934 2378 3009 habet
2456 2956 2699 3008 unam
2797 2937 3446 3031 propositionem

1907 3049 2227 3124 falsam.
2268 3052 2350 3125 Si
2408 3053 2624 3125 enim
2692 3052 3148 3146 accipiatur
3190 3059 3453 3146 potes-

1912 3172 2041 3243 tas
2121 3169 2611 3264 simpliciter
2695 3171 2791 3245 ad
2889 3171 3242 3265 aliquem
3329 3193 3453 3246 ac-

1911 3292 2109 3369 tum,
2159 3285 2294 3379 qui
2362 3286 2533 3359 sine
2588 3286 2729 3358 illa
2797 3291 3203 3380 potestate
3265 3286 3457 3359 sim-

1914 3403 2240 3496 pliciter
2341 3423 2502 3475 non
2572 3407 2844 3495 posset
2937 3403 3241 3486 haberi,
3294 3403 3452 3477 sic

1912 3540 2118 3612 nego
2216 3519 2784 3593 characterem
2873 3542 3051 3594 esse
3113 3524 3461 3614 potesta-

1915 3641 2102 3710 tem.
2172 3638 2381 3708 Nam
2441 3638 2903 3730 baptizatus
2983 3639 3064 3710 in
3148 3638 3460 3712 nullum

1912 3758 2186 3827 actum
2232 3754 2722 3847 simpliciter
2754 3759 3048 3849 potest,
3094 3755 3177 3828 in
3228 3777 3462 3848 quem

1910 3890 2069 3940 non
2122 3875 2399 3962 posset
2454 3890 2613 3942 non
2653 3870 3134 3963 baptizatuS,
3185 3877 3266 3947 et
3307 3871 3458 3946 hoc

1911 3986 2083 4058 sive
2170 3986 2564 4077 loquendo
2646 3987 2736 4059 de
2814 3991 2998 4061 actu
3073 3989 3153 4061 in
3226 4009 3461 4081 quem

1913 4107 2192 4196 potest
2242 4104 2534 4186 active,
2596 4104 2764 4177 sive
2815 4105 2906 4178 de
2957 4110 3170 4188 actu,
3227 4127 3462 4198 quem

1911 4221 2495 4311 quodammodo
2559 4225 2827 4313 potest
2877 4221 2974 4294 ab
3033 4222 3196 4295 alio
3270 4224 3464 4297 reci-

1913 4357 2153 4428 pere;
2197 4336 2314 4410 ita
2374 4336 2589 4409 enim
2662 4344 2937 4430 posset
2977 4358 3137 4413 non
3207 4339 3461 4432 bapti-

1922 4457 2153 4527 zatus
2196 4453 2476 4545 inungi
2528 4454 2999 4537 chrismate,
3052 4456 3264 4530 sicut
3331 4455 3460 4529 ba-

1912 4569 2291 4661 ptizatuS,
2337 4575 2418 4644 et
2477 4572 2593 4645 ita
2638 4575 2911 4663 posset
2981 4571 3308 4645 abluere
3357 4573 3456 4644 si·

1910 4690 2044 4760 cut
2105 4685 2591 4778 baptizatus.

2001 4801 2082 4875 Si
2123 4805 2397 4874 autem
2447 4803 2880 4896 loquamur
2908 4805 2999 4878 de
3043 4806 3542 4897 potestaten,
3603 4837 3787 4887 whom,

1908 4940 2065 4991 non
2111 4919 2624 5011 simpliciter,
2694 4922 2827 4995 sed
2896 4921 3445 5005 ministeriali,
3473 4899 3527 4949 ¹¹¹
3552 4899 3792 5015 ffsst‘ff·3²‚⁴·

1908 5036 2060 5109 hoc
2098 5042 2248 5120 est,
2311 5058 2451 5129 per
2511 5058 2750 5132 quam
2793 5038 3089 5131 aliquis
3129 5042 3220 5114 fit
3261 5060 3451 5115 con·
3501 5027 3774 5140 qssfflgm}

1907 5154 2239 5227 veniens
2313 5154 2688 5229 minister
2753 5157 3100 5252 alicujus
3167 5158 3457 5252 princi·
3498 5151 3799 5265 aasumensi·

1912 5269 2118 5362 palis
2160 5271 2502 5362 agentis,
2546 5276 2626 5346 et
2680 5273 2850 5346 sine
2909 5274 3051 5345 illa
3103 5279 3449 5366 potesta·
3494 5276 3769 5390 magam

1912 5392 1990 5461 te
2047 5407 2208 5460 non
2268 5393 2481 5463 esset
2551 5390 3032 5464 conveniens
3077 5392 3525 5465 ministeriu
3554 5355 3796 5476 {glatiem

1912 5504 2390 5599 principalis
2461 5507 2822 5598 agentis:
2887 5508 3076 5582 talis
3189 5514 3450 5603 potes-
3523 5466 3758 5516 ¹⁸⁰⁰⁰³⁸‘

344 5617 445 5688 Et
477 5614 574 5687 ad
644 5613 871 5686 illam
923 5585 1529 5706 probatione—m,
1597 5617 1799 5709 quod
1915 5625 2043 5694 tas
2113 5641 2275 5694 non
2357 5625 2684 5714 oportet
2747 5624 2952 5714 quod
3019 5625 3126 5700 sit
3193 5622 3470 5697 forma
