<?xml version="1.0" encoding="UTF-8"?>
<!DOCTYPE html PUBLIC "-//W3C//DTD XHTML 1.0 Transitional//EN"
    "http://www.w3.org/TR/xhtml1/DTD/xhtml1-transitional.dtd">
<html xmlns="http://www.w3.org/1999/xhtml" xml:lang="en" lang="en">
 <head>
  <title>
</title>
<meta http-equiv="Content-Type" content="text/html;charset=utf-8" />
  <meta name='ocr-system' content='tesseract 3.04.00' />
  <meta name='ocr-capabilities' content='ocr_page ocr_carea ocr_par ocr_line ocrx_word'/>
</head>
<body>
  <div class='ocr_page' id='page_1' title='image "./joannisdunsscot02waddgoog_0030.png"; bbox 0 0 4255 6375; ppageno 0'>
   <div class='ocr_carea' id='block_1_1' title="bbox 651 348 2632 413">
    <p class='ocr_par' dir='ltr' id='par_1_1' title="bbox 651 348 2632 413">
     <span class='ocr_line' id='line_1_1' title="bbox 651 348 2632 413; baseline -0.001 -1"><span class='ocrx_word' id='word_1_1' title='bbox 651 351 734 412; x_wconf 79' lang='lat'>24</span> <span class='ocrx_word' id='word_1_2' title='bbox 1712 350 1857 411; x_wconf 79' lang='lat' dir='ltr'>Lm.</span> <span class='ocrx_word' id='word_1_3' title='bbox 1892 350 1994 413; x_wconf 82' lang='lat' dir='ltr'>lv,</span> <span class='ocrx_word' id='word_1_4' title='bbox 2028 348 2632 413; x_wconf 75' lang='lat' dir='ltr'><strong>SENTENTIARUM</strong></span> 
     </span>
    </p>
   </div>
   <div class='ocr_carea' id='block_1_2' title="bbox 307 512 2238 5244">
    <p class='ocr_par' dir='ltr' id='par_1_2' title="bbox 307 512 2207 1847">
     <span class='ocr_line' id='line_1_2' title="bbox 648 512 2193 592; baseline -0.002 -18"><span class='ocrx_word' id='word_1_5' title='bbox 648 515 717 574; x_wconf 78' lang='lat' dir='ltr'>in</span> <span class='ocrx_word' id='word_1_6' title='bbox 745 519 1057 590; x_wconf 78' lang='lat' dir='ltr'>quantum</span> <span class='ocrx_word' id='word_1_7' title='bbox 1093 530 1247 586; x_wconf 80' lang='lat' dir='ltr'>esse,</span> <span class='ocrx_word' id='word_1_8' title='bbox 1269 517 1341 574; x_wconf 90' lang='lat' dir='ltr'>ut</span> <span class='ocrx_word' id='word_1_9' title='bbox 1368 514 1543 575; x_wconf 90' lang='lat' dir='ltr'>bene</span> <span class='ocrx_word' id='word_1_10' title='bbox 1573 513 1807 592; x_wconf 88' lang='lat' dir='ltr'>probat</span> <span class='ocrx_word' id='word_1_11' title='bbox 1848 514 2088 573; x_wconf 93' lang='lat' dir='ltr'>Doctor</span> <span class='ocrx_word' id='word_1_12' title='bbox 2127 512 2193 572; x_wconf 91' lang='lat' dir='ltr'>in</span> 
     </span>
     <span class='ocr_line' id='line_1_3' title="bbox 648 619 2196 699; baseline -0.001 -18"><span class='ocrx_word' id='word_1_13' title='bbox 648 621 868 682; x_wconf 89' lang='lat' dir='ltr'>littera</span> <span class='ocrx_word' id='word_1_14' title='bbox 896 619 1276 698; x_wconf 89' lang='lat' dir='ltr'>replicando</span> <span class='ocrx_word' id='word_1_15' title='bbox 1310 620 1393 682; x_wconf 90' lang='lat' dir='ltr'>ad</span> <span class='ocrx_word' id='word_1_16' title='bbox 1424 621 1823 699; x_wconf 89' lang='lat' dir='ltr'>oppositum,</span> <span class='ocrx_word' id='word_1_17' title='bbox 1859 620 2196 696; x_wconf 80' lang='lat' dir='ltr'>explicans</span> 
     </span>
     <span class='ocr_line' id='line_1_4' title="bbox 652 737 2193 817; baseline -0.001 -18"><span class='ocrx_word' id='word_1_18' title='bbox 652 739 1171 817; x_wconf 71' lang='lat' dir='ltr'>propositionem</span> <span class='ocrx_word' id='word_1_19' title='bbox 1251 739 1450 812; x_wconf 91' lang='lat' dir='ltr'>illam,</span> <span class='ocrx_word' id='word_1_20' title='bbox 1530 755 1727 817; x_wconf 90' lang='lat' dir='ltr'>quam</span> <span class='ocrx_word' id='word_1_21' title='bbox 1798 737 2069 800; x_wconf 88' lang='lat' dir='ltr'>adducit</span> <span class='ocrx_word' id='word_1_22' title='bbox 2118 740 2193 797; x_wconf 90' lang='lat' dir='ltr'>D.</span> 
     </span>
     <span class='ocr_line' id='line_1_5' title="bbox 652 851 2199 934; baseline -0.001 -19"><span class='ocrx_word' id='word_1_23' title='bbox 652 851 933 916; x_wconf 82' lang='lat' dir='ltr'>Thomas</span> <span class='ocrx_word' id='word_1_24' title='bbox 990 873 1069 916; x_wconf 83' lang='lat' dir='ltr'>ex</span> <span class='ocrx_word' id='word_1_25' title='bbox 1115 863 1383 919; x_wconf 89' lang='lat' dir='ltr'>auctore</span> <span class='ocrx_word' id='word_1_26' title='bbox 1431 859 1508 918; x_wconf 77' lang='lat' dir='ltr'>de</span> <span class='ocrx_word' id='word_1_27' title='bbox 1554 859 1801 929; x_wconf 82' lang='lat' dir='ltr'>Causis,</span> <span class='ocrx_word' id='word_1_28' title='bbox 1845 870 1995 934; x_wconf 64' lang='lat' dir='ltr'>quse</span> <span class='ocrx_word' id='word_1_29' title='bbox 2047 870 2199 930; x_wconf 91' lang='lat' dir='ltr'>sup·</span> 
     </span>
     <span class='ocr_line' id='line_1_6' title="bbox 657 971 2196 1051; baseline -0.001 -18"><span class='ocrx_word' id='word_1_30' title='bbox 657 971 841 1048; x_wconf 88' lang='lat' dir='ltr'>ponit</span> <span class='ocrx_word' id='word_1_31' title='bbox 885 972 1392 1051; x_wconf 71' lang='lat' dir='ltr'>intelligentiam</span> <span class='ocrx_word' id='word_1_32' title='bbox 1433 978 1498 1033; x_wconf 92' lang='lat' dir='ltr'>et</span> <span class='ocrx_word' id='word_1_33' title='bbox 1528 973 1809 1034; x_wconf 91' lang='lat' dir='ltr'>animam</span> <span class='ocrx_word' id='word_1_34' title='bbox 1856 971 2012 1033; x_wconf 89' lang='lat' dir='ltr'>dare</span> <span class='ocrx_word' id='word_1_35' title='bbox 2045 988 2196 1033; x_wconf 89' lang='lat' dir='ltr'>esse</span> 
     </span>
     <span class='ocr_line' id='line_1_7' title="bbox 656 1087 2200 1165; baseline 0.001 -17"><span class='ocrx_word' id='word_1_36' title='bbox 656 1087 874 1159; x_wconf 90' lang='lat' dir='ltr'>alicui,</span> <span class='ocrx_word' id='word_1_37' title='bbox 904 1091 979 1148; x_wconf 92' lang='lat' dir='ltr'>ut</span> <span class='ocrx_word' id='word_1_38' title='bbox 1007 1093 1322 1165; x_wconf 84' lang='lat' dir='ltr'>operatur</span> <span class='ocrx_word' id='word_1_39' title='bbox 1350 1091 1732 1165; x_wconf 77' lang='lat' dir='ltr'>operatione</span> <span class='ocrx_word' id='word_1_40' title='bbox 1783 1087 2025 1162; x_wconf 77' lang='lat' dir='ltr'>divina,</span> <span class='ocrx_word' id='word_1_41' title='bbox 2058 1089 2200 1150; x_wconf 92' lang='lat' dir='ltr'>sine</span> 
     </span>
     <span class='ocr_line' id='line_1_8' title="bbox 657 1195 1631 1285; baseline 0 -17"><span class='ocrx_word' id='word_1_42' title='bbox 657 1195 784 1285; x_wconf 86' lang='lat' dir='ltr'>qua</span> <span class='ocrx_word' id='word_1_43' title='bbox 817 1221 948 1270; x_wconf 91' lang='lat' dir='ltr'>non</span> <span class='ocrx_word' id='word_1_44' title='bbox 999 1211 1226 1283; x_wconf 87' lang='lat' dir='ltr'>posset</span> <span class='ocrx_word' id='word_1_45' title='bbox 1256 1206 1414 1269; x_wconf 89' lang='lat' dir='ltr'>dare</span> <span class='ocrx_word' id='word_1_46' title='bbox 1459 1223 1631 1268; x_wconf 89' lang='lat' dir='ltr'>esse.</span> 
     </span>
     <span class='ocr_line' id='line_1_9' title="bbox 436 1320 2207 1404; baseline -0.003 -18"><span class='ocrx_word' id='word_1_47' title='bbox 436 1336 492 1386; x_wconf 84' lang='grc'>7.</span> <span class='ocrx_word' id='word_1_48' title='bbox 546 1393 558 1404; x_wconf 51' lang='lat'>‚</span> <span class='ocrx_word' id='word_1_49' title='bbox 739 1322 930 1384; x_wconf 87' lang='lat' dir='ltr'>Dices</span> <span class='ocrx_word' id='word_1_50' title='bbox 976 1339 1241 1385; x_wconf 90' lang='lat' dir='ltr'>causam</span> <span class='ocrx_word' id='word_1_51' title='bbox 1298 1320 1663 1384; x_wconf 87' lang='lat' dir='ltr'>secundam</span> <span class='ocrx_word' id='word_1_52' title='bbox 1694 1323 2018 1401; x_wconf 87' lang='lat' dir='ltr'>attingere</span> <span class='ocrx_word' id='word_1_53' title='bbox 2076 1338 2207 1382; x_wconf 80' lang='lat' dir='ltr'>esse</span> 
     </span>
     <span class='ocr_line' id='line_1_10' title="bbox 307 1402 2200 1515; baseline -0.002 -14"><span class='ocrx_word' id='word_1_54' title='bbox 307 1402 617 1465; x_wconf 65' lang='lat' dir='ltr'><strong>R⁶⁸p⁰¹¹⁵¹⁰&#39;</strong></span> <span class='ocrx_word' id='word_1_55' title='bbox 659 1443 728 1501; x_wconf 79' lang='lat' dir='ltr'>z&#39;n</span> <span class='ocrx_word' id='word_1_56' title='bbox 758 1444 1069 1515; x_wconf 79' lang='lat' dir='ltr'>quantum</span> <span class='ocrx_word' id='word_1_57' title='bbox 1136 1456 1287 1513; x_wconf 81' lang='lat' dir='ltr'>esse,</span> <span class='ocrx_word' id='word_1_58' title='bbox 1333 1456 1467 1501; x_wconf 94' lang='lat' dir='ltr'>non</span> <span class='ocrx_word' id='word_1_59' title='bbox 1499 1439 1825 1512; x_wconf 90' lang='lat' dir='ltr'>absolute,</span> <span class='ocrx_word' id='word_1_60' title='bbox 1884 1436 2002 1498; x_wconf 90' lang='lat' dir='ltr'>sed</span> <span class='ocrx_word' id='word_1_61' title='bbox 2062 1455 2200 1498; x_wconf 89' lang='lat' dir='ltr'>ma-</span> 
     </span>
     <span class='ocr_line' id='line_1_11' title="bbox 661 1554 2202 1634; baseline -0.001 -18"><span class='ocrx_word' id='word_1_62' title='bbox 661 1554 970 1616; x_wconf 90' lang='lat' dir='ltr'>terialiter</span> <span class='ocrx_word' id='word_1_63' title='bbox 1014 1562 1078 1616; x_wconf 87' lang='lat' dir='ltr'>et</span> <span class='ocrx_word' id='word_1_64' title='bbox 1106 1572 1226 1634; x_wconf 89' lang='lat' dir='ltr'>per</span> <span class='ocrx_word' id='word_1_65' title='bbox 1281 1554 1591 1617; x_wconf 90' lang='lat' dir='ltr'>accidens</span> <span class='ocrx_word' id='word_1_66' title='bbox 1640 1561 1711 1617; x_wconf 91' lang='lat' dir='ltr'>ut</span> <span class='ocrx_word' id='word_1_67' title='bbox 1755 1557 1950 1617; x_wconf 90' lang='lat' dir='ltr'>estin</span> <span class='ocrx_word' id='word_1_68' title='bbox 1981 1555 2202 1617; x_wconf 90' lang='lat' dir='ltr'>deter-</span> 
     </span>
     <span class='ocr_line' id='line_1_12' title="bbox 659 1670 2205 1751; baseline 0.002 -22"><span class='ocrx_word' id='word_1_69' title='bbox 659 1670 906 1733; x_wconf 89' lang='lat' dir='ltr'>minato</span> <span class='ocrx_word' id='word_1_70' title='bbox 950 1686 1122 1746; x_wconf 88' lang='lat' dir='ltr'>esse,</span> <span class='ocrx_word' id='word_1_71' title='bbox 1174 1672 1356 1751; x_wconf 89' lang='lat' dir='ltr'>quod</span> <span class='ocrx_word' id='word_1_72' title='bbox 1413 1674 1621 1750; x_wconf 91' lang='lat' dir='ltr'>primo</span> <span class='ocrx_word' id='word_1_73' title='bbox 1678 1671 1946 1749; x_wconf 79' lang='lat' dir='ltr'>respicit</span> <span class='ocrx_word' id='word_1_74' title='bbox 2009 1687 2205 1732; x_wconf 90' lang='lat' dir='ltr'>causa</span> 
     </span>
     <span class='ocr_line' id='line_1_13' title="bbox 666 1790 902 1847; baseline -0.008 -1"><span class='ocrx_word' id='word_1_75' title='bbox 666 1790 902 1847; x_wconf 90' lang='lat' dir='ltr'>creata.</span> 
     </span>
    </p>

    <p class='ocr_par' dir='ltr' id='par_1_3' title="bbox 661 1902 2208 2331">
     <span class='ocr_line' id='line_1_14' title="bbox 743 1902 2208 1982; baseline 0.001 -19"><span class='ocrx_word' id='word_1_76' title='bbox 743 1902 1005 1971; x_wconf 83' lang='lat' dir='ltr'>Contra,</span> <span class='ocrx_word' id='word_1_77' title='bbox 1055 1907 1209 1982; x_wconf 92' lang='lat' dir='ltr'>quia</span> <span class='ocrx_word' id='word_1_78' title='bbox 1240 1921 1371 1966; x_wconf 81' lang='lat' dir='ltr'>esse</span> <span class='ocrx_word' id='word_1_79' title='bbox 1411 1905 1475 1965; x_wconf 84' lang='lat' dir='ltr'>in</span> <span class='ocrx_word' id='word_1_80' title='bbox 1505 1910 1819 1980; x_wconf 76' lang='lat' dir='ltr'>quantum</span> <span class='ocrx_word' id='word_1_81' title='bbox 1862 1921 2014 1976; x_wconf 84' lang='lat' dir='ltr'>esse,</span> <span class='ocrx_word' id='word_1_82' title='bbox 2072 1921 2208 1965; x_wconf 92' lang='lat' dir='ltr'>non</span> 
     </span>
     <span class='ocr_line' id='line_1_15' title="bbox 661 2019 2207 2098; baseline 0 -18"><span class='ocrx_word' id='word_1_83' title='bbox 661 2019 849 2080; x_wconf 91' lang='lat' dir='ltr'>aliter</span> <span class='ocrx_word' id='word_1_84' title='bbox 893 2019 1079 2084; x_wconf 88' lang='lat' dir='ltr'>etiam</span> <span class='ocrx_word' id='word_1_85' title='bbox 1129 2026 1231 2082; x_wconf 89' lang='lat' dir='ltr'>est</span> <span class='ocrx_word' id='word_1_86' title='bbox 1284 2020 1646 2098; x_wconf 82' lang='lat' dir='ltr'>attingibile</span> <span class='ocrx_word' id='word_1_87' title='bbox 1686 2037 1722 2080; x_wconf 91' lang='lat' dir='ltr'>a</span> <span class='ocrx_word' id='word_1_88' title='bbox 1785 2021 1945 2091; x_wconf 80' lang='lat' dir='ltr'>Dec,</span> <span class='ocrx_word' id='word_1_89' title='bbox 1986 2036 2207 2097; x_wconf 89' lang='lat' dir='ltr'>neque</span> 
     </span>
     <span class='ocr_line' id='line_1_16' title="bbox 662 2135 2204 2213; baseline -0.001 -15"><span class='ocrx_word' id='word_1_90' title='bbox 662 2135 849 2198; x_wconf 89' lang='lat' dir='ltr'>aliter</span> <span class='ocrx_word' id='word_1_91' title='bbox 891 2141 1117 2197; x_wconf 88' lang='lat' dir='ltr'>natum</span> <span class='ocrx_word' id='word_1_92' title='bbox 1176 2140 1277 2196; x_wconf 92' lang='lat' dir='ltr'>est</span> <span class='ocrx_word' id='word_1_93' title='bbox 1332 2152 1479 2197; x_wconf 90' lang='lat' dir='ltr'>esse</span> <span class='ocrx_word' id='word_1_94' title='bbox 1529 2136 1828 2196; x_wconf 89' lang='lat' dir='ltr'>absolute</span> <span class='ocrx_word' id='word_1_95' title='bbox 1906 2135 2204 2213; x_wconf 80' lang='lat' dir='ltr'>produci,</span> 
     </span>
     <span class='ocr_line' id='line_1_17' title="bbox 661 2250 2207 2331; baseline -0.001 -16"><span class='ocrx_word' id='word_1_96' title='bbox 661 2253 787 2316; x_wconf 90' lang='lat' dir='ltr'>nisi</span> <span class='ocrx_word' id='word_1_97' title='bbox 863 2270 992 2331; x_wconf 90' lang='lat' dir='ltr'>qua</span> <span class='ocrx_word' id='word_1_98' title='bbox 1054 2250 1435 2328; x_wconf 88' lang='lat' dir='ltr'>producitur</span> <span class='ocrx_word' id='word_1_99' title='bbox 1476 2250 1980 2313; x_wconf 86' lang='lat' dir='ltr'>determinatum</span> <span class='ocrx_word' id='word_1_100' title='bbox 2066 2269 2207 2314; x_wconf 81' lang='lat' dir='ltr'>ens,</span> 
     </span>
    </p>

    <p class='ocr_par' dir='ltr' id='par_1_4' title="bbox 582 2366 2216 2916">
     <span class='ocr_line' id='line_1_18' title="bbox 582 2366 2211 2443; baseline -0.002 -12"><span class='ocrx_word' id='word_1_101' title='bbox 582 2438 587 2443; x_wconf 76' lang='lat'>.</span> <span class='ocrx_word' id='word_1_102' title='bbox 666 2366 851 2431; x_wconf 87' lang='lat' dir='ltr'>Unde</span> <span class='ocrx_word' id='word_1_103' title='bbox 883 2368 1052 2428; x_wconf 89' lang='lat' dir='ltr'>sicut</span> <span class='ocrx_word' id='word_1_104' title='bbox 1089 2368 1257 2427; x_wconf 90' lang='lat' dir='ltr'>actio</span> <span class='ocrx_word' id='word_1_105' title='bbox 1306 2368 1420 2426; x_wconf 91' lang='lat' dir='ltr'>Dei</span> <span class='ocrx_word' id='word_1_106' title='bbox 1472 2373 1574 2427; x_wconf 89' lang='lat' dir='ltr'>est</span> <span class='ocrx_word' id='word_1_107' title='bbox 1619 2367 2056 2429; x_wconf 83' lang='lat' dir='ltr'>determinata</span> <span class='ocrx_word' id='word_1_108' title='bbox 2113 2385 2211 2428; x_wconf 89' lang='lat' dir='ltr'>re·</span> 
     </span>
     <span class='ocr_line' id='line_1_19' title="bbox 665 2482 2212 2562; baseline -0.001 -18"><span class='ocrx_word' id='word_1_109' title='bbox 665 2490 896 2562; x_wconf 90' lang='lat' dir='ltr'>spectu</span> <span class='ocrx_word' id='word_1_110' title='bbox 930 2482 1229 2552; x_wconf 81' lang='lat' dir='ltr'>effectus,</span> <span class='ocrx_word' id='word_1_111' title='bbox 1280 2488 1353 2543; x_wconf 87' lang='lat' dir='ltr'>ut</span> <span class='ocrx_word' id='word_1_112' title='bbox 1402 2483 1481 2544; x_wconf 89' lang='lat' dir='ltr'>ab</span> <span class='ocrx_word' id='word_1_113' title='bbox 1514 2499 1593 2545; x_wconf 90' lang='lat' dir='ltr'>eo</span> <span class='ocrx_word' id='word_1_114' title='bbox 1639 2482 1961 2561; x_wconf 87' lang='lat' dir='ltr'>procedit,</span> <span class='ocrx_word' id='word_1_115' title='bbox 1995 2483 2212 2561; x_wconf 90' lang='lat' dir='ltr'>sequi·</span> 
     </span>
     <span class='ocr_line' id='line_1_20' title="bbox 667 2600 2215 2680; baseline 0.001 -18"><span class='ocrx_word' id='word_1_116' title='bbox 667 2607 768 2663; x_wconf 90' lang='lat' dir='ltr'>tur</span> <span class='ocrx_word' id='word_1_117' title='bbox 834 2600 1010 2680; x_wconf 91' lang='lat' dir='ltr'>quod</span> <span class='ocrx_word' id='word_1_118' title='bbox 1082 2601 1288 2678; x_wconf 91' lang='lat' dir='ltr'>primo</span> <span class='ocrx_word' id='word_1_119' title='bbox 1351 2600 1745 2663; x_wconf 85' lang='lat' dir='ltr'>determinat</span> <span class='ocrx_word' id='word_1_120' title='bbox 1834 2602 1897 2663; x_wconf 93' lang='lat' dir='ltr'>in</span> <span class='ocrx_word' id='word_1_121' title='bbox 1970 2601 2215 2663; x_wconf 82' lang='lat' dir='ltr'>effectu</span> 
     </span>
     <span class='ocr_line' id='line_1_21' title="bbox 665 2716 2212 2796; baseline -0.001 -16"><span class='ocrx_word' id='word_1_122' title='bbox 665 2718 986 2796; x_wconf 89' lang='lat' dir='ltr'>speciem,</span> <span class='ocrx_word' id='word_1_123' title='bbox 1033 2723 1099 2779; x_wconf 93' lang='lat' dir='ltr'>et</span> <span class='ocrx_word' id='word_1_124' title='bbox 1141 2716 1466 2795; x_wconf 91' lang='lat' dir='ltr'>quidquid</span> <span class='ocrx_word' id='word_1_125' title='bbox 1524 2723 1623 2777; x_wconf 83' lang='lat' dir='ltr'>est</span> <span class='ocrx_word' id='word_1_126' title='bbox 1679 2716 2212 2791; x_wconf 87' lang='lat' dir='ltr'>determinatum,</span> 
     </span>
     <span class='ocr_line' id='line_1_22' title="bbox 670 2836 2216 2916; baseline -0.002 -18"><span class='ocrx_word' id='word_1_127' title='bbox 670 2851 870 2916; x_wconf 89' lang='lat' dir='ltr'>quam</span> <span class='ocrx_word' id='word_1_128' title='bbox 944 2836 1267 2896; x_wconf 92' lang='lat' dir='ltr'>rationem</span> <span class='ocrx_word' id='word_1_129' title='bbox 1341 2850 1779 2904; x_wconf 85' lang='lat' dir='ltr'>communem,</span> <span class='ocrx_word' id='word_1_130' title='bbox 1850 2836 2003 2913; x_wconf 91' lang='lat' dir='ltr'>quia</span> <span class='ocrx_word' id='word_1_131' title='bbox 2082 2838 2216 2895; x_wconf 87' lang='lat' dir='ltr'>exi-</span> 
     </span>
    </p>

    <p class='ocr_par' dir='ltr' id='par_1_5' title="bbox 319 2922 2224 3360">
     <span class='ocr_line' id='line_1_23' title="bbox 319 2922 2215 3053; baseline -0.001 -40"><span class='ocrx_word' id='word_1_132' title='bbox 319 2922 622 3053; x_wconf 50' lang='lat' dir='ltr'>profgffiur</span> <span class='ocrx_word' id='word_1_133' title='bbox 669 2953 937 3023; x_wconf 87' lang='lat' dir='ltr'>stentia,</span> <span class='ocrx_word' id='word_1_134' title='bbox 984 2965 1126 3028; x_wconf 81' lang='lat' dir='ltr'>quae</span> <span class='ocrx_word' id='word_1_135' title='bbox 1171 2953 1273 3010; x_wconf 90' lang='lat' dir='ltr'>est</span> <span class='ocrx_word' id='word_1_136' title='bbox 1311 2951 1632 3011; x_wconf 90' lang='lat' dir='ltr'>terminus</span> <span class='ocrx_word' id='word_1_137' title='bbox 1659 2948 1969 3021; x_wconf 76' lang='lat' dir='ltr'>formaliS,</span> <span class='ocrx_word' id='word_1_138' title='bbox 2006 2951 2215 3028; x_wconf 91' lang='lat' dir='ltr'>primo</span> 
     </span>
     <span class='ocr_line' id='line_1_24' title="bbox 352 3046 2216 3159; baseline -0.001 -29"><span class='ocrx_word' id='word_1_139' title='bbox 352 3046 602 3159; x_wconf 43' lang='grc' dir='ltr'>ῑζξὶξξῗζ</span> <span class='ocrx_word' id='word_1_140' title='bbox 673 3073 741 3130; x_wconf 89' lang='lat' dir='ltr'>et</span> <span class='ocrx_word' id='word_1_141' title='bbox 794 3083 915 3145; x_wconf 90' lang='lat' dir='ltr'>per</span> <span class='ocrx_word' id='word_1_142' title='bbox 956 3083 1031 3127; x_wconf 90' lang='lat' dir='ltr'>se</span> <span class='ocrx_word' id='word_1_143' title='bbox 1082 3067 1397 3143; x_wconf 90' lang='lat' dir='ltr'>competit</span> <span class='ocrx_word' id='word_1_144' title='bbox 1441 3064 1880 3127; x_wconf 81' lang='lat' dir='ltr'>determinato</span> <span class='ocrx_word' id='word_1_145' title='bbox 1917 3068 2074 3138; x_wconf 86' lang='lat' dir='ltr'>enti,</span> <span class='ocrx_word' id='word_1_146' title='bbox 2116 3085 2216 3129; x_wconf 91' lang='lat' dir='ltr'>se-</span> 
     </span>
     <span class='ocr_line' id='line_1_25' title="bbox 407 3177 2219 3261; baseline 0 -15"><span class='ocrx_word' id='word_1_147' title='bbox 407 3177 551 3223; x_wconf 78' lang='lat' dir='ltr'>ente.</span> <span class='ocrx_word' id='word_1_148' title='bbox 675 3182 987 3246; x_wconf 91' lang='lat' dir='ltr'>cundario</span> <span class='ocrx_word' id='word_1_149' title='bbox 1018 3199 1177 3244; x_wconf 85' lang='lat' dir='ltr'>vero</span> <span class='ocrx_word' id='word_1_150' title='bbox 1225 3183 1492 3245; x_wconf 85' lang='lat' dir='ltr'>inclusis</span> <span class='ocrx_word' id='word_1_151' title='bbox 1538 3200 1656 3261; x_wconf 90' lang='lat' dir='ltr'>per</span> <span class='ocrx_word' id='word_1_152' title='bbox 1686 3182 1953 3244; x_wconf 91' lang='lat' dir='ltr'>modum</span> <span class='ocrx_word' id='word_1_153' title='bbox 1997 3185 2219 3261; x_wconf 57' lang='lat' dir='ltr'>praedi-</span> 
     </span>
     <span class='ocr_line' id='line_1_26' title="bbox 677 3295 2224 3360; baseline 0.001 -2"><span class='ocrx_word' id='word_1_154' title='bbox 677 3300 799 3359; x_wconf 92' lang='lat' dir='ltr'>cati</span> <span class='ocrx_word' id='word_1_155' title='bbox 833 3298 1220 3357; x_wconf 71' lang='lat' dir='ltr'>communis</span> <span class='ocrx_word' id='word_1_156' title='bbox 1254 3295 1582 3357; x_wconf 84' lang='lat' dir='ltr'>Praeterea</span> <span class='ocrx_word' id='word_1_157' title='bbox 1638 3296 1693 3357; x_wconf 89' lang='lat' dir='ltr'>si</span> <span class='ocrx_word' id='word_1_158' title='bbox 1732 3301 1900 3360; x_wconf 89' lang='lat' dir='ltr'>actio</span> <span class='ocrx_word' id='word_1_159' title='bbox 1952 3299 2069 3359; x_wconf 91' lang='lat' dir='ltr'>Dei</span> <span class='ocrx_word' id='word_1_160' title='bbox 2123 3306 2224 3360; x_wconf 91' lang='lat' dir='ltr'>est</span> 
     </span>
    </p>

    <p class='ocr_par' dir='ltr' id='par_1_6' title="bbox 674 3412 2218 3489">
     <span class='ocr_line' id='line_1_27' title="bbox 674 3412 2218 3489; baseline 0.001 -15"><span class='ocrx_word' id='word_1_161' title='bbox 674 3412 760 3474; x_wconf 88' lang='lat' dir='ltr'>ad</span> <span class='ocrx_word' id='word_1_162' title='bbox 809 3413 1117 3474; x_wconf 80' lang='lat' dir='ltr'>effectum</span> <span class='ocrx_word' id='word_1_163' title='bbox 1163 3412 1367 3489; x_wconf 86' lang='lat' dir='ltr'>primo</span> <span class='ocrx_word' id='word_1_164' title='bbox 1419 3412 1541 3474; x_wconf 86' lang='lat' dir='ltr'>suh</span> <span class='ocrx_word' id='word_1_165' title='bbox 1581 3414 1830 3475; x_wconf 88' lang='lat' dir='ltr'>ratione</span> <span class='ocrx_word' id='word_1_166' title='bbox 1867 3417 2218 3489; x_wconf 89' lang='lat' dir='ltr'>communi,</span> 
     </span>
    </p>

    <p class='ocr_par' dir='ltr' id='par_1_7' title="bbox 675 3527 2223 3592">
     <span class='ocr_line' id='line_1_28' title="bbox 675 3527 2223 3592; baseline 0.001 -1"><span class='ocrx_word' id='word_1_167' title='bbox 675 3530 844 3591; x_wconf 85' lang='lat' dir='ltr'>actio</span> <span class='ocrx_word' id='word_1_168' title='bbox 891 3545 1099 3591; x_wconf 82' lang='lat' dir='ltr'>causae</span> <span class='ocrx_word' id='word_1_169' title='bbox 1148 3527 1460 3592; x_wconf 80' lang='lat' dir='ltr'>secundae</span> <span class='ocrx_word' id='word_1_170' title='bbox 1510 3531 1632 3591; x_wconf 87' lang='lat' dir='ltr'>sub</span> <span class='ocrx_word' id='word_1_171' title='bbox 1693 3531 1944 3591; x_wconf 86' lang='lat' dir='ltr'>ratione</span> <span class='ocrx_word' id='word_1_172' title='bbox 2005 3530 2223 3592; x_wconf 84' lang='lat' dir='ltr'>deter-</span> 
     </span>
    </p>

    <p class='ocr_par' dir='ltr' id='par_1_8' title="bbox 673 3645 2227 3723">
     <span class='ocr_line' id='line_1_29' title="bbox 673 3645 2227 3723; baseline 0.001 -16"><span class='ocrx_word' id='word_1_173' title='bbox 673 3647 944 3720; x_wconf 89' lang='lat' dir='ltr'>minata,</span> <span class='ocrx_word' id='word_1_174' title='bbox 994 3651 1387 3723; x_wconf 82' lang='lat' dir='ltr'>sequeretur</span> <span class='ocrx_word' id='word_1_175' title='bbox 1430 3645 1609 3722; x_wconf 88' lang='lat' dir='ltr'>quod</span> <span class='ocrx_word' id='word_1_176' title='bbox 1640 3645 1996 3721; x_wconf 84' lang='lat' dir='ltr'>perfectius</span> <span class='ocrx_word' id='word_1_177' title='bbox 2037 3648 2227 3709; x_wconf 89' lang='lat' dir='ltr'>attin-</span> 
     </span>
    </p>

    <p class='ocr_par' dir='ltr' id='par_1_9' title="bbox 675 3762 2225 3844">
     <span class='ocr_line' id='line_1_30' title="bbox 675 3762 2225 3844; baseline -0.001 -20"><span class='ocrx_word' id='word_1_178' title='bbox 675 3769 946 3844; x_wconf 84' lang='lat' dir='ltr'>geretur</span> <span class='ocrx_word' id='word_1_179' title='bbox 989 3763 1268 3824; x_wconf 80' lang='lat' dir='ltr'>effectus</span> <span class='ocrx_word' id='word_1_180' title='bbox 1314 3778 1351 3822; x_wconf 93' lang='lat' dir='ltr'>a</span> <span class='ocrx_word' id='word_1_181' title='bbox 1400 3777 1596 3823; x_wconf 90' lang='lat' dir='ltr'>causa</span> <span class='ocrx_word' id='word_1_182' title='bbox 1646 3762 1965 3835; x_wconf 90' lang='lat' dir='ltr'>secunda,</span> <span class='ocrx_word' id='word_1_183' title='bbox 2027 3780 2225 3841; x_wconf 91' lang='lat' dir='ltr'>quam</span> 
     </span>
    </p>

    <p class='ocr_par' dir='ltr' id='par_1_10' title="bbox 336 3876 2235 4664">
     <span class='ocr_line' id='line_1_31' title="bbox 676 3876 2226 3955; baseline -0.001 -14"><span class='ocrx_word' id='word_1_184' title='bbox 676 3897 713 3941; x_wconf 93' lang='lat' dir='ltr'>a</span> <span class='ocrx_word' id='word_1_185' title='bbox 759 3880 922 3949; x_wconf 92' lang='lat' dir='ltr'>De0,</span> <span class='ocrx_word' id='word_1_186' title='bbox 979 3880 1149 3939; x_wconf 86' lang='lat' dir='ltr'>sicut</span> <span class='ocrx_word' id='word_1_187' title='bbox 1203 3878 1368 3939; x_wconf 89' lang='lat' dir='ltr'>ratio</span> <span class='ocrx_word' id='word_1_188' title='bbox 1431 3876 1865 3939; x_wconf 88' lang='lat' dir='ltr'>determinata</span> <span class='ocrx_word' id='word_1_189' title='bbox 1925 3886 2024 3941; x_wconf 90' lang='lat' dir='ltr'>est</span> <span class='ocrx_word' id='word_1_190' title='bbox 2079 3896 2226 3955; x_wconf 90' lang='lat' dir='ltr'>per-</span> 
     </span>
     <span class='ocr_line' id='line_1_32' title="bbox 338 3994 2222 4080; baseline -0.002 -23"><span class='ocrx_word' id='word_1_191' title='bbox 338 4027 649 4080; x_wconf 78' lang='lat' dir='ltr'>Gonu-over-</span> <span class='ocrx_word' id='word_1_192' title='bbox 677 3995 925 4067; x_wconf 86' lang='lat' dir='ltr'>feclior‚</span> <span class='ocrx_word' id='word_1_193' title='bbox 979 4010 1176 4073; x_wconf 90' lang='lat' dir='ltr'>quam</span> <span class='ocrx_word' id='word_1_194' title='bbox 1209 3994 1368 4054; x_wconf 92' lang='lat' dir='ltr'>ratio</span> <span class='ocrx_word' id='word_1_195' title='bbox 1408 3996 1773 4054; x_wconf 88' lang='lat' dir='ltr'>communis</span> <span class='ocrx_word' id='word_1_196' title='bbox 1813 3996 1878 4054; x_wconf 92' lang='lat' dir='ltr'>in</span> <span class='ocrx_word' id='word_1_197' title='bbox 1910 3994 2222 4066; x_wconf 87' lang='lat' dir='ltr'>essendo;</span> 
     </span>
     <span class='ocr_line' id='line_1_33' title="bbox 424 4089 2230 4201; baseline -0.003 -25"><span class='ocrx_word' id='word_1_198' title='bbox 424 4089 560 4201; x_wconf 52' lang='lat' dir='ltr'>igit}</span> <span class='ocrx_word' id='word_1_199' title='bbox 681 4112 861 4176; x_wconf 91' lang='lat' dir='ltr'>unde</span> <span class='ocrx_word' id='word_1_200' title='bbox 893 4113 1136 4186; x_wconf 91' lang='lat' dir='ltr'>Patres,</span> <span class='ocrx_word' id='word_1_201' title='bbox 1181 4110 1444 4191; x_wconf 90' lang='lat' dir='ltr'>quando</span> <span class='ocrx_word' id='word_1_202' title='bbox 1467 4111 1806 4173; x_wconf 84' lang='lat' dir='ltr'>haereticos</span> <span class='ocrx_word' id='word_1_203' title='bbox 1837 4117 1904 4172; x_wconf 89' lang='lat' dir='ltr'>et</span> <span class='ocrx_word' id='word_1_204' title='bbox 1946 4111 2230 4172; x_wconf 89' lang='lat' dir='ltr'>Philoso—</span> 
     </span>
     <span class='ocr_line' id='line_1_34' title="bbox 341 4217 2231 4329; baseline -0.001 -36"><span class='ocrx_word' id='word_1_205' title='bbox 341 4217 652 4329; x_wconf 53' lang='lat' dir='ltr'>Pffiffigffiet</span> <span class='ocrx_word' id='word_1_206' title='bbox 682 4234 843 4311; x_wconf 91' lang='lat' dir='ltr'>phos</span> <span class='ocrx_word' id='word_1_207' title='bbox 873 4234 1267 4311; x_wconf 83' lang='lat' dir='ltr'>impugnant</span> <span class='ocrx_word' id='word_1_208' title='bbox 1298 4228 1610 4310; x_wconf 83' lang='lat' dir='ltr'>negando</span> <span class='ocrx_word' id='word_1_209' title='bbox 1644 4231 2048 4290; x_wconf 85' lang='lat' dir='ltr'>creationem</span> <span class='ocrx_word' id='word_1_210' title='bbox 2083 4246 2231 4291; x_wconf 90' lang='lat' dir='ltr'>esse</span> 
     </span>
     <span class='ocr_line' id='line_1_35' title="bbox 419 4341 2226 4453; baseline -0.001 -47"><span class='ocrx_word' id='word_1_211' title='bbox 419 4341 567 4453; x_wconf 49' lang='lat'>9¹:2⁸2</span> <span class='ocrx_word' id='word_1_212' title='bbox 680 4348 764 4409; x_wconf 92' lang='lat' dir='ltr'>ab</span> <span class='ocrx_word' id='word_1_213' title='bbox 839 4347 1057 4426; x_wconf 87' lang='lat' dir='ltr'>aliqua</span> <span class='ocrx_word' id='word_1_214' title='bbox 1092 4350 1414 4417; x_wconf 87' lang='lat' dir='ltr'>creatura,</span> <span class='ocrx_word' id='word_1_215' title='bbox 1458 4345 1819 4422; x_wconf 87' lang='lat' dir='ltr'>loquuntur</span> <span class='ocrx_word' id='word_1_216' title='bbox 1863 4342 1947 4405; x_wconf 88' lang='lat' dir='ltr'>de</span> <span class='ocrx_word' id='word_1_217' title='bbox 1998 4347 2226 4406; x_wconf 92' lang='lat' dir='ltr'>creati-</span> 
     </span>
     <span class='ocr_line' id='line_1_36' title="bbox 336 4461 2235 4540; baseline -0.003 -12"><span class='ocrx_word' id='word_1_218' title='bbox 336 4465 627 4517; x_wconf 66' lang='lat' dir='ltr'>haereticos.</span> <span class='ocrx_word' id='word_1_219' title='bbox 684 4479 811 4528; x_wconf 89' lang='lat' dir='ltr'>one</span> <span class='ocrx_word' id='word_1_220' title='bbox 852 4464 1024 4526; x_wconf 90' lang='lat' dir='ltr'>entis</span> <span class='ocrx_word' id='word_1_221' title='bbox 1055 4461 1494 4533; x_wconf 87' lang='lat' dir='ltr'>determinati,</span> <span class='ocrx_word' id='word_1_222' title='bbox 1541 4477 1600 4522; x_wconf 88' lang='lat' dir='ltr'>v.</span> <span class='ocrx_word' id='word_1_223' title='bbox 1647 4477 1715 4540; x_wconf 87' lang='lat' dir='ltr'>g.</span> <span class='ocrx_word' id='word_1_224' title='bbox 1764 4461 2070 4535; x_wconf 89' lang='lat' dir='ltr'>hominis,</span> <span class='ocrx_word' id='word_1_225' title='bbox 2129 4463 2235 4522; x_wconf 87' lang='lat' dir='ltr'>vel</span> 
     </span>
     <span class='ocr_line' id='line_1_37' title="bbox 682 4583 2234 4664; baseline -0.004 -13"><span class='ocrx_word' id='word_1_226' title='bbox 682 4589 1000 4664; x_wconf 88' lang='lat' dir='ltr'>animalis,</span> <span class='ocrx_word' id='word_1_227' title='bbox 1046 4587 1152 4648; x_wconf 90' lang='lat' dir='ltr'>vel</span> <span class='ocrx_word' id='word_1_228' title='bbox 1219 4587 1509 4663; x_wconf 90' lang='lat' dir='ltr'>corporis</span> <span class='ocrx_word' id='word_1_229' title='bbox 1562 4589 1627 4644; x_wconf 91' lang='lat' dir='ltr'>et</span> <span class='ocrx_word' id='word_1_230' title='bbox 1692 4583 2091 4663; x_wconf 88' lang='lat' dir='ltr'>hujusmodi,</span> <span class='ocrx_word' id='word_1_231' title='bbox 2150 4583 2234 4645; x_wconf 92' lang='lat' dir='ltr'>de</span> 
     </span>
    </p>

    <p class='ocr_par' dir='ltr' id='par_1_11' title="bbox 685 4698 2237 4784">
     <span class='ocr_line' id='line_1_38' title="bbox 685 4698 2237 4784; baseline -0.006 -17"><span class='ocrx_word' id='word_1_232' title='bbox 685 4705 928 4784; x_wconf 84' lang='lat' dir='ltr'>qulbus</span> <span class='ocrx_word' id='word_1_233' title='bbox 994 4704 1061 4764; x_wconf 91' lang='lat' dir='ltr'>in</span> <span class='ocrx_word' id='word_1_234' title='bbox 1117 4701 1339 4778; x_wconf 91' lang='lat' dir='ltr'>specie</span> <span class='ocrx_word' id='word_1_235' title='bbox 1402 4704 1527 4761; x_wconf 90' lang='lat' dir='ltr'>tam</span> <span class='ocrx_word' id='word_1_236' title='bbox 1590 4698 1959 4776; x_wconf 89' lang='lat' dir='ltr'>Philosophi</span> <span class='ocrx_word' id='word_1_237' title='bbox 2038 4714 2237 4776; x_wconf 90' lang='lat' dir='ltr'>quam</span> 
     </span>
    </p>

    <p class='ocr_par' dir='ltr' id='par_1_12' title="bbox 685 4813 2232 4895">
     <span class='ocr_line' id='line_1_39' title="bbox 685 4813 2232 4895; baseline -0.006 -13"><span class='ocrx_word' id='word_1_238' title='bbox 685 4820 966 4882; x_wconf 83' lang='lat' dir='ltr'>haeretici</span> <span class='ocrx_word' id='word_1_239' title='bbox 1009 4817 1452 4895; x_wconf 86' lang='lat' dir='ltr'>loquebantur</span> <span class='ocrx_word' id='word_1_240' title='bbox 1479 4817 1547 4877; x_wconf 91' lang='lat' dir='ltr'>in</span> <span class='ocrx_word' id='word_1_241' title='bbox 1578 4819 1872 4877; x_wconf 84' lang='lat' dir='ltr'>extremo</span> <span class='ocrx_word' id='word_1_242' title='bbox 1903 4813 2232 4877; x_wconf 89' lang='lat' dir='ltr'>contradi-</span> 
     </span>
    </p>

    <p class='ocr_par' dir='ltr' id='par_1_13' title="bbox 688 4929 2238 5125">
     <span class='ocr_line' id='line_1_40' title="bbox 688 4929 2238 5010; baseline -0.005 -14"><span class='ocrx_word' id='word_1_243' title='bbox 688 4936 972 5006; x_wconf 90' lang='lat' dir='ltr'>ctionls;</span> <span class='ocrx_word' id='word_1_244' title='bbox 1027 4930 1464 4995; x_wconf 83' lang='lat' dir='ltr'>intendebant</span> <span class='ocrx_word' id='word_1_245' title='bbox 1523 4946 1680 5010; x_wconf 86' lang='lat' dir='ltr'>ergo</span> <span class='ocrx_word' id='word_1_246' title='bbox 1726 4929 2238 5008; x_wconf 88' lang='lat' dir='ltr'>productionem</span> 
     </span>
     <span class='ocr_line' id='line_1_41' title="bbox 689 5045 2236 5125; baseline -0.005 -12"><span class='ocrx_word' id='word_1_247' title='bbox 689 5051 1195 5114; x_wconf 84' lang='lat' dir='ltr'>determinatam</span> <span class='ocrx_word' id='word_1_248' title='bbox 1273 5049 1442 5110; x_wconf 88' lang='lat' dir='ltr'>entis</span> <span class='ocrx_word' id='word_1_249' title='bbox 1531 5061 1664 5107; x_wconf 91' lang='lat' dir='ltr'>non</span> <span class='ocrx_word' id='word_1_250' title='bbox 1737 5045 2236 5125; x_wconf 69' lang='lat' dir='ltr'>praescindendo</span> 
     </span>
    </p>

    <p class='ocr_par' dir='ltr' id='par_1_14' title="bbox 691 5160 2235 5244">
     <span class='ocr_line' id='line_1_42' title="bbox 691 5160 2235 5244; baseline -0.005 -16"><span class='ocrx_word' id='word_1_251' title='bbox 691 5184 823 5229; x_wconf 79' lang='lat' dir='ltr'>esse</span> <span class='ocrx_word' id='word_1_252' title='bbox 849 5169 915 5228; x_wconf 83' lang='lat' dir='ltr'>in</span> <span class='ocrx_word' id='word_1_253' title='bbox 947 5172 1262 5244; x_wconf 72' lang='lat' dir='ltr'>quantum</span> <span class='ocrx_word' id='word_1_254' title='bbox 1292 5180 1442 5236; x_wconf 73' lang='lat' dir='ltr'>esse,</span> <span class='ocrx_word' id='word_1_255' title='bbox 1480 5163 1560 5223; x_wconf 91' lang='lat' dir='ltr'>ab</span> <span class='ocrx_word' id='word_1_256' title='bbox 1595 5178 1742 5223; x_wconf 90' lang='lat' dir='ltr'>esse</span> <span class='ocrx_word' id='word_1_257' title='bbox 1776 5160 2235 5234; x_wconf 87' lang='lat' dir='ltr'>determinato,</span> 
     </span>
    </p>
   </div>
   <div class='ocr_carea' id='block_1_3' title="bbox 691 5278 2242 5614">
    <p class='ocr_par' dir='ltr' id='par_1_15' title="bbox 691 5278 2242 5614">
     <span class='ocr_line' id='line_1_43' title="bbox 691 5278 2242 5345; baseline -0.003 -1"><span class='ocrx_word' id='word_1_258' title='bbox 691 5288 767 5344; x_wconf 91' lang='lat' dir='ltr'>ut</span> <span class='ocrx_word' id='word_1_259' title='bbox 834 5283 1136 5344; x_wconf 82' lang='lat' dir='ltr'>terminat</span> <span class='ocrx_word' id='word_1_260' title='bbox 1202 5280 1628 5345; x_wconf 87' lang='lat' dir='ltr'>creationem.</span> <span class='ocrx_word' id='word_1_261' title='bbox 1687 5278 2049 5345; x_wconf 81' lang='lat' dir='ltr'>videantur</span> <span class='ocrx_word' id='word_1_262' title='bbox 2119 5281 2242 5340; x_wconf 88' lang='lat' dir='ltr'>Pa-</span> 
     </span>
     <span class='ocr_line' id='line_1_44' title="bbox 694 5404 2241 5484; baseline -0.005 -13"><span class='ocrx_word' id='word_1_263' title='bbox 694 5415 827 5471; x_wconf 85' lang='lat' dir='ltr'>tres</span> <span class='ocrx_word' id='word_1_264' title='bbox 861 5414 926 5470; x_wconf 92' lang='lat' dir='ltr'>et</span> <span class='ocrx_word' id='word_1_265' title='bbox 961 5407 1371 5484; x_wconf 83' lang='lat' dir='ltr'>expositores</span> <span class='ocrx_word' id='word_1_266' title='bbox 1400 5409 1470 5469; x_wconf 79' lang='lat' dir='ltr'>in</span> <span class='ocrx_word' id='word_1_267' title='bbox 1503 5408 1799 5483; x_wconf 81' lang='lat' dir='ltr'>primum</span> <span class='ocrx_word' id='word_1_268' title='bbox 1832 5407 1981 5466; x_wconf 82' lang='lat' dir='ltr'>Gen.</span> <span class='ocrx_word' id='word_1_269' title='bbox 2016 5410 2069 5464; x_wconf 77' lang='lat' dir='ltr'>ec</span> <span class='ocrx_word' id='word_1_270' title='bbox 2093 5404 2241 5481; x_wconf 82' lang='lat' dir='ltr'>pri-</span> 
     </span>
     <span class='ocr_line' id='line_1_45' title="bbox 699 5530 2241 5614; baseline -0.006 -15"><span class='ocrx_word' id='word_1_271' title='bbox 699 5552 882 5599; x_wconf 83' lang='lat' dir='ltr'>mum</span> <span class='ocrx_word' id='word_1_272' title='bbox 934 5540 1119 5598; x_wconf 82' lang='lat' dir='ltr'>Joan.</span> <span class='ocrx_word' id='word_1_273' title='bbox 1177 5538 1243 5596; x_wconf 90' lang='lat' dir='ltr'>et</span> <span class='ocrx_word' id='word_1_274' title='bbox 1311 5539 1536 5596; x_wconf 92' lang='lat' dir='ltr'>contra</span> <span class='ocrx_word' id='word_1_275' title='bbox 1582 5532 1886 5614; x_wconf 87' lang='lat' dir='ltr'>antiquas</span> <span class='ocrx_word' id='word_1_276' title='bbox 1933 5530 2241 5592; x_wconf 75' lang='lat' dir='ltr'>haereses.</span> 
     </span>
    </p>
   </div>
   <div class='ocr_carea' id='block_1_4' title="bbox 2386 510 4043 589">
    <p class='ocr_par' dir='ltr' id='par_1_16' title="bbox 2386 510 4043 589">
     <span class='ocr_line' id='line_1_46' title="bbox 2386 510 4043 589; baseline 0.001 -19"><span class='ocrx_word' id='word_1_277' title='bbox 2386 510 2599 584; x_wconf 83' lang='lat' dir='ltr'>DiceS‚</span> <span class='ocrx_word' id='word_1_278' title='bbox 2673 510 3100 589; x_wconf 82' lang='lat' dir='ltr'>Philosophus</span> <span class='ocrx_word' id='word_1_279' title='bbox 3169 529 3393 588; x_wconf 80' lang='lat' dir='ltr'>supra,</span> <span class='ocrx_word' id='word_1_280' title='bbox 3478 510 3852 574; x_wconf 88' lang='lat' dir='ltr'>secundum</span> <span class='ocrx_word' id='word_1_281' title='bbox 4013 536 4043 579; x_wconf 60' lang='lat'>8</span> 
     </span>
    </p>
   </div>
   <div class='ocr_carea' id='block_1_5' title="bbox 2306 599 4162 817">
    <p class='ocr_par' dir='ltr' id='par_1_17' title="bbox 2306 599 4162 817">
     <span class='ocr_line' id='line_1_47' title="bbox 2306 599 4162 712; baseline 0.004 -26"><span class='ocrx_word' id='word_1_282' title='bbox 2306 641 2422 687; x_wconf 92' lang='lat' dir='ltr'>nos</span> <span class='ocrx_word' id='word_1_283' title='bbox 2466 631 2535 686; x_wconf 88' lang='lat' dir='ltr'>et</span> <span class='ocrx_word' id='word_1_284' title='bbox 2562 627 2933 689; x_wconf 89' lang='lat' dir='ltr'>secundum</span> <span class='ocrx_word' id='word_1_285' title='bbox 2985 629 3355 697; x_wconf 77' lang='lat' dir='ltr'>Ductorem,</span> <span class='ocrx_word' id='word_1_286' title='bbox 3393 629 3546 689; x_wconf 86' lang='lat' dir='ltr'>dicit</span> <span class='ocrx_word' id='word_1_287' title='bbox 3576 646 3705 689; x_wconf 77' lang='lat' dir='ltr'>esse</span> <span class='ocrx_word' id='word_1_288' title='bbox 3749 632 3848 687; x_wconf 77' lang='lat' dir='ltr'>in·</span> <span class='ocrx_word' id='word_1_289' title='bbox 3887 599 4162 712; x_wconf 47' lang='grc' dir='ltr'>Εέξξῗξῖὲῗΐ</span> 
     </span>
     <span class='ocr_line' id='line_1_48' title="bbox 2308 726 4112 817; baseline 0.003 -18"><span class='ocrx_word' id='word_1_290' title='bbox 2308 748 2619 817; x_wconf 76' lang='lat' dir='ltr'>quantum</span> <span class='ocrx_word' id='word_1_291' title='bbox 2650 760 2779 803; x_wconf 81' lang='lat' dir='ltr'>esse</span> <span class='ocrx_word' id='word_1_292' title='bbox 2808 743 3033 806; x_wconf 87' lang='lat' dir='ltr'>reduci</span> <span class='ocrx_word' id='word_1_293' title='bbox 3065 745 3128 804; x_wconf 92' lang='lat' dir='ltr'>in</span> <span class='ocrx_word' id='word_1_294' title='bbox 3162 760 3391 806; x_wconf 85' lang='lat' dir='ltr'>causas</span> <span class='ocrx_word' id='word_1_295' title='bbox 3420 744 3850 813; x_wconf 83' lang='lat' dir='ltr'>universales,</span> <span class='ocrx_word' id='word_1_296' title='bbox 3971 726 4112 788; x_wconf 61' lang='lat' dir='ltr'>1²¹²OE-</span> 
     </span>
    </p>
   </div>
   <div class='ocr_carea' id='block_1_6' title="bbox 2309 856 3858 935">
    <p class='ocr_par' dir='ltr' id='par_1_18' title="bbox 2309 856 3858 935">
     <span class='ocr_line' id='line_1_49' title="bbox 2309 856 3858 935; baseline 0.002 -21"><span class='ocrx_word' id='word_1_297' title='bbox 2309 856 2686 933; x_wconf 82' lang='lat' dir='ltr'>intelligens</span> <span class='ocrx_word' id='word_1_298' title='bbox 2735 858 3034 934; x_wconf 86' lang='lat' dir='ltr'>primam.</span> <span class='ocrx_word' id='word_1_299' title='bbox 3097 858 3580 935; x_wconf 83' lang='lat' dir='ltr'>Respondetur,</span> <span class='ocrx_word' id='word_1_300' title='bbox 3644 858 3858 919; x_wconf 83' lang='lat' dir='ltr'>diver-</span> 
     </span>
    </p>
   </div>
   <div class='ocr_carea' id='block_1_7' title="bbox 2311 974 4149 2920">
    <p class='ocr_par' dir='ltr' id='par_1_19' title="bbox 2311 974 3862 1054">
     <span class='ocr_line' id='line_1_50' title="bbox 2311 974 3862 1054; baseline 0.001 -22"><span class='ocrx_word' id='word_1_301' title='bbox 2311 987 2458 1033; x_wconf 91' lang='lat' dir='ltr'>sum</span> <span class='ocrx_word' id='word_1_302' title='bbox 2482 988 2631 1034; x_wconf 90' lang='lat' dir='ltr'>esse</span> <span class='ocrx_word' id='word_1_303' title='bbox 2677 974 3002 1034; x_wconf 88' lang='lat' dir='ltr'>intentum</span> <span class='ocrx_word' id='word_1_304' title='bbox 3031 974 3422 1053; x_wconf 83' lang='lat' dir='ltr'>Philosophi,</span> <span class='ocrx_word' id='word_1_305' title='bbox 3458 977 3610 1054; x_wconf 88' lang='lat' dir='ltr'>quia</span> <span class='ocrx_word' id='word_1_306' title='bbox 3641 975 3862 1052; x_wconf 90' lang='lat' dir='ltr'>loqui-</span> 
     </span>
    </p>

    <p class='ocr_par' dir='ltr' id='par_1_20' title="bbox 2314 1087 3867 1401">
     <span class='ocr_line' id='line_1_51' title="bbox 2316 1087 3862 1169; baseline 0.001 -21"><span class='ocrx_word' id='word_1_307' title='bbox 2316 1095 2418 1150; x_wconf 88' lang='lat' dir='ltr'>tur</span> <span class='ocrx_word' id='word_1_308' title='bbox 2460 1087 2537 1150; x_wconf 89' lang='lat' dir='ltr'>de</span> <span class='ocrx_word' id='word_1_309' title='bbox 2584 1106 2715 1150; x_wconf 83' lang='lat' dir='ltr'>esse</span> <span class='ocrx_word' id='word_1_310' title='bbox 2771 1093 3151 1166; x_wconf 75' lang='lat' dir='ltr'>inquantum</span> <span class='ocrx_word' id='word_1_311' title='bbox 3178 1109 3328 1167; x_wconf 81' lang='lat' dir='ltr'>esse,</span> <span class='ocrx_word' id='word_1_312' title='bbox 3365 1109 3444 1152; x_wconf 92' lang='lat' dir='ltr'>eo</span> <span class='ocrx_word' id='word_1_313' title='bbox 3494 1091 3692 1152; x_wconf 89' lang='lat' dir='ltr'>modo</span> <span class='ocrx_word' id='word_1_314' title='bbox 3727 1108 3862 1169; x_wconf 87' lang='lat' dir='ltr'>quo</span> 
     </span>
     <span class='ocr_line' id='line_1_52' title="bbox 2315 1206 3867 1270; baseline 0.001 -4"><span class='ocrx_word' id='word_1_315' title='bbox 2315 1206 2590 1268; x_wconf 77' lang='lat' dir='ltr'>effectus</span> <span class='ocrx_word' id='word_1_316' title='bbox 2661 1208 3049 1270; x_wconf 88' lang='lat' dir='ltr'>universalis</span> <span class='ocrx_word' id='word_1_317' title='bbox 3102 1207 3443 1270; x_wconf 90' lang='lat' dir='ltr'>reducitur</span> <span class='ocrx_word' id='word_1_318' title='bbox 3507 1209 3573 1269; x_wconf 92' lang='lat' dir='ltr'>in</span> <span class='ocrx_word' id='word_1_319' title='bbox 3633 1224 3867 1269; x_wconf 85' lang='lat' dir='ltr'>causas</span> 
     </span>
     <span class='ocr_line' id='line_1_53' title="bbox 2314 1322 3866 1401; baseline 0 -19"><span class='ocrx_word' id='word_1_320' title='bbox 2314 1322 2746 1394; x_wconf 81' lang='lat' dir='ltr'>universaleS,</span> <span class='ocrx_word' id='word_1_321' title='bbox 2781 1341 2910 1384; x_wconf 93' lang='lat' dir='ltr'>non</span> <span class='ocrx_word' id='word_1_322' title='bbox 2945 1323 3123 1401; x_wconf 91' lang='lat' dir='ltr'>quod</span> <span class='ocrx_word' id='word_1_323' title='bbox 3156 1323 3421 1401; x_wconf 83' lang='lat' dir='ltr'>praecise</span> <span class='ocrx_word' id='word_1_324' title='bbox 3458 1326 3579 1385; x_wconf 91' lang='lat' dir='ltr'>sub</span> <span class='ocrx_word' id='word_1_325' title='bbox 3609 1323 3866 1385; x_wconf 87' lang='lat' dir='ltr'>ratione</span> 
     </span>
    </p>

    <p class='ocr_par' dir='ltr' id='par_1_21' title="bbox 2315 1437 3869 1634">
     <span class='ocr_line' id='line_1_54' title="bbox 2315 1437 3869 1518; baseline -0.001 -20"><span class='ocrx_word' id='word_1_326' title='bbox 2315 1437 2422 1499; x_wconf 89' lang='lat' dir='ltr'>illa</span> <span class='ocrx_word' id='word_1_327' title='bbox 2454 1438 2804 1500; x_wconf 87' lang='lat' dir='ltr'>universali</span> <span class='ocrx_word' id='word_1_328' title='bbox 2836 1440 3193 1518; x_wconf 83' lang='lat' dir='ltr'>attingatur</span> <span class='ocrx_word' id='word_1_329' title='bbox 3236 1456 3272 1499; x_wconf 89' lang='lat' dir='ltr'>a</span> <span class='ocrx_word' id='word_1_330' title='bbox 3319 1455 3539 1512; x_wconf 85' lang='lat' dir='ltr'>causa,</span> <span class='ocrx_word' id='word_1_331' title='bbox 3598 1447 3668 1499; x_wconf 88' lang='lat' dir='ltr'>ut</span> <span class='ocrx_word' id='word_1_332' title='bbox 3712 1453 3869 1513; x_wconf 92' lang='lat' dir='ltr'>pro-</span> 
     </span>
     <span class='ocr_line' id='line_1_55' title="bbox 2320 1555 3866 1634; baseline -0.001 -18"><span class='ocrx_word' id='word_1_333' title='bbox 2320 1555 2579 1616; x_wconf 81' lang='lat' dir='ltr'>ducitur</span> <span class='ocrx_word' id='word_1_334' title='bbox 2628 1558 2689 1615; x_wconf 91' lang='lat' dir='ltr'>in</span> <span class='ocrx_word' id='word_1_335' title='bbox 2724 1556 2986 1628; x_wconf 82' lang='lat' dir='ltr'>effectu,</span> <span class='ocrx_word' id='word_1_336' title='bbox 3020 1555 3140 1618; x_wconf 87' lang='lat' dir='ltr'>sed</span> <span class='ocrx_word' id='word_1_337' title='bbox 3189 1562 3520 1634; x_wconf 89' lang='lat' dir='ltr'>quatenus</span> <span class='ocrx_word' id='word_1_338' title='bbox 3568 1558 3866 1634; x_wconf 84' lang='lat' dir='ltr'>assigne-</span> 
     </span>
    </p>

    <p class='ocr_par' dir='ltr' id='par_1_22' title="bbox 2319 1673 3869 1983">
     <span class='ocr_line' id='line_1_56' title="bbox 2320 1673 3868 1751; baseline 0 -18"><span class='ocrx_word' id='word_1_339' title='bbox 2320 1677 2423 1733; x_wconf 88' lang='lat' dir='ltr'>tur</span> <span class='ocrx_word' id='word_1_340' title='bbox 2480 1673 2934 1734; x_wconf 87' lang='lat' dir='ltr'>correlativum</span> <span class='ocrx_word' id='word_1_341' title='bbox 2993 1673 3409 1751; x_wconf 79' lang='lat' dir='ltr'>adaequatum</span> <span class='ocrx_word' id='word_1_342' title='bbox 3489 1674 3553 1733; x_wconf 91' lang='lat' dir='ltr'>in</span> <span class='ocrx_word' id='word_1_343' title='bbox 3614 1676 3868 1735; x_wconf 89' lang='lat' dir='ltr'>ratione</span> 
     </span>
     <span class='ocr_line' id='line_1_57' title="bbox 2320 1789 3866 1867; baseline 0.001 -19"><span class='ocrx_word' id='word_1_344' title='bbox 2320 1804 2530 1850; x_wconf 83' lang='lat' dir='ltr'>causae</span> <span class='ocrx_word' id='word_1_345' title='bbox 2554 1789 2910 1867; x_wconf 80' lang='lat' dir='ltr'>adaequatae</span> <span class='ocrx_word' id='word_1_346' title='bbox 2932 1791 3038 1851; x_wconf 87' lang='lat' dir='ltr'>tali</span> <span class='ocrx_word' id='word_1_347' title='bbox 3063 1790 3352 1853; x_wconf 82' lang='lat' dir='ltr'>effectui.</span> <span class='ocrx_word' id='word_1_348' title='bbox 3389 1789 3573 1851; x_wconf 87' lang='lat' dir='ltr'>Unde</span> <span class='ocrx_word' id='word_1_349' title='bbox 3598 1789 3866 1867; x_wconf 92' lang='lat' dir='ltr'>quando</span> 
     </span>
     <span class='ocr_line' id='line_1_58' title="bbox 2319 1905 3869 1983; baseline -0.001 -16"><span class='ocrx_word' id='word_1_350' title='bbox 2319 1906 2748 1983; x_wconf 88' lang='lat' dir='ltr'>Philosophus</span> <span class='ocrx_word' id='word_1_351' title='bbox 2795 1905 2952 1968; x_wconf 89' lang='lat' dir='ltr'>dicit</span> <span class='ocrx_word' id='word_1_352' title='bbox 3005 1924 3136 1970; x_wconf 81' lang='lat' dir='ltr'>esse</span> <span class='ocrx_word' id='word_1_353' title='bbox 3173 1908 3553 1983; x_wconf 77' lang='lat' dir='ltr'>inquantum</span> <span class='ocrx_word' id='word_1_354' title='bbox 3598 1923 3730 1968; x_wconf 84' lang='lat' dir='ltr'>esse</span> <span class='ocrx_word' id='word_1_355' title='bbox 3765 1921 3869 1966; x_wconf 87' lang='lat' dir='ltr'>re·</span> 
     </span>
    </p>

    <p class='ocr_par' dir='ltr' id='par_1_23' title="bbox 2321 2022 3873 2216">
     <span class='ocr_line' id='line_1_59' title="bbox 2323 2022 3869 2100; baseline 0.001 -19"><span class='ocrx_word' id='word_1_356' title='bbox 2323 2022 2473 2082; x_wconf 89' lang='lat' dir='ltr'>duci</span> <span class='ocrx_word' id='word_1_357' title='bbox 2502 2025 2570 2084; x_wconf 94' lang='lat' dir='ltr'>in</span> <span class='ocrx_word' id='word_1_358' title='bbox 2599 2038 2827 2084; x_wconf 84' lang='lat' dir='ltr'>causas</span> <span class='ocrx_word' id='word_1_359' title='bbox 2859 2027 2924 2083; x_wconf 85' lang='lat' dir='ltr'>et</span> <span class='ocrx_word' id='word_1_360' title='bbox 2955 2024 3273 2100; x_wconf 88' lang='lat' dir='ltr'>principia</span> <span class='ocrx_word' id='word_1_361' title='bbox 3305 2022 3572 2084; x_wconf 87' lang='lat' dir='ltr'>essendi</span> <span class='ocrx_word' id='word_1_362' title='bbox 3602 2023 3869 2084; x_wconf 89' lang='lat' dir='ltr'>univer·</span> 
     </span>
     <span class='ocr_line' id='line_1_60' title="bbox 2321 2137 3873 2216; baseline 0 -19"><span class='ocrx_word' id='word_1_363' title='bbox 2321 2137 2661 2207; x_wconf 86' lang='lat' dir='ltr'>salissima,</span> <span class='ocrx_word' id='word_1_364' title='bbox 2697 2140 2991 2216; x_wconf 83' lang='lat' dir='ltr'>quamvis</span> <span class='ocrx_word' id='word_1_365' title='bbox 3047 2139 3136 2200; x_wconf 90' lang='lat' dir='ltr'>ibi</span> <span class='ocrx_word' id='word_1_366' title='bbox 3182 2140 3493 2216; x_wconf 88' lang='lat' dir='ltr'>loquatur</span> <span class='ocrx_word' id='word_1_367' title='bbox 3549 2138 3632 2199; x_wconf 90' lang='lat' dir='ltr'>de</span> <span class='ocrx_word' id='word_1_368' title='bbox 3690 2143 3873 2208; x_wconf 89' lang='lat' dir='ltr'>ente,</span> 
     </span>
    </p>

    <p class='ocr_par' dir='ltr' id='par_1_24' title="bbox 2321 2254 4149 2920">
     <span class='ocr_line' id='line_1_61' title="bbox 2321 2254 3871 2335; baseline 0.003 -20"><span class='ocrx_word' id='word_1_369' title='bbox 2321 2254 2500 2332; x_wconf 89' lang='lat' dir='ltr'>quod</span> <span class='ocrx_word' id='word_1_370' title='bbox 2558 2260 2659 2316; x_wconf 89' lang='lat' dir='ltr'>est</span> <span class='ocrx_word' id='word_1_371' title='bbox 2709 2256 3045 2334; x_wconf 86' lang='lat' dir='ltr'>objectum</span> <span class='ocrx_word' id='word_1_372' title='bbox 3093 2257 3569 2335; x_wconf 82' lang='lat' dir='ltr'>Metaphysicae.</span> <span class='ocrx_word' id='word_1_373' title='bbox 3644 2256 3714 2335; x_wconf 86' lang='lat' dir='ltr'>ly</span> <span class='ocrx_word' id='word_1_374' title='bbox 3771 2258 3871 2319; x_wconf 80' lang='lat' dir='ltr'>in·</span> 
     </span>
     <span class='ocr_line' id='line_1_62' title="bbox 2325 2372 4103 2453; baseline 0 -22"><span class='ocrx_word' id='word_1_375' title='bbox 2325 2377 2658 2446; x_wconf 78' lang='lat' dir='ltr'>quantum,</span> <span class='ocrx_word' id='word_1_376' title='bbox 2711 2373 2987 2433; x_wconf 90' lang='lat' dir='ltr'>sumitur</span> <span class='ocrx_word' id='word_1_377' title='bbox 3023 2389 3156 2433; x_wconf 94' lang='lat' dir='ltr'>non</span> <span class='ocrx_word' id='word_1_378' title='bbox 3186 2372 3684 2449; x_wconf 87' lang='lat' dir='ltr'>reduplicative,</span> <span class='ocrx_word' id='word_1_379' title='bbox 3717 2372 3877 2450; x_wconf 89' lang='lat' dir='ltr'>quia</span> <span class='ocrx_word' id='word_1_380' title='bbox 4097 2448 4103 2453; x_wconf 26' lang='lat'><strong>¹</strong></span> 
     </span>
     <span class='ocr_line' id='line_1_63' title="bbox 2323 2448 4149 2573; baseline 0.001 -25"><span class='ocrx_word' id='word_1_381' title='bbox 2323 2489 2417 2548; x_wconf 90' lang='lat' dir='ltr'>sic</span> <span class='ocrx_word' id='word_1_382' title='bbox 2446 2485 2696 2548; x_wconf 88' lang='lat' dir='ltr'>faceret</span> <span class='ocrx_word' id='word_1_383' title='bbox 2723 2486 2959 2550; x_wconf 85' lang='lat' dir='ltr'>falsum</span> <span class='ocrx_word' id='word_1_384' title='bbox 2990 2505 3280 2559; x_wconf 88' lang='lat' dir='ltr'>sensum,</span> <span class='ocrx_word' id='word_1_385' title='bbox 3317 2490 3468 2566; x_wconf 89' lang='lat' dir='ltr'>quia</span> <span class='ocrx_word' id='word_1_386' title='bbox 3499 2494 3878 2550; x_wconf 83' lang='lat' dir='ltr'>sumeretur</span> <span class='ocrx_word' id='word_1_387' title='bbox 3934 2448 4149 2573; x_wconf 45' lang='lat' dir='ltr'>&lt;1¹33ssss</span> 
     </span>
     <span class='ocr_line' id='line_1_64' title="bbox 2327 2585 4138 2684; baseline 0.002 -21"><span class='ocrx_word' id='word_1_388' title='bbox 2327 2606 2678 2682; x_wconf 88' lang='lat' dir='ltr'>propositio</span> <span class='ocrx_word' id='word_1_389' title='bbox 2738 2608 3196 2670; x_wconf 88' lang='lat' dir='ltr'>universaliter</span> <span class='ocrx_word' id='word_1_390' title='bbox 3252 2624 3368 2684; x_wconf 92' lang='lat' dir='ltr'>pro</span> <span class='ocrx_word' id='word_1_391' title='bbox 3442 2608 3616 2667; x_wconf 88' lang='lat' dir='ltr'>omni</span> <span class='ocrx_word' id='word_1_392' title='bbox 3688 2613 3873 2675; x_wconf 86' lang='lat' dir='ltr'>ente,</span> <span class='ocrx_word' id='word_1_393' title='bbox 3959 2585 4138 2683; x_wconf 50' lang='grc' dir='ltr'>ρὲζῖἶῃδ</span> 
     </span>
     <span class='ocr_line' id='line_1_65' title="bbox 2327 2697 4102 2797; baseline -0.005 -7"><span class='ocrx_word' id='word_1_394' title='bbox 2327 2725 2392 2790; x_wconf 86' lang='lat' dir='ltr'>et</span> <span class='ocrx_word' id='word_1_395' title='bbox 2446 2740 2642 2787; x_wconf 91' lang='lat' dir='ltr'>omne</span> <span class='ocrx_word' id='word_1_396' title='bbox 2688 2740 2805 2785; x_wconf 89' lang='lat' dir='ltr'>ens</span> <span class='ocrx_word' id='word_1_397' title='bbox 2864 2730 3264 2797; x_wconf 84' lang='lat' dir='ltr'>causaretur,</span> <span class='ocrx_word' id='word_1_398' title='bbox 3316 2725 3512 2784; x_wconf 86' lang='lat' dir='ltr'>etiam</span> <span class='ocrx_word' id='word_1_399' title='bbox 3580 2725 3779 2794; x_wconf 67' lang='grc' dir='ltr'>θεας,</span> <span class='ocrx_word' id='word_1_400' title='bbox 3814 2726 3883 2783; x_wconf 90' lang='lat' dir='ltr'>et</span> <span class='ocrx_word' id='word_1_401' title='bbox 4001 2697 4102 2746; x_wconf 54' lang='grc' dir='ltr'>Μ·</span> 
     </span>
     <span class='ocr_line' id='line_1_66' title="bbox 2329 2840 3882 2920; baseline -0.005 -12"><span class='ocrx_word' id='word_1_402' title='bbox 2329 2846 2598 2908; x_wconf 89' lang='lat' dir='ltr'>daretur</span> <span class='ocrx_word' id='word_1_403' title='bbox 2653 2860 3007 2920; x_wconf 89' lang='lat' dir='ltr'>processus</span> <span class='ocrx_word' id='word_1_404' title='bbox 3048 2844 3114 2904; x_wconf 90' lang='lat' dir='ltr'>in</span> <span class='ocrx_word' id='word_1_405' title='bbox 3161 2842 3520 2914; x_wconf 81' lang='lat' dir='ltr'>infinitum3</span> <span class='ocrx_word' id='word_1_406' title='bbox 3591 2840 3713 2901; x_wconf 87' lang='lat' dir='ltr'>sed</span> <span class='ocrx_word' id='word_1_407' title='bbox 3771 2857 3882 2901; x_wconf 91' lang='lat' dir='ltr'>su·</span> 
     </span>
    </p>
   </div>
   <div class='ocr_carea' id='block_1_8' title="bbox 2331 2960 3884 3144">
    <p class='ocr_par' dir='ltr' id='par_1_25' title="bbox 2331 2960 3884 3144">
     <span class='ocr_line' id='line_1_67' title="bbox 2331 2960 3884 3039; baseline -0.006 -15"><span class='ocrx_word' id='word_1_408' title='bbox 2331 2965 2521 3024; x_wconf 88' lang='lat' dir='ltr'>mitur</span> <span class='ocrx_word' id='word_1_409' title='bbox 2562 2960 3027 3039; x_wconf 86' lang='lat' dir='ltr'>specificalive,</span> <span class='ocrx_word' id='word_1_410' title='bbox 3088 2976 3202 3036; x_wconf 92' lang='lat' dir='ltr'>pro</span> <span class='ocrx_word' id='word_1_411' title='bbox 3277 2966 3429 3019; x_wconf 90' lang='lat' dir='ltr'>ente</span> <span class='ocrx_word' id='word_1_412' title='bbox 3487 2962 3884 3035; x_wconf 87' lang='lat' dir='ltr'>inquantum</span> 
     </span>
     <span class='ocr_line' id='line_1_68' title="bbox 2333 3063 3880 3144; baseline -0.004 -16"><span class='ocrx_word' id='word_1_413' title='bbox 2333 3073 2434 3128; x_wconf 87' lang='lat' dir='ltr'>est</span> <span class='ocrx_word' id='word_1_414' title='bbox 2489 3067 2842 3138; x_wconf 85' lang='lat' dir='ltr'>causablle,</span> <span class='ocrx_word' id='word_1_415' title='bbox 2923 3066 3025 3126; x_wconf 86' lang='lat' dir='ltr'>vel</span> <span class='ocrx_word' id='word_1_416' title='bbox 3084 3064 3262 3144; x_wconf 88' lang='lat' dir='ltr'>quod</span> <span class='ocrx_word' id='word_1_417' title='bbox 3342 3070 3440 3126; x_wconf 86' lang='lat' dir='ltr'>est</span> <span class='ocrx_word' id='word_1_418' title='bbox 3522 3063 3880 3135; x_wconf 77' lang='lat' dir='ltr'>causabile,</span> 
     </span>
    </p>
   </div>
   <div class='ocr_carea' id='block_1_9' title="bbox 2332 3180 4164 5482">
    <p class='ocr_par' dir='ltr' id='par_1_26' title="bbox 2332 3180 3897 4999">
     <span class='ocr_line' id='line_1_69' title="bbox 2334 3180 3886 3266; baseline -0.003 -22"><span class='ocrx_word' id='word_1_419' title='bbox 2334 3186 2522 3266; x_wconf 76' lang='lat' dir='ltr'>cujus</span> <span class='ocrx_word' id='word_1_420' title='bbox 2568 3199 2762 3245; x_wconf 85' lang='lat' dir='ltr'>causa</span> <span class='ocrx_word' id='word_1_421' title='bbox 2815 3182 3181 3261; x_wconf 79' lang='lat' dir='ltr'>adaequata,</span> <span class='ocrx_word' id='word_1_422' title='bbox 3227 3180 3378 3242; x_wconf 89' lang='lat' dir='ltr'>licet</span> <span class='ocrx_word' id='word_1_423' title='bbox 3419 3196 3548 3241; x_wconf 89' lang='lat' dir='ltr'>non</span> <span class='ocrx_word' id='word_1_424' title='bbox 3593 3180 3886 3257; x_wconf 68' lang='lat' dir='ltr'>praecisa,</span> 
     </span>
     <span class='ocr_line' id='line_1_70' title="bbox 2332 3294 3889 3378; baseline -0.006 -14"><span class='ocrx_word' id='word_1_425' title='bbox 2332 3300 2417 3364; x_wconf 87' lang='lat' dir='ltr'>sit</span> <span class='ocrx_word' id='word_1_426' title='bbox 2462 3302 2667 3378; x_wconf 84' lang='lat' dir='ltr'>prima</span> <span class='ocrx_word' id='word_1_427' title='bbox 2718 3313 2940 3370; x_wconf 87' lang='lat' dir='ltr'>causa,</span> <span class='ocrx_word' id='word_1_428' title='bbox 2974 3312 3104 3358; x_wconf 93' lang='lat' dir='ltr'>non</span> <span class='ocrx_word' id='word_1_429' title='bbox 3152 3301 3371 3357; x_wconf 88' lang='lat' dir='ltr'>autem</span> <span class='ocrx_word' id='word_1_430' title='bbox 3425 3311 3618 3356; x_wconf 82' lang='lat' dir='ltr'>causa</span> <span class='ocrx_word' id='word_1_431' title='bbox 3664 3294 3889 3373; x_wconf 81' lang='lat' dir='ltr'>aliqua</span> 
     </span>
     <span class='ocr_line' id='line_1_71' title="bbox 2337 3411 3890 3493; baseline -0.005 -14"><span class='ocrx_word' id='word_1_432' title='bbox 2337 3417 2789 3488; x_wconf 89' lang='lat' dir='ltr'>determinata,</span> <span class='ocrx_word' id='word_1_433' title='bbox 2838 3433 2980 3493; x_wconf 58' lang='lat' dir='ltr'>quae</span> <span class='ocrx_word' id='word_1_434' title='bbox 3011 3414 3320 3474; x_wconf 88' lang='lat' dir='ltr'>limitatur</span> <span class='ocrx_word' id='word_1_435' title='bbox 3375 3428 3458 3472; x_wconf 83' lang='lat' dir='ltr'>ex</span> <span class='ocrx_word' id='word_1_436' title='bbox 3514 3411 3720 3473; x_wconf 86' lang='lat' dir='ltr'>forma</span> <span class='ocrx_word' id='word_1_437' title='bbox 3766 3428 3890 3472; x_wconf 82' lang='lat' dir='ltr'>sua</span> 
     </span>
     <span class='ocr_line' id='line_1_72' title="bbox 2338 3526 3890 3601; baseline -0.006 -7"><span class='ocrx_word' id='word_1_438' title='bbox 2338 3533 2421 3594; x_wconf 88' lang='lat' dir='ltr'>ad</span> <span class='ocrx_word' id='word_1_439' title='bbox 2453 3538 2667 3593; x_wconf 88' lang='lat' dir='ltr'>certos</span> <span class='ocrx_word' id='word_1_440' title='bbox 2700 3531 2977 3590; x_wconf 77' lang='lat' dir='ltr'>effectus</span> <span class='ocrx_word' id='word_1_441' title='bbox 3009 3535 3073 3588; x_wconf 88' lang='lat' dir='ltr'>et</span> <span class='ocrx_word' id='word_1_442' title='bbox 3131 3526 3630 3589; x_wconf 85' lang='lat' dir='ltr'>determinatos.</span> <span class='ocrx_word' id='word_1_443' title='bbox 3673 3527 3890 3601; x_wconf 86' lang='lat' dir='ltr'>Quili-</span> 
     </span>
     <span class='ocr_line' id='line_1_73' title="bbox 2339 3644 3889 3711; baseline -0.006 0"><span class='ocrx_word' id='word_1_444' title='bbox 2339 3650 2454 3711; x_wconf 87' lang='lat' dir='ltr'>bet</span> <span class='ocrx_word' id='word_1_445' title='bbox 2500 3654 2720 3709; x_wconf 87' lang='lat' dir='ltr'>autem</span> <span class='ocrx_word' id='word_1_446' title='bbox 2768 3647 3044 3707; x_wconf 83' lang='lat' dir='ltr'>effectus</span> <span class='ocrx_word' id='word_1_447' title='bbox 3102 3645 3450 3706; x_wconf 84' lang='lat' dir='ltr'>causabilis</span> <span class='ocrx_word' id='word_1_448' title='bbox 3509 3644 3889 3705; x_wconf 86' lang='lat' dir='ltr'>necessario</span> 
     </span>
     <span class='ocr_line' id='line_1_74' title="bbox 2341 3761 3888 3840; baseline -0.006 -12"><span class='ocrx_word' id='word_1_449' title='bbox 2341 3771 2441 3828; x_wconf 90' lang='lat' dir='ltr'>est</span> <span class='ocrx_word' id='word_1_450' title='bbox 2542 3781 2579 3824; x_wconf 86' lang='lat' dir='ltr'>a</span> <span class='ocrx_word' id='word_1_451' title='bbox 2679 3767 2835 3836; x_wconf 82' lang='lat' dir='ltr'>Dee,</span> <span class='ocrx_word' id='word_1_452' title='bbox 2924 3768 2989 3823; x_wconf 87' lang='lat' dir='ltr'>et</span> <span class='ocrx_word' id='word_1_453' title='bbox 3082 3762 3280 3840; x_wconf 84' lang='lat' dir='ltr'>aliqui</span> <span class='ocrx_word' id='word_1_454' title='bbox 3360 3777 3395 3821; x_wconf 94' lang='lat' dir='ltr'>a</span> <span class='ocrx_word' id='word_1_455' title='bbox 3479 3761 3619 3820; x_wconf 93' lang='lat' dir='ltr'>solo</span> <span class='ocrx_word' id='word_1_456' title='bbox 3723 3761 3888 3832; x_wconf 88' lang='lat' dir='ltr'>De0‚</span> 
     </span>
     <span class='ocr_line' id='line_1_75' title="bbox 2339 3877 3891 3959; baseline -0.006 -15"><span class='ocrx_word' id='word_1_457' title='bbox 2339 3882 2519 3944; x_wconf 92' lang='lat' dir='ltr'>unde</span> <span class='ocrx_word' id='word_1_458' title='bbox 2586 3880 2897 3959; x_wconf 85' lang='lat' dir='ltr'>adaequat</span> <span class='ocrx_word' id='word_1_459' title='bbox 2953 3879 3245 3955; x_wconf 90' lang='lat' dir='ltr'>potentia</span> <span class='ocrx_word' id='word_1_460' title='bbox 3295 3877 3440 3955; x_wconf 88' lang='lat' dir='ltr'>ejus</span> <span class='ocrx_word' id='word_1_461' title='bbox 3501 3882 3706 3936; x_wconf 91' lang='lat' dir='ltr'>totum</span> <span class='ocrx_word' id='word_1_462' title='bbox 3768 3891 3891 3935; x_wconf 89' lang='lat' dir='ltr'>ens</span> 
     </span>
     <span class='ocr_line' id='line_1_76' title="bbox 2342 3989 3891 4068; baseline -0.009 -9"><span class='ocrx_word' id='word_1_463' title='bbox 2342 3995 2696 4067; x_wconf 87' lang='lat' dir='ltr'>causabile,</span> <span class='ocrx_word' id='word_1_464' title='bbox 2752 3993 3125 4055; x_wconf 87' lang='lat' dir='ltr'>immediate</span> <span class='ocrx_word' id='word_1_465' title='bbox 3181 3989 3573 4068; x_wconf 78' lang='lat' dir='ltr'>attingendo</span> <span class='ocrx_word' id='word_1_466' title='bbox 3620 4004 3891 4048; x_wconf 86' lang='lat' dir='ltr'>omnem</span> 
     </span>
     <span class='ocr_line' id='line_1_77' title="bbox 2341 4107 3893 4188; baseline -0.008 -11"><span class='ocrx_word' id='word_1_467' title='bbox 2341 4117 2661 4177; x_wconf 87' lang='lat' dir='ltr'>rationem</span> <span class='ocrx_word' id='word_1_468' title='bbox 2721 4113 2889 4174; x_wconf 90' lang='lat' dir='ltr'>entis</span> <span class='ocrx_word' id='word_1_469' title='bbox 2935 4128 3052 4188; x_wconf 91' lang='lat' dir='ltr'>per</span> <span class='ocrx_word' id='word_1_470' title='bbox 3109 4125 3182 4168; x_wconf 88' lang='lat' dir='ltr'>se</span> <span class='ocrx_word' id='word_1_471' title='bbox 3243 4114 3307 4168; x_wconf 88' lang='lat' dir='ltr'>et</span> <span class='ocrx_word' id='word_1_472' title='bbox 3359 4107 3671 4179; x_wconf 78' lang='lat' dir='ltr'>mediate,</span> <span class='ocrx_word' id='word_1_473' title='bbox 3735 4107 3893 4184; x_wconf 78' lang='lat' dir='ltr'>quia</span> 
     </span>
     <span class='ocr_line' id='line_1_78' title="bbox 2345 4222 3897 4310; baseline -0.008 -17"><span class='ocrx_word' id='word_1_474' title='bbox 2345 4232 2648 4310; x_wconf 61' lang='lat' dir='ltr'>quaelibet</span> <span class='ocrx_word' id='word_1_475' title='bbox 2702 4230 2824 4290; x_wconf 90' lang='lat' dir='ltr'>alia</span> <span class='ocrx_word' id='word_1_476' title='bbox 2884 4242 3083 4288; x_wconf 90' lang='lat' dir='ltr'>causa</span> <span class='ocrx_word' id='word_1_477' title='bbox 3153 4228 3256 4285; x_wconf 86' lang='lat' dir='ltr'>est</span> <span class='ocrx_word' id='word_1_478' title='bbox 3303 4222 3711 4300; x_wconf 87' lang='lat' dir='ltr'>participatio</span> <span class='ocrx_word' id='word_1_479' title='bbox 3760 4238 3897 4281; x_wconf 74' lang='lat' dir='ltr'>suae</span> 
     </span>
     <span class='ocr_line' id='line_1_79' title="bbox 2344 4338 3895 4419; baseline -0.007 -11"><span class='ocrx_word' id='word_1_480' title='bbox 2344 4347 2591 4410; x_wconf 88' lang='lat' dir='ltr'>virtutis</span> <span class='ocrx_word' id='word_1_481' title='bbox 2639 4346 2706 4406; x_wconf 91' lang='lat' dir='ltr'>in</span> <span class='ocrx_word' id='word_1_482' title='bbox 2764 4351 2912 4404; x_wconf 85' lang='lat' dir='ltr'>actu</span> <span class='ocrx_word' id='word_1_483' title='bbox 2969 4342 3219 4419; x_wconf 88' lang='lat' dir='ltr'>primo;</span> <span class='ocrx_word' id='word_1_484' title='bbox 3281 4342 3346 4400; x_wconf 91' lang='lat' dir='ltr'>in</span> <span class='ocrx_word' id='word_1_485' title='bbox 3392 4345 3538 4399; x_wconf 90' lang='lat' dir='ltr'>actu</span> <span class='ocrx_word' id='word_1_486' title='bbox 3594 4338 3895 4397; x_wconf 90' lang='lat' dir='ltr'>secundo</span> 
     </span>
     <span class='ocr_line' id='line_1_80' title="bbox 2345 4459 3897 4543; baseline -0.006 -14"><span class='ocrx_word' id='word_1_487' title='bbox 2345 4473 2561 4529; x_wconf 84' lang='lat' dir='ltr'>autern</span> <span class='ocrx_word' id='word_1_488' title='bbox 2614 4468 2814 4543; x_wconf 83' lang='lat' dir='ltr'>exigit</span> <span class='ocrx_word' id='word_1_489' title='bbox 2872 4464 3018 4542; x_wconf 86' lang='lat' dir='ltr'>ejus</span> <span class='ocrx_word' id='word_1_490' title='bbox 3076 4477 3492 4531; x_wconf 86' lang='lat' dir='ltr'>concursum,</span> <span class='ocrx_word' id='word_1_491' title='bbox 3571 4467 3635 4520; x_wconf 84' lang='lat' dir='ltr'>et</span> <span class='ocrx_word' id='word_1_492' title='bbox 3689 4459 3897 4520; x_wconf 79' lang='lat' dir='ltr'>series</span> 
     </span>
     <span class='ocr_line' id='line_1_81' title="bbox 2346 4575 3888 4652; baseline -0.008 -7"><span class='ocrx_word' id='word_1_493' title='bbox 2346 4585 2640 4645; x_wconf 87' lang='lat' dir='ltr'>omnium</span> <span class='ocrx_word' id='word_1_494' title='bbox 2700 4596 3043 4642; x_wconf 71' lang='lat' dir='ltr'>causarum</span> <span class='ocrx_word' id='word_1_495' title='bbox 3103 4578 3186 4640; x_wconf 89' lang='lat' dir='ltr'>ad</span> <span class='ocrx_word' id='word_1_496' title='bbox 3257 4578 3472 4652; x_wconf 90' lang='lat' dir='ltr'>ipsum</span> <span class='ocrx_word' id='word_1_497' title='bbox 3531 4575 3888 4646; x_wconf 87' lang='lat' dir='ltr'>reducitur,</span> 
     </span>
     <span class='ocr_line' id='line_1_82' title="bbox 2346 4693 3892 4778; baseline -0.009 -15"><span class='ocrx_word' id='word_1_498' title='bbox 2346 4704 2413 4764; x_wconf 92' lang='lat' dir='ltr'>in</span> <span class='ocrx_word' id='word_1_499' title='bbox 2446 4718 2576 4778; x_wconf 92' lang='lat' dir='ltr'>quo</span> <span class='ocrx_word' id='word_1_500' title='bbox 2634 4701 2772 4761; x_wconf 92' lang='lat' dir='ltr'>solo</span> <span class='ocrx_word' id='word_1_501' title='bbox 2824 4705 2923 4760; x_wconf 88' lang='lat' dir='ltr'>est</span> <span class='ocrx_word' id='word_1_502' title='bbox 2979 4703 3209 4758; x_wconf 78' lang='lat' dir='ltr'>status,</span> <span class='ocrx_word' id='word_1_503' title='bbox 3259 4693 3360 4756; x_wconf 82' lang='lat' dir='ltr'>Ad</span> <span class='ocrx_word' id='word_1_504' title='bbox 3407 4696 3579 4755; x_wconf 91' lang='lat' dir='ltr'>hunc</span> <span class='ocrx_word' id='word_1_505' title='bbox 3620 4708 3892 4753; x_wconf 90' lang='lat' dir='ltr'>sensum</span> 
     </span>
     <span class='ocr_line' id='line_1_83' title="bbox 2349 4811 3892 4891; baseline -0.007 -13"><span class='ocrx_word' id='word_1_506' title='bbox 2349 4817 2683 4879; x_wconf 88' lang='lat' dir='ltr'>reducitur</span> <span class='ocrx_word' id='word_1_507' title='bbox 2709 4816 2816 4875; x_wconf 89' lang='lat' dir='ltr'>illa</span> <span class='ocrx_word' id='word_1_508' title='bbox 2864 4812 3223 4891; x_wconf 88' lang='lat' dir='ltr'>propositio</span> <span class='ocrx_word' id='word_1_509' title='bbox 3268 4813 3345 4872; x_wconf 80' lang='lat' dir='ltr'>de</span> <span class='ocrx_word' id='word_1_510' title='bbox 3391 4811 3632 4882; x_wconf 75' lang='lat' dir='ltr'>Causis,</span> <span class='ocrx_word' id='word_1_511' title='bbox 3692 4826 3892 4886; x_wconf 84' lang='lat' dir='ltr'>quam</span> 
     </span>
     <span class='ocr_line' id='line_1_84' title="bbox 2349 4932 3270 4999; baseline -0.009 0"><span class='ocrx_word' id='word_1_512' title='bbox 2349 4942 2615 4999; x_wconf 88' lang='lat' dir='ltr'>sanctus</span> <span class='ocrx_word' id='word_1_513' title='bbox 2657 4936 2937 4996; x_wconf 80' lang='lat' dir='ltr'>Thomas</span> <span class='ocrx_word' id='word_1_514' title='bbox 2980 4932 3270 4993; x_wconf 85' lang='lat' dir='ltr'>adducit.</span> 
     </span>
    </p>

    <p class='ocr_par' dir='ltr' id='par_1_27' title="bbox 2349 5045 4164 5482">
     <span class='ocr_line' id='line_1_85' title="bbox 2427 5045 4076 5127; baseline -0.006 -14"><span class='ocrx_word' id='word_1_515' title='bbox 2427 5052 2712 5114; x_wconf 88' lang='lat' dir='ltr'>Tertium</span> <span class='ocrx_word' id='word_1_516' title='bbox 2772 5047 2950 5127; x_wconf 91' lang='lat' dir='ltr'>quod</span> <span class='ocrx_word' id='word_1_517' title='bbox 3020 5046 3327 5126; x_wconf 87' lang='lat' dir='ltr'>adjungit</span> <span class='ocrx_word' id='word_1_518' title='bbox 3355 5045 3758 5124; x_wconf 81' lang='lat' dir='ltr'>cajetanus:</span> <span class='ocrx_word' id='word_1_519' title='bbox 3815 5061 3896 5105; x_wconf 83' lang='lat' dir='ltr'>ex</span> <span class='ocrx_word' id='word_1_520' title='bbox 4037 5079 4076 5126; x_wconf 39' lang='lat'>9·</span> 
     </span>
     <span class='ocr_line' id='line_1_86' title="bbox 2349 5143 4164 5264; baseline -0.006 -35"><span class='ocrx_word' id='word_1_521' title='bbox 2349 5170 2689 5231; x_wconf 76' lang='lat' dir='ltr'>identitate</span> <span class='ocrx_word' id='word_1_522' title='bbox 2720 5167 2964 5228; x_wconf 88' lang='lat' dir='ltr'>scilicet</span> <span class='ocrx_word' id='word_1_523' title='bbox 2989 5165 3240 5225; x_wconf 89' lang='lat' dir='ltr'>termini</span> <span class='ocrx_word' id='word_1_524' title='bbox 3273 5163 3617 5223; x_wconf 86' lang='lat' dir='ltr'>creationis</span> <span class='ocrx_word' id='word_1_525' title='bbox 3661 5161 3746 5222; x_wconf 90' lang='lat' dir='ltr'>ad</span> <span class='ocrx_word' id='word_1_526' title='bbox 3777 5178 3896 5222; x_wconf 87' lang='lat' dir='ltr'>ens</span> <span class='ocrx_word' id='word_1_527' title='bbox 3947 5143 4164 5264; x_wconf 42' lang='grc' dir='ltr'>ξξζξξὲξζῗ</span> 
     </span>
     <span class='ocr_line' id='line_1_87' title="bbox 2355 5274 4091 5355; baseline -0.008 -7"><span class='ocrx_word' id='word_1_528' title='bbox 2355 5285 2876 5355; x_wconf 86' lang='lat' dir='ltr'>determinatum,</span> <span class='ocrx_word' id='word_1_529' title='bbox 2965 5284 3144 5341; x_wconf 88' lang='lat' dir='ltr'>recte</span> <span class='ocrx_word' id='word_1_530' title='bbox 3223 5278 3483 5353; x_wconf 90' lang='lat' dir='ltr'>probari</span> <span class='ocrx_word' id='word_1_531' title='bbox 3543 5283 3610 5337; x_wconf 85' lang='lat' dir='ltr'>et</span> <span class='ocrx_word' id='word_1_532' title='bbox 3677 5280 3890 5354; x_wconf 88' lang='lat' dir='ltr'>sequi,</span> <span class='ocrx_word' id='word_1_533' title='bbox 4007 5274 4091 5314; x_wconf 62' lang='lat'>&#39;¹¹‘-</span> 
     </span>
     <span class='ocr_line' id='line_1_88' title="bbox 2356 5396 3894 5482; baseline -0.008 -18"><span class='ocrx_word' id='word_1_534' title='bbox 2356 5402 2536 5482; x_wconf 86' lang='lat' dir='ltr'>quod</span> <span class='ocrx_word' id='word_1_535' title='bbox 2586 5406 2886 5463; x_wconf 84' lang='lat' dir='ltr'>creatura</span> <span class='ocrx_word' id='word_1_536' title='bbox 2929 5412 3062 5459; x_wconf 93' lang='lat' dir='ltr'>non</span> <span class='ocrx_word' id='word_1_537' title='bbox 3121 5396 3328 5474; x_wconf 89' lang='lat' dir='ltr'>possit</span> <span class='ocrx_word' id='word_1_538' title='bbox 3401 5409 3667 5466; x_wconf 88' lang='lat' dir='ltr'>creare;</span> <span class='ocrx_word' id='word_1_539' title='bbox 3740 5397 3894 5470; x_wconf 89' lang='lat' dir='ltr'>peto</span> 
     </span>
    </p>
   </div>
   <div class='ocr_carea' id='block_1_10' title="bbox 2356 5509 3894 5589">
    <p class='ocr_par' dir='ltr' id='par_1_28' title="bbox 2356 5509 3894 5589">
     <span class='ocr_line' id='line_1_89' title="bbox 2356 5509 3894 5589; baseline -0.008 -8"><span class='ocrx_word' id='word_1_540' title='bbox 2356 5519 2535 5582; x_wconf 90' lang='lat' dir='ltr'>unde</span> <span class='ocrx_word' id='word_1_541' title='bbox 2597 5518 2664 5580; x_wconf 90' lang='lat' dir='ltr'>id</span> <span class='ocrx_word' id='word_1_542' title='bbox 2747 5515 3120 5589; x_wconf 83' lang='lat' dir='ltr'>sequatur?</span> <span class='ocrx_word' id='word_1_543' title='bbox 3188 5525 3321 5573; x_wconf 90' lang='lat' dir='ltr'>non</span> <span class='ocrx_word' id='word_1_544' title='bbox 3393 5509 3682 5584; x_wconf 85' lang='lat' dir='ltr'>aliunde,</span> <span class='ocrx_word' id='word_1_545' title='bbox 3772 5509 3894 5570; x_wconf 89' lang='lat' dir='ltr'>nisi</span> 
     </span>
    </p>
   </div>
   <div class='ocr_carea' id='block_1_11' title="bbox 4178 122 4241 6080">
    <p class='ocr_par' dir='ltr' id='par_1_29' title="bbox 4178 122 4241 6080">
     <span class='ocr_line' id='line_1_90' title="bbox 4178 122 4241 6080; baseline 0 0"><span class='ocrx_word' id='word_1_546' title='bbox 4178 122 4241 6080; x_wconf 95' lang='lat' dir='ltr'> </span> 
     </span>
    </p>
   </div>
  </div>
 </body>
</html>
