4255 6375
1624 389 1819 452 DlST.
1871 390 1916 451 1.
1951 390 2318 466 QUAES'rlo
2355 396 2394 453 l.

372 553 662 631 propria,
697 558 762 615 et
793 553 1181 631 principium
1235 551 1380 631 ejus
1422 553 1486 613 in
1534 552 1926 613 instrumen-

370 671 435 730 to
474 685 551 730 ex
586 678 813 732 natura
846 671 940 731 rei
984 670 1525 747 praerequisitum.

450 785 528 845 Et
592 786 646 845 si
725 786 886 847 ratio
960 786 1315 847 reducatur
1390 784 1471 845 ad
1545 784 1924 861 exemplum

368 904 783 977 propositum
828 918 865 961 a
911 904 985 962 D.
1047 903 1316 971 Thema,
1392 901 1474 963 de
1546 902 1758 964 securi
1816 918 1920 962 re-

371 1016 607 1094 quisita
659 1016 740 1076 ad
800 1017 1155 1079 dolendum
1211 1019 1411 1097 ligna,
1453 1022 1528 1078 ut
1569 1018 1923 1093 disponan-

375 1138 480 1195 tur
537 1132 623 1193 ad
681 1131 956 1196 formam
1040 1134 1438 1197 artificialem
1506 1137 1753 1196 scamni
1814 1138 1925 1194 aut

374 1263 564 1320 arcae,
611 1266 756 1327 qua}
794 1254 1025 1328 nequit
1078 1252 1142 1312 in
1183 1251 1327 1312 rudi
1381 1252 1646 1312 materia
1699 1249 1924 1311 induci

374 1380 498 1439 per
555 1364 890 1437 artificem,
959 1367 1109 1445 quia
1163 1371 1337 1430 coire
1392 1383 1523 1426 non
1584 1372 1805 1446 potest
1860 1368 1925 1428 in

379 1478 809 1555 dispositione
836 1482 943 1543 tali
987 1480 1069 1541 ad
1103 1500 1493 1562 compagem
1543 1482 1925 1560 requisitam

377 1592 668 1659 artificii:
730 1596 855 1656 hoc
908 1596 1084 1658 idem
1130 1599 1408 1673 probare
1459 1605 1522 1660 el
1582 1599 1925 1661 intendere

380 1718 658 1784 constat,
767 1731 925 1794 ergo
1024 1731 1157 1777 non
1252 1718 1528 1779 conteret
1626 1720 1927 1780 doctrinae

376 1831 454 1889 D.
527 1831 810 1901 Thomae,
894 1835 1398 1897 instrumentum
1471 1835 1928 1897 universaliter

368 1963 506 2007 non
576 1946 823 2009 habere
905 1952 1232 2012 actionem
1310 1952 1758 2029 dispositivam
1843 1951 1926 2013 ad

373 2062 684 2124 effectum
740 2067 1000 2144 agentis
1071 2067 1444 2145 principalis
1517 2086 1594 2130 ex
1665 2070 1927 2148 propria

371 2173 610 2253 forma,
648 2195 722 2239 ac
767 2180 1045 2257 proinde
1089 2184 1327 2244 melius
1372 2185 1613 2246 Doctor
1654 2187 1929 2265 explicat

374 2293 554 2356 illam
616 2297 1133 2372 propositionem
1194 2299 1364 2378 ejuS,
1424 2318 1621 2380 quam
1678 2300 1931 2379 praefati

380 2407 608 2486 quoad
677 2427 965 2486 sensum,
1042 2432 1172 2493 quo
1240 2433 1390 2477 vera
1466 2433 1613 2478 esse
1677 2423 1928 2495 posset,

387 2530 686 2602 quamvis
730 2545 858 2590 nec
905 2534 998 2594 sic
1041 2529 1233 2596 infert
1294 2538 1636 2599 intentum.

466 2642 774 2705 Secundo
823 2646 1237 2711 confundunt
1281 2651 1642 2716 doctrinam
1690 2654 1773 2714 de
1834 2655 1928 2716 in-

386 2761 788 2833 strumentis,
853 2768 1038 2842 quasi
1104 2769 1562 2831 universaliter
1621 2770 1798 2831 idem
1857 2773 1939 2833 sit

383 2874 624 2936 modus
654 2880 970 2954 operandi
999 2888 1289 2947 omnium
1329 2887 1933 2959 instrumentorum,

390 3006 534 3067 qua}
618 3011 703 3056 ne
782 2997 1061 3060 univoce
1154 3001 1423 3078 quidem
1512 3003 1932 3075 conveniunt,

388 3124 613 3187 neque
688 3115 1059 3177 secundum
1117 3118 1428 3180 eumdem
1494 3120 1764 3181 modum
1837 3120 1937 3181 di-

391 3234 623 3289 cuntur
691 3231 1142 3299 instrumenta.

148 2727 234 2777 25.

1244 3237 1690 3316 propriissime
1764 3238 1936 3300 enim

391 3339 698 3405 dicuntur
765 3349 1197 3411 instrumenta
1269 3353 1560 3431 physica,
1636 3371 1714 3415 ea
1786 3368 1936 3431 quae

84 3514 302 3580 Duplex
392 3464 545 3519 sunt
615 3466 788 3534 artis,
866 3466 987 3527 alia
1071 3484 1190 3544 per
1260 3470 1754 3546 proportionem
1857 3467 1937 3528 ad

34 3591 371 3689 affinga->-
397 3573 556 3650 haec,
588 3580 743 3655 quia
799 3585 953 3643 artis
1000 3584 1438 3647 instrumenta
1494 3588 1742 3648 habent
1780 3589 1938 3648 sub·

114 3717 309 3814 {ux-Qu
389 3690 877 3757 ordinationem
962 3699 1046 3761 ad
1144 3702 1499 3779 principale
1581 3718 1813 3784 agenS,
1907 3718 1941 3760 a

30 3824 374 3898 acceptioip-
398 3826 527 3887 quo
609 3814 930 3890 recipiunt
1023 3819 1414 3897 principium
1501 3821 1796 3894 actioniS,
1881 3827 1945 3881 et

31 3894 351 3940 strumenn.
398 3924 606 4000 ipsam
652 3929 1001 4005 actionem,
1045 3950 1286 4011 nempe
1342 3943 1611 4008 motum,
1655 3938 1804 4014 quia
1850 3936 1940 3998 in·

397 4045 766 4105 strumento
821 4057 1213 4125 cooperatur
1254 4053 1319 4111 in
1364 4055 1653 4115 motione
1708 4051 1945 4113 actuali

396 4154 481 4215 ad
538 4172 1029 4239 quemcumque
1085 4164 1396 4226 effectum
1458 4167 1738 4247 attingit.
1795 4168 1944 4228 Haec

400 4268 531 4330 duo
605 4274 668 4333 in
736 4275 873 4336 aliis
929 4278 1377 4343 instrumentis
1428 4283 1618 4342 simul
1672 4298 1805 4343 non
1851 4282 1944 4341 in-

397 4388 775 4464 veniuntur,
841 4393 963 4455 sed
1023 4398 1395 4472 separatim,
1454 4402 1521 4458 et
1576 4397 1944 4460 secundum

77 4525 335 4597 50an
399 4507 922 4582 proportionem,
956 4513 1029 4570 ut
1070 4511 1136 4571 in
1186 4528 1380 4572 causa
1426 4513 1742 4584 secunda,
1795 4528 1943 4590 quae

45 4596 642 4722 inffig'nssicitur
709 4626 1221 4691 instrumentum
1276 4632 1418 4704 Dei,
1497 4637 1563 4692 et
1631 4632 1867 4709 recipit
1910 4649 1946 4692 a

402 4737 539 4798 Deo
597 4741 902 4801 virtutem
963 4760 1111 4804 cum
1156 4748 1448 4820 entitate,
1508 4763 1705 4826 quam
1747 4747 1950 4809 habet

398 4853 465 4914 in
507 4871 656 4917 esse
703 4859 951 4935 quiete,
994 4864 1076 4921 'et
1128 4877 1211 4922 ex
1268 4865 1525 4940 propria
1595 4863 1827 4940 forma,
1880 4868 1949 4928 in

402 4987 532 5050 quo
584 4971 803 5034 differt
865 4976 945 5036 ab
1003 4976 1443 5041 instrumento
1493 4980 1700 5056 primo
1749 4980 1945 5042 modo

398 5094 690 5166 sumpt0‚
765 5093 955 5171 cujus
999 5098 1201 5157 virtus
1256 5102 1358 5158 est
1416 5096 1844 5173 superaddita
1885 5098 1951 5159 in

399 5204 540 5281 ipsa
592 5207 828 5270 actuali
874 5212 1206 5284 motione;
1258 5219 1321 5274 et
1379 5216 1704 5274 concurrit
1758 5213 1951 5273 etiam

402 5320 581 5380 Deus
630 5338 779 5382 cum
829 5341 1025 5386 causa
1069 5326 1366 5389 secunda
1414 5329 1480 5388 in
1525 5329 1661 5406 ipsa
1718 5329 1955 5389 actuali

404 5439 816 5514 operatione,
870 5443 992 5505 sed
1052 5445 1239 5506 aliter
1301 5461 1497 5524 quam
1556 5444 1953 5522 principalis,

407 5568 558 5614 cum
604 5556 1038 5623 instrumento
1094 5563 1274 5638 artis,
1326 5564 1477 5642 quia
1525 5563 1660 5623 haec
1707 5579 1825 5640 per
1870 5565 1963 5623 in·

540 5650 691 5705 Tom,
724 5654 867 5708 XVI.

3506 394 3584 454 33

2031 552 2279 615 fluxum
2318 554 2695 617 immediate
2744 557 3139 633 impressum
3183 558 3579 619 instrumen-

2037 675 2099 730 to
2160 672 2418 749 attingit
2477 672 2816 747 effectum,
2886 676 3317 735 instrumento
3400 668 3578 732 defe-

2034 790 2223 847 rente
2285 786 2598 849 inssuxum
2675 788 2757 850 ad
2823 803 3111 867 passum,
3171 794 3243 849 ut
3313 786 3578 864 quando

2033 919 2269 964 manus
2349 905 2683 966 mediante
2766 908 3013 967 calamo
3087 906 3331 968 scribit.
3410 906 3583 965 Deus

2035 1024 2259 1081 autern
2323 1038 2468 1081 cum
2529 1038 2725 1082 causa
2789 1022 3083 1084 secunda
3147 1038 3382 1101 agens,
3450 1038 3585 1083 non

2036 1135 2240 1198 influit
2309 1139 2372 1198 in
2427 1139 2657 1215 ipsam,
2719 1138 2838 1200 sed
2913 1142 3130 1217 coegit
3190 1138 3260 1199 in
3317 1156 3586 1216 passum

2035 1252 2436 1326 immediate,
2484 1271 2605 1315 seu
2656 1254 2737 1315 ad
2793 1256 3125 1317 effectum.
3175 1258 3247 1316 Et
3302 1255 3406 1315 hic
3451 1272 3584 1316 ser-

2035 1374 2226 1430 vatur
2284 1370 2495 1448 major
2552 1372 2884 1449 proportio
2929 1371 3013 1433 ad
3073 1373 3585 1432 instrumentum

2038 1487 2322 1563 proprie,
2400 1505 2532 1548 non
2611 1493 2831 1549 tamen
2908 1487 3263 1550 similitudo
3336 1486 3581 1559 formae,

2038 1607 2152 1665 aut
2195 1603 2374 1666 modi
2417 1606 2784 1666 secundum
2828 1605 3381 1666 univocationem,

2115 1722 2330 1781 Tertio
2366 1719 2555 1781 modo
2591 1720 2950 1782 accidentia
2999 1725 3203 1799 agunt
3244 1723 3309 1782 in
3350 1721 3585 1782 virtute
3675 1724 3848 1794 'ret-tia

2038 1834 2436 1905 substantias,
2482 1832 2893 1911 disponendo
2955 1834 3038 1895 ad
3097 1834 3369 1895 formam
3427 1836 3584 1895 sub·
3649 1792 3898 1854 nccepno.

2038 1950 2429 2009 stantialem.
2480 1950 2588 2009 llic
2620 1950 2947 2011 invenitur
2996 1954 3242 2011 tantum
3284 1948 3589 2012 subordi-

2040 2065 2214 2126 natio
2249 2066 2520 2126 actionis
2551 2063 2634 2125 ad
2666 2070 3015 2136 actionem,
3051 2071 3116 2126 et
3148 2065 3595 2142 dependentia

2041 2179 2267 2242 forma}
2303 2181 2727 2243 accidentalis
2759 2182 2842 2244 ad
2873 2182 3331 2255 substantiam,
3364 2183 3431 2243 in
3463 2199 3593 2259 qua

2044 2302 2167 2370 est,
2228 2303 2292 2358 et
2349 2317 2383 2358 a
2444 2315 2574 2375 qua
2627 2304 2887 2359 emanat
2936 2300 3077 2359 sine
3131 2315 3477 2371 concursu,
3533 2302 3599 2359 et

2042 2414 2335 2477 motione
2366 2415 2599 2475 actuali
2631 2415 3007 2476 substantiae
3039 2418 3350 2491 respectu
3382 2414 3600 2493 dispo·

2042 2530 2293 2589 sitionis
2323 2530 2641 2603 inductze;
2690 2530 2901 2592 minor
2931 2547 3090 2609 ergo
3136 2532 3468 2608 proportio
3512 2528 3599 2590 ad

2043 2642 2550 2706 instrumentum
2595 2645 2855 2721 proprie
2892 2645 3163 2706 dictum.

2127 2762 2367 2836 Quarto
2443 2761 2675 2823 dicitur
2733 2758 3259 2833 instrumentum,
3330 2761 3593 2840 quando
3689 2777 3888 2848 Quarta

2049 2894 2080 2937 a
2117 2880 2328 2939 causis
2361 2877 2580 2940 liberis
2613 2880 3021 2956 applicantur
3056 2881 3263 2940 activa
3298 2878 3594 2955 passiviS,
3652 2845 3902 2905 acceptio.

2049 2991 2134 3052 ad
2181 2991 2376 3054 finem
2427 2993 2692 3054 alterius
2734 2992 3009 3053 effectus
3041 2992 3121 3052 ab
3155 2991 3310 3067 ipsis
3344 2992 3596 3065 intenti,

2049 3115 2119 3170 ut
2162 3107 2444 3169 artifices
2488 3108 2840 3185 applicant,
2877 3108 3018 3168 talis
3063 3110 3163 3167 est
3204 3108 3403 3168 virtus
3433 3105 3602 3185 ignis

2049 3227 2117 3286 in
2191 3225 2640 3302 excoquendis
2702 3228 2768 3284 et
2817 3222 3229 3286 macerandis
3280 3222 3597 3295 metallis;

2051 3341 2156 3403 liic
2203 3346 2423 3402 autem
2472 3341 2684 3400 minus
2735 3344 3033 3399 servatur
3085 3338 3454 3416 proprietas
3502 3335 3599 3395 in-

2050 3456 2421 3526 strumenti,
2462 3454 2612 3530 quia
2647 3468 2768 3512 nec
2799 3452 2969 3530 ignis
3013 3452 3077 3510 in
3124 3451 3358 3510 virtute
3402 3446 3606 3525 appli-

2055 3574 2259 3634 cantis
2316 3579 2650 3650 operatur,
2707 3584 2924 3648 neque
2978 3567 3214 3645 recipit
3255 3563 3459 3627 ullum
3503 3567 3599 3624 in-

2051 3687 2321 3760 fluxum,
2356 3705 2481 3749 nec
2512 3692 2678 3749 actio
2713 3685 2858 3764 ejus
2891 3683 3106 3745 eidem
3140 3681 3607 3744 subordinatur

2056 3821 2136 3865 ex
2169 3811 2402 3865 natura
2447 3804 2562 3875 rei,
2596 3800 2719 3862 sed
2753 3805 3003 3862 tantum
3037 3801 3189 3876 quia
3220 3799 3420 3858 utitur
3459 3797 3605 3876 ejus

2055 3922 2313 3982 actione
2346 3919 2425 3980 ad
2459 3919 2659 3980 alium
2699 3917 3006 3978 effectum
3048 3916 3397 3986 intentum,
3444 3911 3609 3973 dici-

2059 4041 2162 4096 tur
2218 4040 2746 4098 instrumentum.
2796 4031 2986 4108 Quod
3045 4047 3205 4109 ergo
3268 4030 3606 4108 proprium

2058 4160 2157 4214 est
2185 4153 2597 4213 instrumenti
2639 4155 2871 4228 quarto
2919 4151 2986 4208 et
3039 4145 3226 4209 tertio
3274 4144 3497 4219 modo,
3544 4146 3610 4207 bi

2057 4271 2372 4330 Doctores
2418 4265 2814 4330 transferunt
2844 4264 2928 4326 ad
2957 4267 3281 4324 rationem
3314 4278 3611 4322 commu-

2056 4403 2206 4447 nem
2237 4384 2673 4456 instrumenti,
2710 4381 2888 4461 quod
2926 4385 3030 4441 est
3075 4395 3277 4458 agere
3324 4395 3406 4438 ex
3453 4395 3610 4454 pro-

2057 4509 2197 4582 pria
2269 4504 2496 4576 forma,
2575 4509 2639 4564 et
2702 4501 3078 4578 dispositive
3151 4499 3237 4561 ad
3301 4500 3610 4559 effectum

2060 4637 2269 4682 causa}
2300 4618 2692 4696 principalis,
2746 4616 2924 4694 quod
2978 4621 3078 4677 est
3129 4614 3495 4692 procedere
3529 4613 3610 4674 ab

2056 4752 2190 4797 uno
2234 4736 2716 4811 aequivocorum
2763 4731 2846 4792 ad
2892 4731 3037 4793 alia.

2142 4851 2456 4912 Probatur
2501 4865 2659 4927 ergo
2713 4844 3178 4926 propositionis
3228 4845 3396 4906 illius
3436 4843 3610 4906 falsi·

2061 4979 2178 5045 tas,
2210 4971 2275 5032 in
2308 4988 2385 5032 ea
2416 4968 2927 5042 universalitate,
2960 4967 3152 5047 (sicut
3194 4966 3315 5043 ipsi
3358 4949 3621 5027 conclu-4
3760 4982 3843 5032 26.
3901 5043 3911 5053 ⁴

2064 5090 2229 5150 dunt
2275 5104 2354 5150 ex
2399 5085 2608 5148 forma
2654 5086 2859 5147 activa
2911 5086 3326 5146 instrumenti
3374 5099 3604 5160 opera-
3671 5044 3946 5171 ἓξὲξέἶῗῗ

2067 5206 2311 5266 tionem
2364 5203 2695 5282 propriam
2740 5201 2882 5281 ejus
2929 5219 2963 5262 a
3014 5217 3215 5261 sensu
3267 5197 3614 5278 contrario)
3750 5174 3866 5221 ω’·

2064 5323 2178 5383 ubi
2238 5321 2414 5381 nulla
2473 5323 2572 5380 est
2641 5317 2848 5378 forma
2921 5319 3131 5379 activa
3201 5316 3613 5377 instrumenti

2069 5436 2354 5514 propria,
2413 5435 2591 5495 nulla
2666 5433 2861 5494 etiam
2934 5438 3034 5493 est
3105 5433 3248 5510 ejus
3321 5431 3616 5507 operatio

2073 5552 2492 5630 dispositiva;
2535 5547 2655 5610 sed
2699 5548 3133 5609 instrumenta
3170 5546 3329 5607 artis
3377 5546 3623 5606 nullam

3449 5652 3478 5701 3
