4255 6375
577 1529 654 1578 77.

451 1591 736 1643 Tei-tullian
748 1629 759 1643 .

491 2564 737 2615 Eusebius

532 2625 667 2693 Papa
679 2667 693 2681 .

703 3794 710 3802 .
779 3722 926 3768 eum
995 3703 1101 3768 hic
1193 3702 1369 3790 loqui
1438 3702 1517 3768 de
1617 3704 2039 3768 Sacramento

430 5550 480 5601 2.
493 5487 689 5603 agger.
708 5549 754 5601 1.

799 391 919 454 7⁰0

799 552 1135 634 sitionem,
1199 572 1349 639 quae
1401 561 1499 617 est
1565 556 2091 616 sacramentum:
2164 542 2352 621 Quod
2463 551 2584 620 stc,
2624 552 2684 607 et
2716 543 2835 629 qui
2865 544 3062 608 unaeit
3094 562 3213 607 nos
3245 543 3443 620 Deus,
3485 543 3601 629 qui
3625 546 3929 631 etsiqnavit

798 692 980 737 nunc
1048 691 1304 758 quoque
1360 690 1480 735 nos
1545 667 1822 754 yet-itur,
1902 661 2138 749 inquit,
2219 671 2345 726 etc.

799 809 1035 875 nempe
1101 788 1306 854 oratio
1364 799 1427 855 et
1477 805 1710 852 manus
1770 780 2125 868 impositio,
2198 798 2347 866 quae

794 905 989 973 fiebat
1033 907 1113 973 ab
1176 903 1528 991 Apostolis,
1587 899 1799 988 quoad
1831 899 2186 987 baptizatos
2226 898 2344 962 Sa-

800 1023 1194 1101 maritanos;
1231 1021 1437 1087 oratio
1495 1039 1652 1106 ergo
1720 1016 1826 1083 illa
1885 1013 2343 1102 Apostolorum

794 1140 1060 1207 denotat
1133 1138 1330 1204 verba
1396 1133 1888 1204 sacramentalia
1965 1145 2029 1198 et
2106 1131 2334 1206 ritum,

797 1256 908 1343 qui
988 1256 1053 1321 in
1139 1254 1360 1321 verbis
1408 1251 1832 1339 sequentibus
1875 1268 2104 1315 manus
2139 1247 2341 1334 impo-

798 1369 948 1435 sitio
1007 1368 1267 1435 dicitur.

886 1484 1200 1552 Eumdem
1237 1484 1500 1551 modum
1554 1481 1862 1570 loquendi
1935 1480 2131 1547 habet
2189 1482 2343 1546 Ter-

796 1603 1110 1671 tullianus
1208 1601 1322 1667 lib.
1439 1601 1520 1667 de
1608 1599 1939 1687 Baptismo
2029 1619 2171 1684 cap.
2271 1601 2335 1665 8.

792 1719 1062 1798 Dehinc,
1115 1716 1351 1804 inquit,
1396 1736 1632 1781 manus
1676 1715 2047 1800 imponitur
2078 1732 2204 1798 per
2232 1711 2338 1776 bc-

790 1836 1229 1902 nediclionem
1296 1834 1721 1910 advocans,cc
1770 1832 2067 1896 invitans
2121 1830 2342 1916 Spiri-

785 1965 920 2019 tum
969 1964 1290 2031 sanctum,
1364 1964 1487 2017 etc.
1561 1950 1812 2027 Quibus
1864 1948 2087 2015 verbis
2121 1960 2340 2015 servat

785 2069 1048 2137 modum
1110 2068 1416 2157 loquendi
1486 2069 1837 2153 Scripturas
1915 2064 2337 2150 praemissnm

786 2192 1018 2254 Actor.
1064 2190 1127 2252 8.
1175 2185 1519 2252 insinuans
1552 2181 1854 2250 eumdem
1897 2182 2096 2247 ritum
2131 2180 2339 2247 fuisse

785 2304 1231 2383 observatum,
1308 2303 1419 2368 sed
1459 2313 1522 2367 et
1588 2300 1869 2386 idipsum
1947 2298 2116 2386 apud
2176 2297 2336 2362 alios

783 2422 1005 2486 Patres
1046 2418 1232 2484 facile
1298 2431 1395 2485 est
1454 2417 1848 2493 observ‘are;
1929 2425 1992 2480 et
2076 2412 2338 2479 videtur

787 2536 969 2615 mihi,
1033 2546 1096 2602 et
1146 2547 1244 2601 est
1301 2553 1621 2620 expressa
1705 2529 2031 2599 sententia
2071 2528 2333 2596 Eusebii

789 2657 982 2741 Papae
1014 2675 1028 2719 :
1070 2652 1329 2731 Manus,
1362 2650 1594 2737 inquit,
1624 2649 2067 2734 impositionis
2094 2649 2333 2713 Sacra-

784 2782 1345 2854 mentum,maqna
1386 2767 1810 2833 veneratione
1857 2763 2210 2830 tenendum
2244 2771 2335 2826 cst

780 2888 954 2975 quod
1007 2887 1088 2952 ab
1128 2888 1287 2954 aliis
1359 2885 1596 2973 perfici
1628 2904 1761 2949 non
1832 2894 2067 2968 potest,
2123 2883 2263 2947 nisi
2292 2903 2331 2944 α

783 3006 1076 3072 Summis
1108 3004 1598 3084 Sacerdotibus,
1655 3023 1772 3067 nec
1811 3012 2105 3087 tempore
2154 3008 2333 3086 Apo-

782 3123 1105 3190 stolorum
1152 3122 1234 3187 ab
1263 3122 1444 3201 aliis,
1519 3139 1716 3207 quam
1767 3119 1929 3206 ipsis
1997 3117 2334 3204 Apostolis

778 3241 1042 3328 ῑεῃίιιιν,
1081 3251 1196 3305 aut
1265 3241 1475 3304 scitur
1503 3257 1637 3303 esse
1693 3248 2060 3323 peractum,
2119 3256 2331 3321 neque

783 3354 866 3420 ab
903 3355 1064 3420 aliis
1102 3375 1296 3441 quam
1362 3353 1442 3418 ab
1496 3354 1660 3432 illis,
1717 3352 1833 3440 qui
1864 3351 2332 3437 Apostolorum

781 3482 1005 3537 tenent
1044 3471 1278 3549 locum,
1317 3491 1609 3557 unquam
1655 3471 1893 3556 persici
1935 3477 2174 3555 potest,
2214 3478 2332 3532 αιιι

777 3590 933 3671 fieri
990 3588 1195 3667 debet,
1249 3602 1374 3653 etc.
1460 3587 1569 3654 ubi
1637 3600 1821 3654 extra
1896 3585 2170 3652 dubium
2230 3596 2328 3649 est

2162 3705 2334 3767 Con-

778 3817 1187 3898 firmationis,
1252 3817 1425 3905 quod
1481 3817 1638 3884 dicit
1697 3818 1762 3884 in
1822 3829 2115 3903 tempore
2163 3821 2330 3903 Apo·

775 3935 1093 4003 stolorum
1135 3956 1265 4001 non
1325 3934 1451 4022 legi
1504 3948 1720 4001 actum
1762 3934 1843 4000 ab
1903 3932 2075 4012 aliis,
2133 3954 2330 4021 quam

773 4053 853 4118 ab
896 4052 1055 4139 ipsis
1114 4052 1466 4140 Apostolis,
1521 4051 1833 4138 supponit
1902 4049 2032 4136 legi
2110 4061 2328 4115 actum

776 4170 856 4237 ab
888 4167 1237 4257 Apostolis,
1273 4166 1387 4235 sed
1455 4167 1708 4246 nullibi,
1745 4168 1868 4233 nisi
1904 4167 1969 4232 in
1999 4167 2141 4232 loco
2177 4167 2331 4233 alle-

778 4298 972 4376 gato;
1039 4297 1105 4352 et
1152 4288 1294 4352 Act.
1340 4289 1404 4352 8.
1454 4296 1514 4349 et
1572 4288 1677 4351 ¹9.
1735 4283 1845 4350 ubi
1897 4295 2167 4350 vocatur
2199 4305 2329 4349 ma·

777 4427 900 4471 nus
964 4405 1324 4491 impositio,
1393 4422 1604 4488 neque
1666 4400 1736 4467 lit
1777 4401 2022 4467 mentio
2059 4400 2140 4466 de
2182 4421 2324 4467 ora·

777 4522 976 4601 tione,
1050 4521 1202 4608 quia
1281 4539 1516 4606 nempe
1582 4538 1954 4604 synonyma
2030 4531 2186 4582 sunt
2260 4516 2326 4581 in

778 4641 899 4706 hac
965 4637 1259 4716 materia,
1331 4657 1412 4702 ex
1458 4656 1579 4702 usu
1651 4634 2033 4721 Scripturas,
2084 4648 2149 4700 et
2218 4654 2328 4721 pa·

779 4768 868 4822 tet
907 4757 1050 4821 Act.
1104 4757 1168 4819 8.
1228 4765 1297 4820 ut
1370 4751 1618 4819 dictum
1679 4763 1810 4818 est.
1855 4753 2169 4828 Quamvis
2230 4772 2326 4817 er-

775 4894 861 4960 go
889 4876 1033 4938 Act.
1087 4873 1192 4936 19.
1254 4891 1382 4934 non
1461 4868 1866 4955 exprimatur
1914 4868 2148 4947 oratio,
2193 4868 2328 4935 suf-

784 4988 1079 5056 ficienter
1145 5009 1225 5054 ex
1285 4987 1458 5073 stylo
1531 4985 1885 5071 Scripturae
1938 4985 2330 5072 intelligitur

784 5126 898 5192 per
931 5124 1164 5171 manus
1198 5102 1705 5190 impositionem,
1762 5098 1975 5189 neque
2006 5102 2180 5167 enim
2215 5101 2325 5168 ali·

778 5237 877 5291 ter
925 5222 1188 5299 PauluS,
1237 5240 1430 5308 quam
1484 5223 1714 5285 Petrus
1755 5230 1817 5284 et
1846 5222 2127 5285 Joannes
2170 5221 2329 5284 Con·

782 5339 1216 5407 firmationem
1268 5337 1529 5403 dabant.

872 5453 1049 5520 Idem
1080 5452 1274 5519 etiam
1318 5464 1492 5538 patet
1531 5454 1594 5516 2.
1633 5451 1710 5517 ad
1751 5452 2045 5517 Corinth.
2100 5457 2157 5518 1.
2202 5452 2330 5526 Qui

788 5579 1009 5635 aulem
1078 5569 1430 5650 confirmat
1462 5587 1581 5633 nos
1620 5566 1947 5633 vobiscum
1990 5567 2065 5632 in
2137 5565 2323 5632 Chri·

1962 381 2101 445 [ΑΒ.
2149 381 2248 444 w.
2295 378 2890 443 SENTENTIARUM

2419 4380 2891 4469 'Augustinum
2939 4392 3130 4447 tract.
3168 4384 3233 4448 6.
3279 4384 3348 4448 in
3384 4383 3723 4448 Ioannem.

2462 679 2603 737 nos,
2680 668 2805 726 etc,
2870 679 3062 746 quem
3108 659 3323 726 locum
3402 678 3606 745 supra
3654 660 3721 725 de
3769 662 3925 730 forma

2461 775 2859 855 Craecorum,
2897 795 3045 861 quae
3084 796 3164 841 ex
3197 774 3428 842 eodem
3465 774 3710 841 desumi
3739 778 3934 847 videtur

2459 888 2828 976 intelligere
2866 910 3162 977 congrue
3206 911 3572 977 possumus
3602 911 3735 957 cum
3761 895 3929 960 ansel-

2461 1025 2566 1071 mo
2597 1017 2659 1073 et
2708 1005 3080 1073 Ambrosio.
3143 1009 3215 1072 ln
3277 1007 3381 1073 his
3443 1028 3607 1094 ergo
3651 1007 3838 1077 alludit
3877 1015 3937 1078 ad

2457 1123 2950 1188 Sacramentum
3017 1122 3561 1190 confirmationis
3635 1127 3932 1210 Apostolus,

2453 1251 2516 1303 et
2548 1235 2626 1302 ad
2675 1238 3050 1303 unctionem
3104 1236 3442 1323 signatam
3488 1251 3554 1303 et
3602 1241 3933 1318 sensibilem,

2453 1372 2568 1440 per
2599 1372 2796 1440 quam
2831 1354 3209 1421 unctionem
3246 1355 3640 1422 interiorem
3684 1355 3939 1443 significat

2451 1468 2727 1556 ejusque
2790 1470 3101 1537 effectum
3158 1492 3355 1558 quem
3413 1483 3614 1538 antea
3669 1474 3938 1558 praemisit,

2453 1587 2571 1672 qui
2625 1596 2845 1651 autem
2902 1588 3255 1670 confirmat
3305 1609 3432 1654 nos
3495 1589 3817 1668 vobiscum,
3845 1605 3935 1657 etc.

2451 1700 2664 1788 stylus
2739 1703 2912 1769 enim
2966 1704 3256 1790 Apostoli
3313 1705 3635 1792 frequens
3696 1719 3798 1786 est,
3844 1727 3942 1793 my-

2452 1817 2649 1884 steria
2682 1819 2912 1904 gratiae
2935 1840 3051 1906 per
3080 1840 3232 1887 suas
3263 1840 3504 1887 causas
3526 1821 3946 1907 significare-,ut

2449 1955 2628 2022 saepe
2677 1935 2871 2002 etiam
2913 1935 3186 2002 salutem
3238 1957 3359 2023 per
3415 1936 3615 2003 fidem
3654 1937 3938 2025 siguificat,

2448 2064 2512 2119 et
2541 2072 2657 2138 per
2684 2073 2923 2138 opera;
2972 2051 3556 2140 justificationem,
3607 2075 3713 2139 per
3751 2055 3942 2120 redem-

2449 2166 2765 2255 ptionem,
2804 2188 2954 2255 quae
2985 2181 3085 2234 est
3119 2168 3183 2232 in
3217 2168 3485 2234 Christo
3515 2172 3702 2244 Jesu;
3734 2190 3943 2256 regene-

2452 2283 2768 2349 rationem
2803 2283 3179 2350 interiorem
3224 2305 3342 2371 per
3399 2285 3731 2351 lavacrum
3757 2308 3769 2363 ;
3801 2286 3940 2351 etsie

2448 2399 2752 2466 similite:-
2787 2401 2892 2467 hic
2933 2400 3472 2468 confirmationis
3531 2402 3833 2481 effectum,
3860 2424 3939 2489 per

2447 2514 2822 2582 unctionem
2915 2529 2978 2583 et
3065 2516 3541 2604 signationem,
3625 2539 3760 2606 quae
3831 2535 3939 2584 sunt

2448 2650 2662 2698 causae
2713 2632 2883 2719 ejus,
2948 2631 3241 2719 exponit.

2536 2745 2800 2813 Accedit
2873 2759 2936 2812 et
3010 2749 3447 2834 congruentia
3525 2749 3935 2815 conformitatis
3954 2771 4002 2807 w

2442 2882 2592 2930 cum
2635 2863 3044 2929 institutione
3096 2863 3360 2945 Christi,
3397 2877 3466 2930 et
3519 2865 3932 2932 commendatio
3966 2855 4028 2928 η’

2447 2982 2655 3067 major
2716 2980 3140 3061 Sacramenti,
3198 2982 3390 3069 cujus
3453 2982 3665 3048 virtus
3700 2997 3818 3047 tum
3861 2982 3935 3046 vi·
3968 3012 3996 3054 Α

2443 3098 2722 3164 sibiliter
2767 3118 3090 3186 apparens
3151 3100 3216 3165 in
3259 3100 3826 3167 communicatione
3865 3084 4015 3180 ἡ-ἷξζ

2442 3215 2615 3282 sibili
2676 3214 2958 3302 Spiritus
3007 3215 3239 3295 sancti,
3303 3216 3656 3283 veritatem
3706 3217 3831 3301 ejus
3862 3216 3933 3279 iu·

2443 3331 2710 3399 dubiam
2768 3332 3201 3419 relinquebat.
3253 3335 3582 3400 Praeterea
3634 3334 3931 3400 reverentia

2443 3448 2648 3535 major
2701 3447 3126 3515 Praelatorum
3170 3448 3509 3529 Ecclesiae,
3557 3470 3670 3537 per
3697 3470 3834 3537 quos
3855 3469 3929 3515 so·

2440 3565 2561 3643 los,
2623 3577 2734 3631 aut
2790 3586 3016 3632 eorum
3080 3567 3494 3647 auctoritate,
3562 3579 3686 3633 tam
3747 3566 3928 3633 efficax

2445 3681 2835 3749 beneficium
2904 3682 3137 3749 salutis
3186 3682 3671 3769 perficiebatur.
3742 3681 3926 3763 Tertio,

2443 3798 2726 3886 denique
2756 3802 2979 3866 Patres
3010 3798 3433 3886 explicantes,
3474 3799 3784 3888 quomodo
3803 3796 3928 3864 idem

2440 3914 2723 4001 Spiritus
2777 3934 2951 3982 nunc
2991 3914 3438 3994 invisibiliter,
3509 3915 3621 4004 qui
3651 3926 3817 3980 antea
3848 3912 3926 3976 ‹la-

2444 4033 2634 4100 batur
2684 4032 3037 4099 visibiliter
3084 4052 3199 4118 per
3262 4031 3634 4119 Apostolos,
3683 4043 3740 4099 et
3778 4029 3923 4097 etiam

2444 4147 2616 4215 idem
2650 4148 2791 4236 ipse
2819 4149 2944 4227 sit;
2988 4162 3372 4236 supponunt
3405 4148 3583 4216 idem
3614 4151 3925 4215 Sacramen-

2440 4277 2580 4331 tum
2616 4264 2844 4348 l'uisse,
2887 4274 2953 4330 ει
3011 4285 3184 4332 nunc
3239 4278 3303 4331 et
3336 4275 3498 4331 tunc
3538 4266 3602 4331 in
3635 4283 3765 4331 usu.
3794 4258 3913 4324 Vide

2531 4521 2682 4584 Haec
2740 4516 3024 4604 denique
3081 4517 3341 4584 traditio
3402 4517 3675 4585 habetur
3718 4536 3786 4581 ex
3826 4510 3920 4597 epi·
4002 4540 4021 4588 t

2441 4634 2606 4700 stola
2669 4633 2932 4700 Fabiani
2994 4638 3210 4721 Papae,
3264 4632 3380 4703 ubi
3441 4634 3599 4702 dicit
3644 4628 3918 4721 Apostolos
3950 4621 4012 4716 *ἐξ

2440 4765 2503 4819 ει
2541 4751 2863 4833 docuisse,
2908 4765 2972 4818 et
3011 4754 3400 4820 observasse
3447 4748 3918 4819 consuetudinem
3979 4730 4024 4795 ¹³²ss

2444 4869 2614 4935 hanc
2673 4868 3032 4935 renovandi
3100 4867 3383 4955 singulis
3423 4868 3616 4935 annis
3676 4864 3913 4933 chrisma.
3962 4857 3994 4904 2¹

2444 4990 2669 5073 Neque
2728 4986 2808 5052 ab
2851 4986 2974 5051 hac
3008 4986 3331 5052 sententia
3365 4985 3672 5052 abhorret
3707 4987 3916 5050 Doctum

2440 5104 2680 5170 asserit
2746 5102 2923 5168 enim
2992 5104 3285 5189 potuisse
3332 5102 3667 5170 Christum
3719 5101 3916 5182 dispen-

2443 5240 2624 5286 sasse
2662 5240 2813 5287 cum
2876 5219 3202 5307 Apostolis
3254 5220 3323 5284 in
3375 5221 3716 5307 primativa
3757 5213 3909 5283 Eccle-

2441 5338 2560 5416 sia,
2599 5349 2669 5403 ut
2697 5337 2926 5403 darent
2956 5336 3299 5423 Spiritum,
3337 5339 3590 5427 absque
3619 5339 3729 5403 hoc
3751 5337 3908 5400 Sacra·

2445 5465 2708 5532 mento;
2775 5472 2987 5538 neque
3015 5452 3246 5519 asserit
3298 5454 3389 5519 ita
3440 5455 3697 5532 factum,
3733 5447 3821 5516 sed
3857 5464 3907 5508 eo

2441 5567 2613 5647 dato,
2660 5567 2810 5656 quia
2860 5567 3209 5656 praesentia
3266 5568 3558 5655 Spiritus
3606 5565 3779 5637 sancti
3824 5576 3903 5648 pm
