4255 6375
1393 454 1594 516 DIST.
1629 454 1757 516 Vll.
1795 451 2159 529 QUAESTIO
2208 454 2256 516 1.

296 627 467 680 one
506 629 667 681 non
728 616 910 686 erat
983 613 1194 687 alius
1255 616 1553 706 gradus
1606 614 1686 686 in
1730 617 1868 686 Ec·

300 723 594 809 clesia,
660 732 934 800 tamen
1016 732 1355 824 propter
1437 713 1870 804 necessita-

305 846 486 916 tem
616 848 900 936 postea
1041 848 1566 942 multiplicati
1681 851 1867 921 sunt

306 960 823 1043 Sacerdotes,
871 967 952 1037 et
1016 966 1403 1039 restricta
1462 970 1587 1040 est
1652 970 1865 1058 pote-

299 1076 488 1149 stas
558 1077 655 1148 ab
714 1078 858 1160 eis,
934 1086 1324 1171 quantum
1397 1083 1492 1155 ad
1560 1081 1859 1174 aliqua,

301 1212 489 1284 quae
525 1198 951 1268 reservata
1001 1202 1190 1272 sunt
1243 1198 1440 1270 solis
1486 1198 1864 1272 Sacerdo-

297 1307 524 1381 tibus
609 1312 1084 1401 majoribus,
1181 1315 1315 1406 qui
1402 1314 1591 1387 dicti
1675 1320 1861 1388 sunt

296 1424 720 1518 Episcopi,
774 1432 855 1501 et
920 1429 1109 1503 talis
1151 1434 1383 1503 actus
1427 1434 1646 1520 esset
1712 1455 1861 1500 con-

295 1544 611 1626 firmare.
659 1546 877 1627 Quod
928 1547 993 1618 si
1035 1568 1324 1620 verum
1366 1551 1514 1631 est,
1561 1551 1860 1640 Grego-

305 1658 487 1731 rius
547 1661 741 1734 bene
808 1664 1075 1754 potuit
1140 1666 1612 1738 Sacerdotes
1673 1666 1857 1739 illos

306 1775 717 1867 subjectos
803 1780 1198 1852 ,Ianuario
1278 1782 1681 1874 Episcopo
1768 1783 1856 1855 li-

305 1890 675 1965 centiare
754 1894 848 1965 ad
925 1897 1595 1979 confirmandum,
1671 1901 1857 1992 quia

302 2008 387 2080 in
449 2008 601 2082 hoc
663 2031 820 2082 non
880 2015 1286 2088 concessit
1363 2020 1853 2108 potestatem

297 2127 423 2199 eis
474 2148 634 2200 non
694 2132 1307 2205 convenientem
1351 2134 1493 2215 eis,
1541 2135 1676 2206 sed
1734 2156 1851 2206 re-

303 2247 632 2321 vocavit
720 2247 1348 2340 prohibitionem
1432 2253 1658 2344 prius
1736 2251 1852 2324 eis

300 2361 630 2435 factam.

95 2551 194 2594 m
396 2481 541 2553 Sed
595 2480 662 2552 si
714 2484 1003 2554 contra
1051 2482 1200 2556 hoc
1246 2485 1603 2578 objiciaS,
1664 2487 1850 2579 quia

89 2623 264 2720 ἓξὲξ,
304 2599 743 2671 secundum
790 2599 972 2679 ista,
1042 2621 1223 2673 cum
1284 2603 1364 2674 in
1427 2603 1849 2695 primitiva

90 2734 151 2806 1¹11.
249 2706 265 2721 ⁶
301 2712 677 2786 Ecclesia
717 2735 875 2787 non
919 2716 1302 2807 legantur
1361 2717 1499 2789 alii
1560 2721 1852 2791 confir-

89 2803 257 2930 JJJZJ'·
299 2850 596 2912 masse,
695 2851 936 2923 quam
1015 2834 1417 2925 Apostoli,
1509 2835 1576 2907 si
1657 2841 1845 2911 tunc

89 2929 261 3034 ζξὲῗξ*
299 2946 789 3039 quicumque
846 2950 1323 3022 Sacerdotes
1369 2957 1606 3026 erant
1668 2954 1844 3046 Epi-

90 3053 218 3100 ω’·
293 3063 548 3155 scopi,
637 3064 766 3135 vel
846 3065 1220 3157 aequales,
1288 3072 1679 3159 quantum
1751 3072 1845 3144 ad

289 3181 543 3253 istum
578 3184 878 3265 actum,
949 3204 1149 3276 ergo
1187 3184 1381 3257 solis
1418 3186 1840 3282 Episcopis

288 3298 628 3374 debetur
730 3322 829 3372 ex
939 3301 1231 3375 officio.
1338 3305 1839 3396 Respondeo‚

291 3415 498 3506 quod
568 3416 692 3488 vel
762 3417 961 3489 nulli
1036 3418 1175 3490 alii
1259 3419 1357 3491 ab
1423 3421 1839 3512 Apostolis

284 3538 525 3606 erant
625 3536 1129 3616 Sacerdotes,
1220 3536 1407 3627 quia
1485 3537 1604 3610 illi
1689 3540 1840 3611 soli

287 3653 480 3722 tunc
561 3654 996 3739 potuerunt
1077 3651 1477 3736 sufficere,
1560 3654 1688 3726 vel
1773 3655 1839 3727 si

287 3764 429 3836 alii
465 3771 728 3851 erant,
782 3766 1243 3840 detulerunt
1288 3768 1708 3860 Apostolis
1757 3771 1837 3843 in

285 3878 446 3951 isto
481 3883 662 3952 actu
703 3884 1041 3972 propter
1091 3881 1834 3959 manifestationem

294 3997 654 4089 Spiritus
753 3998 1011 4071 sancti
1106 3999 1579 4083 evidentem,
1662 4024 1834 4095 quae

289 4113 532 4187 fiebat
602 4115 681 4186 in
732 4115 1170 4190 collatione
1240 4117 1478 4190 istius
1550 4122 1836 4193 Sacra-

292 4230 567 4311 menti,
624 4235 714 4304 ut
772 4252 953 4303 cum
1018 4232 1313 4325 majori
1377 4238 1833 4309 reverentia

286 4350 367 4420 et
417 4347 843 4420 devotione
887 4349 1445 4442 susciperetur
1497 4358 1835 4446 propter

286 4464 855 4538 excellentiam
900 4467 1499 4542 ministrorum.

89 4608 122 4656 ς.
378 4587 738 4664 Quartus
776 4586 1054 4657 modus
1096 4585 1403 4660 dicendi
1438 4592 1587 4670 est,
1625 4593 1830 4681 quod

89 4671 208 4782 ῗὶξῖζ
289 4699 358 4771 si
390 4718 437 4770 a
472 4699 874 4793 principio
924 4721 1083 4772 non
1133 4702 1367 4777 licuit
1414 4707 1830 4779 Sacerdoti

89 4812 185 4910 ξιξ,
287 4813 665 4908 simplici,
705 4816 921 4909 Papa
954 4822 1227 4891 tamen
1264 4822 1526 4912 potuit
1563 4842 1832 4913 quem-

89 4936 256 5034 353¹th
288 4928 476 5004 libet
556 4933 1075 5005 Sacerdotem
1171 4934 1389 5008 illius
1470 4937 1830 5028 regionis

89 5042 555 5161 gran-facere
644 5050 1160 5142 Episcopum,
1270 5055 1659 5144 quantum
1737 5056 1828 5127 ad

286 5165 532 5237 istum
603 5170 904 5248 actum,
981 5186 1139 5237 non
1213 5171 1482 5239 tamen
1572 5170 1830 5242 confe-

286 5281 528 5352 rendo
637 5280 786 5352 sibi
895 5281 1385 5373 simpliciter
1488 5285 1828 5373 gradum

288 5396 875 5490 Episcopalem,
976 5418 1121 5470 nec
1243 5402 1630 5491 quantum
1735 5404 1827 5473 ad

284 5512 486 5585 alios
531 5516 788 5591 actus,
826 5515 903 5583 et
938 5516 1129 5585 tunc
1166 5513 1499 5605 quilibet
1540 5536 1826 5589 eorum

278 5644 471 5698 vere
513 5624 1032 5699 confirmavit
1074 5630 1463 5719 tanquam
1498 5628 1825 5721 Episco-

1914 1635 1925 1644 ‚
1969 1548 2183 1620 enim
2235 1549 2586 1620 nitorem
2635 1547 2897 1628 habet,
2952 1549 3030 1617 et
3075 1544 3514 1637 superemi-

3412 449 3529 510 693

1986 634 2131 705 pus
2183 601 2575 706 quantum
2626 613 2722 685 ad
2773 613 3020 701 istum
3064 613 3375 690 actum;
3450 614 3530 681 et

1983 732 2196 803 ratio
2285 730 2750 804 conferendi
2838 730 3089 802 istum
3185 727 3525 819 gradum

1978 848 2309 923 cuilibet
2416 846 2832 920 Sacerdoti
2939 849 3329 936 quantum
3428 841 3523 913 ad

1977 967 2226 1039 istum
2285 969 2583 1046 actum,
2652 967 2976 1056 poterat
3047 980 3225 1033 esse
3296 978 3518 1031 scan-

1972 1085 2244 1157 dalum
2285 1083 2730 1157 vitandum.

2063 1199 2417 1273 Materia
2477 1202 2751 1272 autem
2816 1202 3156 1278 remota,
3206 1196 3514 1269 scilicet
3548 1213 3869 1284 comparatio

1971 1315 2358 1396 chrisma,
2397 1314 2635 1387 habet
2686 1311 3297 1385 similitudinem
3331 1330 3512 1383 cum
3546 1278 3867 1391 hassifihftad

1972 1431 2262 1506 effectu
2333 1431 2572 1523 hujus
2637 1428 3186 1506 Sacramenti;
3249 1427 3512 1498 oleum
3571 1401 3839 1537 ξῑῇἶξιέᾞ.

3564 1535 3830 1579 cramenu.

1968 1668 2101 1737 net
2138 1665 2459 1739 caeteris
2495 1664 2846 1756 liquidis,
2895 1667 2975 1736 et
3007 1666 3131 1735 est
3166 1660 3514 1733 materia

1970 1783 2351 1876 proxima
2451 1780 2819 1854 incendii.
2914 1781 3070 1853 Per
3155 1779 3511 1872 primum

1968 1901 2378 1991 significat
2459 1899 2926 1973 castitatem
3007 1898 3134 1970 vel
3213 1897 3513 1969 mundi-

1969 2018 2213 2099 tiam;
2282 2039 2424 2111 per
2487 2018 2650 2089 alia
2689 2016 2842 2088 duo
2889 2014 3290 2107 significat
3333 2014 3511 2085 cha-

1968 2136 2325 2209 ritatem.
2375 2139 2474 2208 Et
2507 2134 2986 2216 balsamum,
3029 2133 3229 2226 quod
3273 2130 3510 2205 habet

1965 2250 2261 2323 bonum
2328 2252 2681 2333 odorem,
2748 2249 3156 2341 significat
3213 2249 3508 2321 bonam

1961 2366 2291 2450 famam,
2328 2368 2568 2460 juxta
2629 2367 2818 2439 illud
2875 2371 2940 2439 Ξ.
3018 2366 3384 2441 Corinth.
3437 2369 3502 2437 Ξ.

1965 2488 2223 2553 Christi
2253 2487 2459 2552 bonus
2487 2487 2655 2552 odor
2681 2507 2903 2552 sumus
2937 2487 3094 2551 Dec.
3123 2483 3504 2553 Balsa-mo

1959 2604 2210 2674 etiam
2288 2621 2643 2694 corpora
2725 2605 3244 2674 mortuorum
3323 2619 3504 2671 con-

1956 2716 2291 2791 diuntur
2350 2737 2446 2790 ne
2520 2717 2997 2810 putrefiant;
3048 2716 3217 2788 ideo
3262 2714 3504 2806 signi-

1957 2834 2148 2907 ficat
2228 2834 2954 2926 incorruptionem.
3042 2835 3197 2904 Per
3276 2832 3502 2904 illam

1956 2971 2158 3043 ergo
2223 2953 2685 3034 materiam,
2764 2952 3078 3025 scilicet
3139 2950 3503 3024 chrisma

1955 3071 2413 3145 confectum
2464 3092 2561 3142 ex
2608 3070 2783 3142 oleo
2833 3075 2913 3144 et
2965 3069 3355 3151 balsamo,
3405 3071 3503 3141 si-

1955 3187 2396 3279 gnificatur
2483 3189 2685 3281 quod
2760 3189 2892 3281 qui
2963 3186 3502 3262 confirmatur

1952 3306 2177 3411 debet
2229 3306 2525 3379 habere
2580 3306 3054 3381 munditiam
3107 3311 3185 3380 et
3237 3306 3500 3438 chari-

1953 3428 2207 3498 tatem
2250 3427 2328 3496 et
2374 3424 2666 3496 bonam
2709 3423 3037 3505 famam,
3087 3424 3274 3516 quia
3327 3423 3497 3494 sine

1954 3539 2135 3614 istis
2196 3561 2354 3612 non
2421 3546 2546 3614 est
2609 3541 2954 3612 multum
3023 3538 3514 3615 authentica·

1950 3657 2466 3754 confirmatio
2508 3658 2684 3730 fidei
2720 3656 3231 3733 Christianae.

2388 3967 3048 4031 COMMENTARIUS.

1943 4274 1952 4287 ·
2034 4230 2122 4320 (a)
2155 4234 2275 4312 Hic
2298 4242 2503 4318 patet,
2554 4242 2677 4297 etc,
2715 4235 2831 4298 Hic
2860 4231 3123 4319 subjicit
3154 4206 3485 4319 explicati-

1944 4371 2137 4416 onem
2187 4350 2546 4436 praemissae
2594 4348 3019 4427 definitioniS,
3073 4364 3143 4416 ut
3183 4363 3355 4436 patet
3403 4373 3483 4418 ex
3583 4344 3769 4457 Fcffiha

1943 4467 2181 4546 littera,
2247 4488 2442 4554 quam
2494 4465 2936 4532 definitionem
2995 4467 3310 4534 hactenus
3367 4467 3480 4534 de·
3511 4466 3832 4539 Confirmati-

1943 4586 2361 4654 claravimuS.
2428 4588 2739 4670 Superest
2821 4598 3071 4651 tantum
3157 4583 3482 4670 explicare
3602 4545 3736 4583 oms.

1945 4701 2218 4767 formam
2265 4724 2279 4766 :
2324 4699 2588 4776 Forma,
2630 4698 2865 4784 inquit,
2903 4710 2994 4764 ese
3027 4700 3182 4765 talis
3214 4725 3235 4763 .·
3273 4701 3482 4785 Siyno

1943 4829 2022 4897 te,
2080 4819 2183 4883 vel
2221 4817 2534 4902 consiyno
2582 4826 2641 4879 ce
2686 4816 2878 4900 siquo
2934 4814 3190 4892 CruciS,
3237 4817 3481 4897 confir-

1944 4957 2047 5002 mo
2105 4946 2163 4999 te
2229 4933 2586 4998 chrismate
2621 4932 2882 5010 salucia,
2947 4932 3050 4996 vel
3115 4933 3486 5013 sanctifica-

1943 5054 2167 5131 tioniS,
2206 5052 2280 5116 in
2328 5049 2596 5115 nominc
2635 5050 2867 5113 Patris
2915 5059 2976 5113 ec
3018 5048 3187 5113 Filii
3224 5060 3284 5114 ec
3326 5050 3483 5134 Spi-

1941 5171 2111 5235 ritus
2157 5168 2395 5244 sancti,
2434 5176 2556 5231 ete.
2621 5168 2797 5230 Hanc
2845 5185 2989 5230 esse
3047 5163 3479 5231 sufficientem

1943 5285 2218 5350 formam
2305 5294 2400 5348 est
2457 5281 2535 5346 de
2601 5279 2728 5346 fide
2783 5301 2862 5346 ex
2936 5280 3329 5359 FlorentinO,
3420 5294 3482 5345 ct

1941 5398 2270 5467 communi
2323 5397 2826 5483 Theologorum,
2881 5409 2942 5461 et
2997 5418 3078 5461 ex
3133 5396 3479 5462 ritualibus

1941 5522 2254 5584 Romanae
2334 5513 2667 5595 Ecclesiae,
2713 5534 2830 5580 seu
2892 5512 3253 5580 pontificali
3298 5536 3312 5590 ;
3364 5534 3480 5579 un-

1942 5632 2023 5700 de
2081 5632 2251 5698 sicut
2315 5633 2546 5697 Doctor
2600 5629 2882 5696 asseruit
2942 5649 3139 5716 supra
3207 5627 3359 5695 dist.
3407 5632 3471 5695 6.
