4255 6375
481 1374 672 1426 Meteri

443 1435 714 1504 praemium

533 1516 626 1571 ΡΡΓ

447 1567 691 1614 meritum

415 1627 744 1691 subseqnens.

466 2926 711 2978 Meritum

421 2987 657 3055 Virginis
685 2989 737 3039 in

448 3051 711 3116 Concepti-

537 3130 633 3164 one

510 3176 629 3229 Filii
640 3217 653 3231 .

530 4436 612 4487 20.

754 417 873 482 462

761 579 870 646 bat
893 580 1249 646 necessitas
1280 578 1615 664 operandi,
1687 591 1758 644 ut
1831 588 2050 644 servet
2097 576 2308 661 legem

760 699 825 753 et
870 686 1255 772 applicando
1317 687 1486 753 hanc
1534 685 1895 752 doctrinam
1927 685 2006 750 ad
2055 686 2313 750 Beatam

759 802 1124 887 Virginem,
1160 802 1435 889 ejusque
1482 822 1703 887 opera,
1771 812 1920 886 post
1966 798 2312 884 Concepti-

759 940 950 987 onem
977 919 1221 1001 Filii,et
1261 916 1524 1006 plenam
1548 919 1824 1005 gratiam
1903 917 1968 981 in
2007 915 2308 993 termin0,

759 1035 1085 1104 diceretur
1133 1034 1305 1123 quod
1346 1034 1584 1102 meruit
1677 1031 1974 1100 eamdem
2034 1030 2311 1116 gratiam

763 1172 878 1238 per
934 1150 1165 1222 merita
1221 1150 1726 1239 subsequentia,
1786 1168 2064 1235 eamque
2099 1145 2312 1232 dupli·

760 1268 818 1335 ci
860 1268 1049 1336 titulo
1084 1267 1332 1348 habuit,
1389 1287 1628 1356 nempe
1677 1278 1747 1334 ut
1794 1278 1932 1331 erat
1965 1261 2311 1351 dispositio

763 1384 911 1452 data
968 1384 1047 1451 ad
1104 1383 1607 1463 maternitatem,
1673 1394 1737 1450 et
1817 1393 1887 1450 ut
1945 1400 2059 1467 per
2117 1398 2317 1464 opera

767 1498 1236 1587 subsequentia
1292 1520 1432 1567 eam
1496 1498 1758 1578 meruit,
1829 1497 2004 1564 sicut
2063 1494 2314 1582 praefati

771 1628 1069 1681 auctores
1109 1615 1342 1682 docent
1397 1615 1700 1681 meritum
1759 1613 2033 1701 aequale,
2097 1627 2162 1677 et
2217 1632 2314 1677 re-

771 1733 1046 1800 missum
1100 1735 1332 1801 mereri
1364 1733 1558 1800 etiam
1622 1734 1966 1819 praemium
2015 1753 2096 1797 ex
2147 1729 2311 1797 anti-

768 1869 896 1935 quo
937 1847 1254 1932 debitum,
1307 1847 1476 1915 sicut
1516 1868 1630 1934 per
1672 1846 1971 1934 exempla
2038 1846 2316 1913 adducta

765 1976 981 2051 patet;
1034 1965 1132 2033 sic
1181 1964 1378 2032 etiam
1439 1961 1782 2052 justificati
1841 1985 1922 2029 ex
1980 1961 2314 2029 communi

762 2080 1084 2148 sententia
1202 2092 1535 2148 merentur
1651 2081 1952 2166 primam
2001 2078 2306 2165 gloriam,

762 2198 1067 2283 quamvis
1115 2196 1276 2262 alias
1342 2195 1849 2283 correspondeat
1889 2195 2119 2282 primoe
2161 2214 2316 2279 gra-

763 2310 898 2390 tiae,
946 2333 1094 2400 quae
1136 2333 1263 2379 non
1312 2324 1413 2378 est
1450 2333 1531 2379 ex
1557 2310 1829 2389 meritiS,
1868 2311 2106 2398 quibus
2142 2307 2316 2375 favet

769 2429 1224 2497 Tridentinum
1264 2448 1417 2496 sess,
1470 2430 1537 2494 6.
1572 2449 1722 2495 can.
1769 2429 1876 2493 32.
1921 2430 2146 2512 Neque
2197 2428 2317 2491 hoc

770 2546 1128 2614 absurdum
1159 2556 1260 2612 est
1297 2543 1465 2632 apud
1508 2543 1902 2630 TheologOS,
1955 2554 2067 2608 aut
2113 2543 2316 2608 luris-

772 2663 1015 2749 peritos
1082 2660 1330 2748 aliquid
1397 2660 1696 2746 pluribus
1782 2658 1990 2728 titulis
2065 2658 2316 2747 acquiri

771 2801 985 2867 posse.

799 2883 806 2886 ³
858 2896 1156 2965 Secundo
1245 2895 1591 2976 diceretur,
1673 2894 1843 2981 quod
1938 2892 2316 2960 Beatissima

777 3013 972 3100 Virgo
1022 3012 1274 3094 habuit,
1326 3011 1539 3078 dando
1579 3031 1969 3078 consensum
2016 3011 2316 3075 incarna-

770 3123 957 3207 tioni,
1010 3124 1227 3190 omnia
1286 3122 1354 3190 in
1414 3121 1887 3210 perfectissimo
1951 3120 2158 3209 gradu
2218 3140 2317 3185 re-

772 3242 1014 3328 quisita
1068 3242 1147 3307 ad
1224 3241 1528 3308 meritum
1599 3260 1782 3327 purte
1847 3253 2190 3322 creaturae,
2255 3252 2318 3307 et

769 3370 926 3425 tunc
962 3358 1310 3428 assistente
1339 3379 1533 3425 causa
1573 3358 1846 3443 efficaci,
1891 3357 2120 3424 factam
2157 3358 2316 3425 fuis·

773 3496 844 3545 se
886 3475 951 3542 in
1012 3474 1292 3542 termino
1350 3496 1490 3542 suae
1538 3474 1769 3562 gratiae
1819 3474 2309 3555 sanctificantiS,

770 3612 919 3679 quse
977 3613 1105 3658 non
1146 3591 1356 3678 potuit
1407 3591 1678 3659 ulterius
1737 3591 1964 3678 augeri
2016 3612 2131 3679 per
2193 3593 2310 3659 ali-

770 3710 943 3798 quod
985 3708 1291 3777 meritum
1358 3710 1793 3796 subsequenS,
1848 3710 2000 3797 quia
2063 3709 2314 3777 nullum

765 3841 906 3897 erat
942 3826 1267 3895 intensius
1315 3826 1528 3913 gratia
1569 3837 1847 3913 recepta,
1893 3825 1998 3892 vel
2053 3826 2309 3907 merito,

766 3964 882 4031 per
949 3942 1121 4032 quod
1176 3943 1344 4019 ,illud
1403 3943 1671 4029 recepit,
1766 3954 1830 4009 et
1915 3943 2011 4010 sic
2086 3945 2316 4012 merita

764 4061 1231 4148 subsequentia
1289 4071 1474 4127 erant
1525 4061 1755 4129 merita
1810 4074 2110 4147 respectu
2169 4062 2315 4149 glo-

766 4177 884 4245 riae
945 4189 1244 4256 tantum3
1307 4190 1372 4245 et
1421 4177 1563 4244 haec
1612 4178 1771 4244 satis
1816 4179 2122 4263 congruit
2187 4178 2316 4246 illis

763 4293 1135 4373 sententiiS,
1184 4293 1598 4380 potissimum
1641 4294 1951 4363 Durandi.

853 4414 946 4480 Ex
987 4411 1228 4498 quibus
1268 4422 1463 4497 patet,
1502 4412 1669 4479 hanc
1718 4411 2108 4478 sententiam
2158 4412 2317 4479 satis

766 4528 1166 4615 probabilem
1232 4548 1404 4606 esse,
1455 4528 1840 4614 applicando
1899 4528 2217 4616 principia
2282 4551 2318 4595 a

764 4645 1063 4731 pluribus
1143 4644 1528 4711 Doctoribus
1587 4644 1745 4713 satis
1795 4656 2074 4730 recepta.
2161 4649 2317 4713 Eam

762 4774 1004 4847 praeter
1044 4762 1279 4829 citatos
1314 4772 1491 4829 tenet
1541 4761 1882 4829 Almainus
1917 4764 1987 4828 in
2026 4766 2089 4829 3.
2135 4762 2204 4829 d.
2248 4766 2313 4829 3.

762 4890 993 4966 quoest.
1050 4882 1114 4947 2.
1176 4890 1317 4945 noc.
1363 4882 1428 4945 2.
1491 4881 1648 4945 Eam
1710 4877 2056 4963 impugnat
2097 4890 2320 4945 noster

761 4997 938 5083 Vega
988 4996 1104 5065 lib.
1175 4999 1288 5063 10.
1351 4997 1427 5063 in
1495 4995 1986 5077 Tridentinum,
2032 5018 2179 5083 cap.
2234 5000 2304 5063 2.

763 5124 827 5180 et
884 5116 1180 5202 Vasquez
1220 5118 1284 5179 3.
1346 5125 1531 5200 part.
1600 5113 1756 5179 disc.
1807 5117 1964 5180 119.
2027 5136 2174 5201 cap.
2249 5119 2311 5179 5.

763 5251 1041 5317 quorum
1098 5230 1581 5319 impugnationi
1622 5231 1973 5317 respondet
2015 5230 2315 5297 ultimum

760 5358 1251 5433 argumentum,
1316 5344 1730 5413 concedendo
1799 5345 2104 5412 meritum
2163 5349 2318 5413 Bea-

763 5472 852 5537 tae
890 5463 1200 5551 Virginis,
1260 5464 1362 5530 vel
1413 5462 1615 5531 fuisse
1662 5463 1869 5531 solius
1908 5464 2165 5550 gloriae,
2220 5462 2316 5529 lo-

764 5581 1024 5671 quendo
1072 5582 1153 5650 de
1191 5601 1268 5649 eo
1317 5581 1491 5669 quod
1541 5582 1770 5650 habuit
1816 5596 1965 5668 post
2010 5584 2318 5651 lucarna-

1912 414 2056 477 ΜΒ.
2092 414 2195 476 lv.
2225 412 2823 479 smmum

2426 575 2710 654 tionem3
2756 576 2861 642 vel
2921 586 3095 642 certe
3134 573 3342 642 fuisse
3393 573 3698 639 meritum
3737 591 3954 656 respe-

2423 701 2531 755 ctu
2561 686 2791 774 gratioe
2821 687 3132 774 antiquae,
3179 705 3395 772 neque
3426 704 3796 770 repugnare
3844 683 3965 750 hoc

2429 805 2683 884 meritc,
2741 825 2951 892 neque
2988 803 3117 891 legi
3165 814 3230 870 et
3280 803 3590 889 justitiae,
3659 821 3809 887 quae
3870 815 3964 865 ffit

2429 913 2790 980 secundum
2865 912 3194 992 meritum,
3249 923 3322 977 ut
3370 909 3672 996 pluribus
3717 907 3963 978 actibus

2430 1037 2754 1095 mereatur
2808 1026 2956 1114 quis
3014 1025 3207 1108 idem,
3264 1024 3372 1094 cui
3426 1026 3663 1092 unicus
3723 1035 3969 1092 tantum

2428 1143 2803 1230 aequivalet.

2516 1262 2841 1328 Teneatur
2898 1259 3071 1346 quod
3153 1257 3365 1346 magis
3440 1256 3521 1324 ad
3586 1253 3973 1342 dignitatem
4016 1267 4082 1380 Ξ

2430 1374 2677 1456 Matris,
2727 1387 2792 1444 et
2857 1375 3156 1461 mysterii
3260 1372 3415 1442 facit
3501 1383 3566 1440 et
3630 1370 3807 1436 hanc
3862 1389 4077 1470 egoqq

2428 1511 2665 1558 censeo
2746 1491 3275 1579 probabiliorem,
3373 1507 3569 1576 quam
3661 1487 3982 1553 hactenus
4046 1476 4082 1520 μ

2428 1607 2888 1690 disseruimus,
2938 1608 3092 1696 quia
3142 1609 3351 1695 magis
3405 1609 3673 1680 fundata
3723 1606 3984 1676 videtur

2431 1722 2497 1789 in
2556 1724 2939 1792 auctoritate
2991 1734 3054 1790 et
3102 1722 3373 1804 ratione,
3433 1745 3631 1812 quam
3675 1742 3811 1788 non
3871 1721 3987 1786 im·

2430 1852 2680 1926 pugnat
2752 1840 2878 1907 alia
2944 1840 3129 1922 ratio,
3179 1861 3375 1927 quam
3410 1839 3520 1908 illa
3551 1840 3635 1908 de
3668 1837 3983 1924 operibus

2428 1957 3005 2044 subsequentibus,
3062 1968 3130 2024 ut
3176 1969 3332 2026 sunt
3373 1958 3715 2036 meritum,
3763 1967 3834 2022 et
3886 1972 3984 2019 sa-

2428 2072 2510 2137 tis
2551 2087 2648 2139 cst
2680 2075 3013 2161 ambigua,
3048 2089 3115 2141 et
3154 2074 3322 2143 male
3359 2074 3716 2161 applicata.
3756 2077 3977 2160 Neque

2428 2211 2636 2256 canon
2682 2191 3044 2258 Tridentini
3110 2206 3299 2278 urget
3356 2196 3466 2260 32.
3533 2191 3652 2258 ubi
3725 2191 4082 2307 damnant}

2428 2321 2795 2376 asserentes
2841 2311 3287 2395 ‚iustificatam
3340 2330 3469 2397 per
3535 2309 3719 2375 bona
3800 2329 3989 2395 opem
4040 2323 4082 2367 d·

2428 2445 2569 2492 non
2608 2428 2852 2492 mereri
2890 2437 3315 2514 auqmentum
3342 2427 3614 2512 qratioe,
3666 2438 3805 2493 etc.
3857 2424 3993 2512 quia

2431 2542 2698 2608 damnat
2743 2543 3114 2624 hoereticos,
3178 2554 3495 2629 negantes
3542 2542 3855 2608 fructum
3904 2542 3992 2628 ju·

2432 2656 2654 2737 stitiae,
2710 2669 2773 2724 et
2834 2657 3199 2725 mercedem
3254 2658 3580 2725 bonorum
3616 2677 3912 2744 operum
3940 2658 3994 2722 in

2423 2772 2627 2858 just0,
2684 2792 2812 2838 non
2853 2772 3133 2840 intendit
3180 2793 3295 2860 per
3334 2793 3805 2861 quaecumque
3854 2793 3993 2860 ope·

2430 2908 2500 2954 ra
2534 2888 2768 2956 mereri
2804 2890 3085 2977 justum,
3136 2889 3306 2957 etin
3376 2890 3563 2957 omni
3644 2911 3824 2959 casu
3898 2911 3993 2957 au·

2428 3018 2771 3090 gmentum
2812 3006 3067 3092 gratiae,
3096 3005 3244 3093 quis
3278 3005 3374 3073 sic
3415 3008 3700 3094 prael’ata
3736 3019 3995 3074 senten·

2431 3119 2517 3187 tia
2549 3121 3099 3192 Scholasticorum
3122 3136 3413 3191 maneret
3442 3124 3801 3206 damnata,
3838 3123 3993 3212 quod

2431 3258 2560 3303 non
2592 3252 2692 3305 est
2739 3260 3014 3319 verum;
3052 3240 3223 3307 unde
3267 3243 3505 3306 Doctor
3555 3244 3995 3329 responsione
4055 3246 4081 3294 Β

2428 3355 2518 3421 ad
2565 3358 2628 3422 2.
2676 3354 2830 3422 dicit
2878 3376 3006 3422 non
3055 3377 3201 3424 esse
3233 3356 3473 3424 frustra
3512 3371 3682 3444 post
3717 3359 3995 3446 plenitu-

2431 3472 2650 3539 dinem
2685 3472 2942 3559 gratiae,
2978 3472 3034 3540 si
3068 3473 3215 3561 quis
3247 3494 3390 3541 eam
3426 3474 3716 3543 haberet
3770 3475 3999 3543 addere

2427 3610 2623 3676 opera
2672 3590 3026 3658 meritoria.
3088 3590 3271 3665 Quod
3337 3601 3515 3676 patet
3581 3613 3675 3659 ex
3755 3594 3999 3660 ratione

2430 3706 2792 3793 praemissa,
2852 3719 2916 3774 et
2940 3707 3132 3793 juxta
3179 3706 3579 3777 sententiam
3641 3713 3996 3778 Doctorum

2428 3848 2593 3914 quos
2623 3826 2993 3894 citavimus.

2520 3944 2610 4033 (d)
2678 3945 2784 4011 Ad
2843 3946 3037 4012 aliud
3111 3945 3284 4025 dico,
3353 3945 3533 4032 quod
3610 3947 3994 4035 baptizatus
4073 3964 4082 4010 ι

2428 4062 2774 4148 Baptismo
2831 4064 3204 4150 sanquinis,
3252 4072 3376 4130 etc.
3433 4065 3591 4129 Haec
3646 4027 4082 4152 responsio&

2429 4190 2527 4246 est
2556 4178 2750 4258 clara,
2786 4189 2852 4246 et
2880 4177 3174 4245 doctrina
3207 4179 3274 4244 in
3304 4199 3378 4245 ea
3419 4178 3667 4247 tradita
3700 4203 3990 4248 commu·
4036 4152 4082 4263 ἓξ

2432 4295 2560 4378 niS,
2594 4295 2746 4384 quia
2770 4294 3218 4376 sanctificatio,
3255 4293 3398 4360 sive
3420 4316 3539 4380 per
3560 4300 3985 4383 martyrium,
4008 4281 4081 4391 ’ἐξ

2431 4413 2574 4478 sive
2633 4433 2749 4498 per
2811 4412 3033 4493 fidem,
3102 4423 3382 4497 recepta,
3448 4432 3579 4478 non
3665 4415 3914 4481 eximit
3960 4404 4082 4533 a}

2432 4541 2759 4617 proecepto
2818 4528 3221 4616 suscipiendi
3290 4526 3607 4614 Baptismi
3672 4533 3987 4598 Catechu·
4021 4537 4082 4597 A*

2432 4668 2724 4729 menum,
2763 4646 2818 4713 si
2853 4658 3066 4732 potest
3096 4644 3252 4712 illud
3291 4645 3641 4712 commode
3672 4646 3987 4736 adimple-

2430 4784 2523 4842 re,
2586 4765 2777 4851 cujus
2835 4764 3107 4831 omissio
3169 4774 3343 4829 esset
3402 4776 3869 4852 contemptus,
3930 4778 3987 4831 ut

2432 4890 2607 4967 patet
2646 4901 2729 4947 ex
2772 4879 3143 4966 Augustino
3195 4880 3309 4947 lib.
3359 4883 3467 4947 13.
3511 4878 3596 4945 de
3659 4881 3987 4948 Trinium

2431 5023 2578 5087 cap.
2636 5004 2743 5067 19.
2791 5022 2992 5087 super
3047 5000 3421 5066 Leviticum
3449 5010 3684 5087 quoest.
3750 5005 3870 5069 84.
3919 5002 3986 5068 de

2429 5118 2736 5205 proedest.
2818 5120 3046 5185 Sanct.
3157 5139 3304 5205 cap.
3387 5121 3458 5186 Ἰ.
3582 5118 3707 5185 lib.
3783 5125 3849 5187 1.
3916 5119 3984 5189 de

2431 5236 2775 5321 Baptismo
2803 5257 2951 5320 cap.
2991 5237 3056 5301 8.
3103 5234 3293 5301 lib.4.
3338 5256 3487 5320 cap.
3535 5237 3649 5300 21.
3709 5248 3775 5301 et
3822 5237 3981 5303 alias

2429 5371 2622 5437 scope,
2662 5351 3051 5437 Fulgentius
3080 5350 3162 5416 de
3199 5350 3334 5433 fide
3363 5349 3457 5415 ad
3486 5351 3796 5430 Petrum,
3833 5375 3887 5417 c.
3919 5355 3971 5417 3.
4015 5336 4082 5401 f*

2430 5479 2496 5533 et
2548 5467 2682 5550 alii,
2717 5480 2781 5535 et
2812 5479 2987 5555 patet
3036 5489 3116 5534 ex
3147 5467 3253 5547 iis,
3296 5488 3448 5554 quae
3477 5489 3683 5555 supra
3727 5467 3973 5556 praemi·

2432 5584 2663 5652 simus,
2720 5588 2799 5652 Et
2848 5587 3155 5652 Doctores
3206 5582 3453 5672 passim
3521 5584 3859 5653 adducunt
3903 5584 3965 5651 de
