4255 6375
855 416 972 478 388

1992 414 2139 477 Lm.
2174 412 2275 475 IV.
2308 408 2906 475 SENTEN'rtARUM

841 582 1078 642 tionem
1107 596 1339 643 manus
1366 581 1553 644 certis
1581 582 1802 644 diebus
1843 580 2082 657 adepti,
2131 584 2188 638 et
2215 575 2394 638 sacri
2500 589 2722 653 neque
2755 572 3023 635 morbus
3054 571 3139 635 ad
3172 572 3449 636 eosdem
3475 571 3822 643 limitatum
3862 572 3987 634 Deus

843 697 985 759 Olei
1008 698 1262 776 liquore
1284 701 1601 776 peruncti,
1635 700 1914 776 teqitimi
1957 698 2092 759 diei
2141 695 2390 771 festivi-

838 819 968 875 tate
1005 816 1344 889 fruantur,
1378 822 1434 877 et
1462 832 1650 877 sacro
1684 817 2079 891 Baptismate
2122 829 2391 889 reqene-

837 935 1085 1001 rentur,
1156 936 1282 993 etc.
1359 932 1668 1011 intelligit
1737 936 1954 993 autem
2026 930 2387 992 Concilium

836 1046 1240 1107 exorcismos
1290 1054 1357 1107 et
1401 1050 1780 1120 unctiones,
1809 1061 1952 1125 quae
1982 1052 2133 1106 ante
2168 1044 2385 1122 Bapti-

836 1181 1051 1227 smum
1121 1167 1619 1242 praemittuntur,
1695 1166 1890 1225 certis
1953 1163 2190 1225 diebus
2246 1160 2390 1224 fleri

842 1284 1087 1349 debere
1117 1289 1179 1347 in
1213 1285 1570 1349 infantibus
1615 1292 1768 1349 ante
1801 1288 2229 1364 Baptismum,
2278 1284 2390 1362 qui

837 1401 903 1462 in
936 1400 1042 1463 die
1073 1401 1571 1463 resurrectionis
1602 1400 2121 1463 ministrabatur.

605 1546 692 1594 lvo
919 1518 1012 1579 De
1058 1516 1159 1580 his
1204 1518 1308 1581 lvo
1359 1517 1780 1580 Carnotensis
1831 1519 1895 1580 in
1946 1531 2258 1578 sermone
2307 1515 2389 1577 de

491 1605 800 1657 Oai-notens.
838 1633 1276 1696 Sacramentis
1308 1632 1765 1695 dedicationis.
1800 1634 1868 1694 ln
1907 1632 2018 1693 lib.
2065 1633 2129 1693 6.
2180 1630 2390 1694 Caroli

836 1750 1053 1830 Magni
1085 1766 1228 1826 cap.
1283 1750 1416 1811 185.
1446 1748 1727 1810 habetur
1759 1766 1775 1810 t
1809 1746 2061 1808 Placuit
2091 1753 2159 1807 ut
2182 1764 2390 1824 popu-

841 1866 946 1928 lus
985 1868 1263 1944 infantes
1321 1870 1410 1930 ad
1468 1868 1873 1943 Baptismum
1929 1884 2054 1927 non
2126 1866 2391 1939 afferat,

840 1985 973 2044 nisi
1010 1984 1256 2045 duobus
1299 1984 1721 2060 temporibus,
1768 1984 1828 2043 si
1875 1983 2219 2059 infirmitas
2268 1997 2393 2041 non

844 2106 1273 2180 occupaverit,
1321 2105 1446 2164 etc.
1481 2101 1844 2178 AEthiopeS,
1875 2105 1949 2160 ut
1982 2099 2179 2160 docet
2219 2101 2391 2178 Zaga

843 2221 1021 2283 Zabo
1061 2220 1378 2298 AEthiops,
1427 2220 1491 2282 in
1546 2217 1958 2281 confessione
2001 2215 2180 2285 fidei,
2236 2233 2393 2294 qua-

842 2338 1214 2417 dragesimo
1250 2335 1357 2398 die
1388 2336 1741 2407 mascuIOS,
1783 2335 2188 2413 octogesimo
2237 2351 2388 2395 vero

502 2462 807 2514 Moscovita-
833 2454 1162 2525 foeminaS,
1208 2455 1559 2531 baptizant,
1595 2452 1714 2514 nisi
1758 2459 1953 2512 antea
2001 2448 2084 2512 sit
2126 2451 2386 2529 pericu·

573 2542 707 2577 rum.
830 2572 990 2633 lum.
1041 2570 1404 2632 Moscovitae
1452 2568 1649 2630 etiam
1709 2566 2221 2648 quadragesimo
2285 2566 2389 2628 die

829 2688 1235 2764 Baptismum
1283 2686 1654 2759 conferunt,
1688 2693 1761 2748 ut
1794 2686 1989 2748 docet
2030 2687 2390 2765 Sigismun-

831 2802 977 2876 duS,
1014 2804 1099 2866 de
1128 2804 1882 2876 rebus'Moscovitarum,
1937 2818 2078 2879 cap.
2139 2803 2218 2862 de
2263 2807 2390 2863 Ba-

822 2907 1085 2995 ptismo.
1123 2920 1188 2981 In
1217 2921 1508 2981 Ecclesia
1544 2924 1766 2981 tamen
1812 2921 2055 2991 Latina,
2089 2924 2165 2979 ut
2196 2922 2388 2979 nota-

827 3040 921 3099 vit
959 3039 1286 3114 Rupertus
1346 3039 1423 3099 de
1477 3039 1712 3101 divinis
1758 3037 2014 3114 officiis,
2063 3035 2174 3096 lib.
2224 3038 2285 3097 4.
2330 3055 2383 3096 c.

511 3124 792 3189 Rupertus.
834 3160 908 3224 18

582 2122 721 2172 Usus

486 2185 784 2251 AEthiopum
795 2222 809 2237 .

914 3208 927 3222 .
960 3159 1251 3223 Ecclesia
1285 3164 1556 3237 propter
1587 3159 1878 3237 pericula
1930 3160 2158 3222 mortis
2204 3156 2390 3220 dedit

826 3276 1311 3353 indulgentiam
1383 3278 1718 3354 Baptismi,
1785 3277 2203 3337 solemnitate
2261 3277 2386 3336 Ba-

826 3392 1042 3469 ptismi
1074 3393 1136 3454 in
1169 3392 1415 3468 paucis,
1463 3408 1677 3470 usque
1709 3390 1791 3453 ad
1831 3393 2384 3453 resurrectionem

825 3514 1109 3572 retenta.

600 3645 680 3698 11.
910 3626 1012 3687 liis
1064 3641 1225 3705 ergo
1281 3624 1434 3688 fidei
1496 3625 1851 3704 suppositis
1907 3625 2379 3696 fundamentis,

823 3740 1032 3804 facilis
1100 3750 1201 3805 est
1270 3745 1564 3822 probatio
1640 3743 2103 3815 conclusionis»,
2182 3760 2380 3821 quam

823 3859 1058 3935 probat
1089 3860 1330 3920 Doctor
1374 3876 1454 3920 ex
1499 3860 1606 3920 illo
1652 3857 1734 3920 de
1765 3857 1896 3920 fide
1930 3859 2014 3920 ad
2058 3860 2324 3922 Petrum
2361 3882 2377 3922 τ

823 3975 1210 4037 Firmissime
1251 3980 1413 4049 tene,
1446 3978 1786 4052 parvulo&
1823 3981 1940 4054 qui
1963 3980 2099 4040 sine
2130 3983 2374 4040 Sacra·

820 4097 1030 4150 mento
1078 4091 1408 4167 Baptismi
1449 4095 1526 4154 de
1571 4093 1689 4154 hoc
1726 4093 1962 4155 saeculo
2019 4098 2373 4164 transeunt,

820 4213 1055 4268 aeterno
1084 4208 1403 4283 supplicio
1438 4210 1816 4285 puniendos,
1852 4214 2008 4286 quia
2050 4212 2376 4286 oriqinate

814 4329 1152 4398 peceatum
1181 4324 1248 4384 in
1278 4323 1540 4384 carnali
1578 4325 1979 4399 conceptione
2029 4331 2370 4385 eontracee-

821 4442 996 4509 runt,
1057 4443 1180 4499 etc.
1233 4440 1381 4503 Haec
1435 4440 1787 4501 auctoritas
1847 4440 2137 4500 continet
2175 4438 2373 4501 fidem

501 4565 651 4617 Liber
707 4567 769 4616 de
822 4551 1157 4626 Ecclesiae,
1219 4560 1290 4615 ut
1319 4560 1504 4631 patet
1533 4572 1616 4617 ex
1661 4556 1868 4618 dictis.
1919 4558 2052 4618 Sub
2103 4557 2371 4618 nomine

472 4630 796 4744 Ρθίέῗῧέἶει
822 4673 1168 4750 Augustini
1218 4675 1671 4751 proponitura
1703 4675 2005 4748 Doctore,
2058 4674 2227 4737 liber
2274 4680 2373 4735 ta-

502 4754 782 4819 F⁰¹g²¹¹t¹¹
819 4803 975 4849 men
1008 4794 1107 4849 est
1138 4790 1503 4869 Fulgentii3
1540 4793 1905 4853 communis
1936 4799 2158 4853 autem
2191 4807 2373 4852 error

811 4902 935 4965 fuit
964 4907 1384 4984 antiquorum
1414 4890 1987 4980 Scliolasticomm,
2021 4909 2132 4987 qui
2154 4912 2371 4986 ipsum

809 5022 1174 5101 Augustino
1234 5022 1635 5090 tribuebant,
1709 5024 1861 5101 quia
1917 5024 2091 5085 inter
2161 5042 2367 5103 opera

811 5136 955 5215 ejus
1000 5137 1302 5198 habetur.
1350 5137 1623 5199 Accedit
1679 5137 1873 5199 etiam
1922 5142 2110 5215 ratio,
2165 5157 2364 5218 quam

809 5251 1051 5313 Doctor
1103 5253 1414 5320 insinuat,
1461 5255 1609 5331 quia
1669 5255 1921 5331 parvuli
1975 5256 2369 5317 contrahunt

808 5370 1150 5448 originale,
1186 5371 1374 5449 cujus
1404 5368 1773 5431 remedium
1820 5373 2270 5433 necessarium
2300 5376 2361 5435 in

807 5483 930 5544 illis
975 5488 1073 5545 est
1106 5485 1510 5560 Baptismus:
1547 5501 1706 5563 ergo
1742 5502 1872 5548 non
1915 5487 2233 5548 limitatur
2278 5502 2360 5548 ex

808 5601 912 5662 sui
954 5601 1361 5662 institutione
1432 5600 1517 5661 ad
1590 5602 1766 5663 solos
1838 5602 2122 5677 adultos,
2196 5605 2366 5666 sicut

2501 694 2724 751 autem
2767 706 2996 752 omnes
3046 691 3345 773 nomines
3415 691 3555 751 vult
3626 689 3829 751 salvos
3872 687 3988 761 fieri,

2505 828 2664 889 ergo
2724 811 2922 873 etiam
2975 810 3339 873 remedium
3384 809 3548 873 illud
3611 814 3826 873 contra
3872 825 3995 869 mor·

2500 928 2661 988 bum
2691 930 2893 992 voluit
2925 946 3073 992 esse
3105 945 3485 992 commune.

2584 1047 2672 1107 Ex
2717 1064 2846 1118 auo
2892 1048 3191 1126 sequitur
3242 1046 3422 1126 quod
3476 1060 3703 1123 neque
3760 1060 3828 1105 ex
3879 1059 3990 1119 prte-
4065 1086 4089 1115 „

2505 1172 2698 1243 cepto
2774 1165 2988 1227 divino
3049 1162 3495 1227 excluduntur
3554 1161 3830 1240 parvuli,
3889 1164 3993 1237 quia
4042 1152 4099 1259 5?

2503 1298 2727 1361 neque
2776 1287 3175 1358 praeceptum
3227 1283 3642 1342 Sacramenti
3702 1276 4027 1340 conforma·
4022 1227 4100 1382 Ξ

2503 1404 2608 1460 tur
2681 1399 2829 1477 ejus
2915 1401 3323 1467 institutioni,
3412 1412 3563 1476 quae
3620 1395 3709 1458 ad
3783 1394 4100 1461 infantema

2501 1515 2877 1593 indigentes
2906 1515 3118 1577 salute
3166 1513 3586 1585 extenditur:
3645 1530 3775 1575 non
3822 1528 3997 1588 prece·

2501 1636 2614 1708 pto
2646 1630 3121 1701 EcclesiasticO,
3146 1633 3220 1689 ut
3250 1633 3433 1707 patet
3467 1644 3551 1688 ex
3593 1626 3803 1699 dictiS,
3833 1625 3995 1687 exclu-

2505 1743 2750 1805 duntur
2844 1761 2880 1805 a
2970 1745 3343 1821 Baptismo;
3436 1757 3574 1803 non
3692 1739 3995 1801 excludun-

2505 1870 2609 1927 tur
2686 1868 2883 1929 etiam
2965 1882 3047 1927 ex
3115 1863 3380 1926 defectu
3466 1863 3916 1941 dispositionis
3952 1867 3997 1921 et

2504 1981 2756 2042 ratione
2799 1984 3030 2047 status,
3065 1981 3217 2058 quia
3260 1983 3428 2043 sicut
3473 1995 3559 2040 ex
3604 1979 3866 2047 Adamo,
3901 1976 3998 2037 sine

2504 2102 2653 2157 actu
2727 2098 2987 2173 proprio
3053 2095 3444 2157 contrahunt
3517 2100 3884 2171 peccatum,
3935 2094 3997 2151 sie

2506 2213 2693 2275 etiam
2745 2214 3024 2273 salutem
3072 2212 3317 2274 habere
3368 2218 3651 2289 possunt
3689 2212 3756 2270 in
3813 2208 3995 2270 Christo

2504 2346 2624 2408 per
2656 2330 3057 2407 Baptismum
3102 2329 3244 2390 sine
3291 2333 3446 2390 actu
3493 2327 3790 2405 proprio,
3837 2330 3999 2402 utpa-

2507 2448 2599 2506 tet
2629 2444 2712 2506 ad
2744 2447 3067 2506 Romanos
3126 2447 3187 2505 5.
3243 2445 3323 2506 Si
3367 2446 3542 2505 enim
3596 2445 3789 2504 unius
3823 2442 3994 2503 delicto

2501 2575 2681 2619 mors
2744 2555 3051 2639 reqnaoit
3102 2574 3224 2639 per
3279 2574 3512 2628 unum,
3578 2553 3790 2616 mutto
3841 2548 3998 2633 mayit

2502 2670 2991 2736 abundantiam
3036 2669 3277 2754 qratiae
3337 2681 3399 2734 et
3444 2668 3854 2736 donationis,
3905 2678 3994 2728 etc.

2501 2788 2899 2872 accipientes
2958 2788 3028 2851 in
3079 2789 3213 2851 vita
3261 2785 3642 2872 reynabunt
3688 2806 3808 2872 per
3851 2802 3998 2847 unum
4098 2824 4099 2847 η

2499 2904 2719 2967 lesum
2781 2903 3143 2979 Christum,
3208 2915 3329 2968 etc.
3412 2902 3635 2989 [qitur
3699 2903 3860 2967 sicut
3914 2918 3999 2982 per
4098 2908 4099 2945 ¹

2500 3020 2700 3083 unius
2783 3018 3099 3083 delictum
3164 3021 3238 3083 in
3310 3040 3537 3083 omnes
3618 3018 3899 3083 homines
3945 3015 3993 3076 ἐκ

2499 3135 3134 3212 condemnationem,
3190 3136 3285 3198 sic
3335 3146 3396 3200 et
3433 3155 3559 3220 per
3618 3134 3813 3200 unius
3845 3128 3995 3218 justi-

2500 3255 2665 3317 tiam
2706 3254 2779 3316 in
2809 3273 3029 3317 omnes
3059 3253 3355 3316 homines
3390 3253 3463 3317 in
3490 3250 3989 3336 justificationem

2495 3370 2672 3447 vitoe,
2719 3381 2842 3433 etc.
2896 3368 3056 3433 Vide
3094 3388 3245 3454 quae
3285 3380 3687 3453 sequuntur.

2576 3494 2751 3557 Sicut
2779 3512 2938 3575 ergo
2973 3495 3432 3557 condemnatio
3480 3498 3549 3555 et
3592 3497 3993 3571 peccatumex

2494 3610 2702 3686 primo
2766 3617 3035 3688 parente
3094 3615 3329 3690 regnat
3384 3611 3447 3669 in
3514 3608 3884 3672 infantibus,
3928 3606 3990 3663 ita

2495 3726 2689 3788 etiam
2719 3727 2974 3806 justitia
3029 3743 3151 3804 per
3205 3727 3553 3800 Christum,
3614 3734 3683 3790 et
3738 3727 3894 3786 salus
3927 3717 3987 3781 ad
4038 3773 4053 3808 ,-

2494 3843 2766 3904 eosdem
2821 3843 3221 3914 extenditur,
3269 3844 3380 3922 qui
3423 3844 3608 3906 venit
3653 3843 3886 3906 salvum
3923 3709 4096 3935 ῐῑι-ιζέ

2492 3975 2669 4031 cere,
2724 3958 2903 4037 quod
2949 3961 3267 4038 perierat3
3330 3965 3395 4022 et
3451 3960 3759 4038 primario
3798 3956 3872 4020 ad
3905 3968 3983 4014 re·

2490 4077 2942 4155 demptionem
2988 4079 3238 4154 peccati
3286 4078 3648 4157 originalis,
3709 4077 3851 4138 alias
3889 4084 3983 4133 non

2489 4199 2666 4254 esset
2706 4210 2863 4257 vere
2891 4194 3278 4272 redemptor
3321 4193 3673 4270 infantum,
3706 4195 3754 4255 si
3781 4191 3872 4254 vel
3894 4186 3983 4264 ipsi

2486 4318 2833 4386 peccatum
2879 4327 3011 4373 non
3083 4312 3425 4384 haberent,
3500 4313 3606 4374 vel
3650 4312 3703 4373 si
3769 4306 3981 4374 habent,

2487 4445 2619 4488 non
2661 4433 2886 4505 posset
2949 4430 3043 4491 eis
3095 4430 3409 4508 applicari
3466 4431 3843 4493 remedium.
3893 4421 3980 4498 Qui

2483 4547 2816 4609 salvantur
2865 4549 2930 4609 in
2991 4550 3264 4621 Christo,
3322 4548 3490 4611 fiunt
3524 4552 3835 4627 ‚membra
3871 4545 3974 4623 ejus

2485 4671 2552 4725 et
2595 4667 2929 4739 Ecclesiae,
2983 4666 3163 4745 quod
3220 4684 3354 4729 non
3407 4668 3732 4748 contingit
3778 4668 3900 4744 lege
3933 4660 3976 4718 in

2483 4786 2864 4860 infantibuS,
2928 4790 3045 4850 nisi
3106 4804 3226 4865 per
3280 4790 3726 4868 Baptismumz
3763 4793 3821 4849 et
3855 4785 3974 4845 sicut

2480 4905 3002 4966 condemnantur
3043 4921 3124 4966 ex
3154 4910 3447 4983 peccam,
3484 4907 3667 4984 quod
3698 4900 3963 4966 voluntate
4086 4869 4092 5016 Ι

2483 5021 2732 5092 Adami,
2808 5037 2941 5083 non
3012 5022 3297 5100 propria,
3374 5023 3845 5093 commiserunt,
3894 5014 3959 5074 sie

2480 5139 2675 5201 etiam
2708 5139 3039 5201 salvantur
3069 5155 3187 5214 per
3215 5138 3534 5201 Christum
3570 5140 3636 5202 in
3665 5138 3786 5202 fide
3804 5130 3962 5198 Eccle-

2476 5255 2605 5324 siae,
2655 5270 2730 5314 ac
2783 5254 3018 5317 virtute
3068 5254 3403 5332 Baptismi.
3462 5256 3719 5318 Deinde
3758 5245 3961 5315 Joaw's

2478 5372 2535 5431 3.
2568 5372 2679 5433 ubi
2712 5370 3082 5433 ostenditur
3130 5374 3493 5435 necessitas
3541 5370 3830 5454 Baptismi
3868 5375 3956 5426 non

2475 5487 2546 5549 fit
2600 5490 2844 5550 mentio
2909 5488 3086 5565 fidei,
3155 5507 3299 5569 quae
3354 5490 3626 5570 quidem
3690 5495 3748 5554 in
3791 5479 3951 5546 adulto

2478 5608 2779 5687 exigitur,
2852 5624 2986 5668 non
3057 5615 3274 5669 tamen
3342 5610 3410 5671 in
3481 5607 3731 5671 infante
3790 5591 3950 5664 habess'

4088 4485 4094 4560 1
