4255 6375
786 324 902 385 52«)

793 487 874 557 in
913 488 1266 576 puteum,
1311 482 1438 554 vel
1474 480 1807 552 fluvium
1840 477 1951 568 (si
2011 495 2172 546 non
2208 473 2338 544 ha-

792 601 1026 671 betur
1063 620 1200 669 vas
1245 598 1321 670 in
1370 618 1525 689 quo
1573 598 1846 688 posset
1887 611 2099 684 aqua
2150 590 2341 660 hau-

799 717 1060 804 rivit),
1106 716 1196 786 tle
1283 714 1441 786 isto
1489 733 1756 806 panno
1807 729 2016 802 aqua
2064 707 2337 800 expri-

799 833 1104 918 menda,
1143 851 1296 922 qua
1337 829 1799 921 baptizetur
1836 826 2058 899 talis,

1234 1073 1895 1139 COMMENTARIUS.

891 1289 977 1376 (a)
1044 1289 1251 1352 Juoeta
1280 1288 1400 1351 hoc
1431 1283 1756 1370 quaeritur
1805 1283 1951 1346 sine
1983 1301 2343 1366 orymnen-

799 1408 903 1480 lz’s,
944 1417 1066 1469 etc.
1114 1404 1314 1467 Casus
1374 1399 1481 1465 hie
1513 1397 1922 1484 proponitur,
1987 1410 2056 1463 ut
2104 1395 2349 1462 rectius

797 1519 1182 1605 explicetur,
1249 1516 1488 1604 quibus
1531 1511 2040 1581 circumstantiis
2099 1510 2347 1597 obliget

799 1646 1195 1723 praeeeptum
1241 1630 1575 1719 Baptismi,
1621 1630 1763 1696 sive
1817 1629 2219 1710 ministrum,
2256 1627 2346 1693 si-

799 1777 880 1823 ve
916 1755 1124 1830 ipsum
1167 1749 1632 1834 suscipientem
1667 1771 1682 1824 ;
1727 1757 1790 1812 et
1841 1759 2051 1833 potest
2107 1743 2347 1811 distin-

457 1866 753 1995 Effiffigffin
802 1870 912 1957 gui
949 1865 1308 1956 periculum
1368 1863 1433 1929 in
1486 1874 1762 1941 certum,
1819 1859 2177 1948 probabile,
2239 1871 2347 1924 aut

803 2007 930 2052 non
987 1982 1351 2059 fundatum,
1417 1979 1530 2045 sed
1584 1998 1906 2065 apparens
1972 1998 2050 2041 ex
2102 1995 2345 2050 errore,

800 2102 909 2189 qui
979 2099 1120 2166 sine
1210 2096 1558 2163 sufficienti
1643 2092 2157 2178 praesumptione
2242 2105 2350 2156 aut

804 2216 1073 2283 fundata
1115 2212 1502 2298 concipitur.
1550 2213 1940 2298 lnquantum
1984 2208 2127 2272 haec
2185 2206 2351 2271 obli—

799 2333 978 2420 gatio
1018 2329 1188 2396 cadit
1227 2330 1292 2395 in
1326 2327 1791 2414 suscipientem
1835 2324 2151 2402 adultum,
2200 2323 2353 2411 quia

801 2449 878 2514 de
930 2447 1200 2534 parvulo
1235 2466 1360 2511 non
1397 2457 1493 2511 est
1524 2443 1830 2531 quaestiO,
1868 2441 2218 2508 tenendum
2254 2443 2351 2509 es't

802 2587 951 2632 eum
1001 2585 1124 2630 non
1197 2559 1471 2646 obligari
1540 2559 1617 2626 ad
1677 2558 2078 2644 Baptismum
2144 2558 2351 2624 susci-

805 2681 1144 2768 piendum,
1207 2677 1620 2766 quandoper
1679 2697 1751 2740 se
1820 2674 2114 2760 sequitur
2176 2695 2352 2741 mors

804 2815 976 2866 certu
1031 2796 1130 2861 vel
1183 2792 1558 2881 probabiliS,
1620 2791 1772 2877 quia
1813 2791 1999 2857 aliter
2059 2790 2183 2855 sibi
2241 2811 2349 2876 po·

486 2905 752 3020 gffffiafig
808 2926 932 2980 test
978 2910 1318 2999 providere
1367 2909 1445 2974 de
1495 2906 1781 2974 remedio
1842 2905 2193 2972 sufficienti
2238 2926 2352 2992 pro

470 3035 780 3146 Saetffffien-
808 3051 884 3096 eo
925 3039 1134 3106 statu3
1184 3046 1392 3112 neque
1431 3023 1677 3109 obligat
1709 3035 2105 3109 praeceptum
2141 3022 2353 3108 Bapti-

810 3146 932 3214 smi
981 3141 1376 3231 suscipiendi
1427 3161 1541 3228 pro
1606 3162 1682 3206 eo
1747 3151 1917 3205 statu
1975 3150 2039 3206 et
2089 3138 2193 3204 his
2232 3137 2353 3203 eir-

807 3261 1239 3330 cumstamiis.
1313 3258 1434 3327 Sed
1485 3279 1565 3323 an
1608 3271 1829 3345 petere
1898 3256 2097 3343 possit
2144 3255 2354 3341 Bapti-

807 3400 1048 3458 smum,
1095 3390 1205 3443 aut
1240 3375 1614 3463 permittere
1662 3372 1726 3439 in
1774 3394 1850 3439 eo
1886 3393 2043 3438 casu
2094 3372 2356 3460 quando

808 3494 1170 3582 periculum
1220 3504 1318 3559 est
1385 3502 1658 3570 certum,
1725 3489 1826 3555 vel
1871 3487 2228 3576 probabile,
2275 3509 2355 3554 ex

808 3611 940 3683 vita
991 3607 1344 3675 decedendi
1386 3608 1528 3673 sine
1570 3609 2012 3683 SacramentO,
2050 3605 2353 3691 quamvis

807 3738 1075 3793 conetur
1123 3724 1393 3801 conteri,
1457 3734 1519 3788 et
1596 3722 1926 3788 existimet
1980 3741 2052 3786 se
2113 3720 2355 3786 contri-

811 3859 975 3912 tum.

898 3959 1351 4045 Respondetur
1397 3954 1778 4043 permittere
1826 3953 2089 4041 quidem
2141 3973 2354 4038 posse,

810 4080 961 4167 quia
1021 4098 1151 4143 non
1200 4086 1461 4142 tenetur
1515 4073 1768 4138 salvare
1810 4071 2009 4137 vitam
2060 4090 2360 4157 corpora·

810 4199 935 4265 lem
969 4196 1033 4261 in
1060 4191 1516 4281 praejudicium
1550 4190 1706 4255 vitae
1737 4187 2120 4275 spiritualiS,
2166 4207 2359 4272 quam

809 4336 925 4403 per
958 4313 1243 4380 remedia
1284 4328 1458 4377 certa
1493 4322 1555 4375 et
1594 4319 1729 4374 tuta
1763 4326 2111 4394 procurare
2143 4303 2357 4384 debet,

810 4431 865 4498 si
908 4430 1081 4496 licite
1142 4439 1394 4515 potest;
1433 4426 1487 4491 si
1533 4446 1660 4490 non
1721 4434 1930 4510 potest
1985 4442 2356 4508 procurare,

811 4571 891 4617 ex
943 4548 1194 4614 ratione
1234 4566 1429 4633 quam
1468 4564 1620 4608 mox
1665 4542 2087 4628 subjungam,
2134 4539 2362 4605 saltem

813 4670 1189 4758 permittere
1265 4675 1479 4751 potest
1520 4671 1588 4728 ut
1654 4661 1713 4727 ei
1779 4659 2186 4746 applicentur
2253 4681 2366 4745 per

474 4769 782 4897 δὲἒζῗὲῖᾱξη
812 4789 1009 4856 alium
1041 4784 1118 4850 ad
1153 4783 1274 4848 hoe
1319 4790 1640 4866 paratum,
1681 4776 1849 4843 sicut
1892 4775 1954 4841 in
1990 4773 2214 4841 multis
2254 4795 2363 4840 ea-

497 4895 736 4963 periculo.
814 4906 998 4973 sibus
1069 4910 1280 4987 potest
1338 4894 1712 4983 permittere
1753 4913 1822 4958 se
1883 4891 2124 4978 privari
2183 4893 2358 4971 vita;

817 5044 965 5090 nam
1000 5021 1148 5086 licet
1188 5038 1262 5083 ea
1320 5035 1447 5082 non
1501 5013 1702 5100 possit
1769 5010 2060 5098 seipsum
2109 5009 2368 5095 privare

815 5141 881 5208 in
917 5139 1048 5205 ullo
1087 5156 1266 5212 casu,
1315 5130 1464 5219 quia
1526 5149 1651 5195 non
1691 5139 1791 5194 est
1838 5126 2144 5193 dominus
2181 5126 2360 5203 vitae,

818 5276 943 5321 non
984 5262 1240 5319 tenetur
1289 5259 1506 5313 tamen
1573 5263 1967 5310 conservare
2005 5263 2146 5307 eam
2218 5263 2365 5308 cum

821 5368 1084 5437 notabili
1129 5368 1367 5434 damno
1426 5384 1570 5441 sue,
1615 5372 1726 5427 aut
1769 5357 2060 5435 alterius,
2125 5357 2226 5422 vel
2272 5358 2367 5422 in-

816 5481 1199 5552 terficiendo
1267 5496 1703 5566 agi-essorem,
1792 5471 1894 5537 vel
1961 5469 2367 5558 prodigendo

1957 312 2103 376 Lm.
2130 313 2232 375 lv.
2266 309 2861 375 SENTENTIARUM

2454 471 2919 559 patrimonium
2953 470 3290 556 integrum
3327 469 3386 533 in
3439 466 3703 533 remedia
3736 472 3900 556 exqui-

2457 589 2580 656 sita
2620 588 2684 654 in
2729 586 3182 674 praeiudicium
3256 586 3480 650 uxoris
3539 596 3640 649 aut
3675 583 3898 668 filiorum,

2456 706 2557 772 vel
2598 706 2791 772 etiam
2828 704 2929 770 sui
2961 714 3172 770 status
3202 715 3269 769 ct
3300 701 3695 776 conditionis,
3754 702 3796 765 si
3829 724 3902 768 su·

2456 823 2874 909 pei-victurus
2927 832 3123 887 esset.
3190 824 3417 885 Petere
3492 831 3689 884 autem
3742 821 3904 886 Sacra-

2458 951 2745 1004 mentum
2782 937 2846 1002 in
2878 958 2954 1003 eo
2993 957 3144 1003 casu
3181 956 3312 1002 non
3358 946 3586 1021 potest,
3631 934 3687 998 in
3729 935 3905 1021 quoal·

2456 1068 2553 1119 ter
2591 1055 2734 1120 sine
2801 1064 3082 1139 peccate,
3156 1063 3269 1117 aut
3321 1050 3603 1137 periculo
3670 1051 3900 1134 probabili

2461 1170 2686 1236 mortis
2718 1171 2885 1257 ejus,
2933 1190 3046 1255 per
3100 1190 3172 1235 se
3211 1190 3292 1234 ex
3345 1178 3573 1233 natura
3635 1165 3779 1231 illius
3803 1169 3903 1231 acti·

2457 1285 2601 1351 onis
2651 1284 2876 1372 nequit
2913 1284 3091 1363 dare,
3159 1284 3311 1372 quia
3343 1292 3738 1350 concurreret
3760 1281 3819 1345 ad
3838 1283 3904 1345 sui

2462 1417 2758 1482 mortem,
2804 1417 2866 1468 et
2903 1402 2981 1468 ad
3033 1415 3372 1488 peecatum
3432 1399 3689 1465 alterius
3736 1397 3907 1462 sollici·

2460 1520 2652 1586 tando
2693 1518 3283 1606 transgressionem
3328 1517 3655 1602 praecepti,
3693 1514 3909 1601 etappli-

2456 1635 2660 1702 cando
2690 1653 2955 1700 eausam
2988 1652 3106 1698 suo
3141 1629 3357 1711 mode,
3386 1651 3471 1696 ex
3504 1651 3626 1716 quo
3658 1650 3797 1694 mors
3819 1650 3905 1694 cer·

2461 1766 2523 1819 ta
2572 1762 2695 1830 est,
2731 1762 2843 1816 aut
2877 1747 3259 1835 probabilis.

2549 1866 2769 1943 Quoad
2808 1864 2982 1932 aliud
3025 1885 3238 1951 genus
3294 1861 3569 1951 periculi
3602 1883 3714 1927 non
3748 1861 3908 1926 funda·
3984 1909 4009 1956 ἕ,

2462 1983 2508 2049 ti
2552 1981 2819 2069 perinde
2865 1979 3212 2047 dicendum
3267 1993 3366 2046 est
3432 1979 3516 2046 de
3582 1977 3726 2065 ipso,
3776 1999 3829 2042 ac
3859 1979 3906 2041 de

2464 2097 2805 2175 ministro;
2857 2117 3048 2163 casus
3126 2096 3239 2162 vix(
3295 2106 3397 2161 est
3460 2096 3773 2182 practieuS,

2466 2215 2780 2280 formetur
2812 2211 2875 2277 in
2915 2212 3429 2279 circumstantIis
3464 2212 3715 2277 remotis
3760 2230 3786 2274 a
3816 2231 3909 2296 pra·

2464 2331 2554 2411 xi,
2589 2341 2652 2395 et
2692 2351 2813 2396 usu
2855 2329 3191 2416 operandi,
3240 2339 3311 2395 ut
3340 2328 3396 2395 si
3428 2349 3596 2416 aqua
3640 2338 3779 2393 esset
3799 2327 3906 2391 into-

2465 2446 2698 2520 xicata,
2744 2459 2813 2512 ut
2854 2446 2993 2532 ipsa
3031 2445 3113 2511 de
3144 2466 3216 2512 se
3254 2458 3430 2511 esset
3482 2443 3765 2520 mortalis,
3799 2438 3907 2527 quod

2468 2563 2576 2628 vix
2641 2563 2806 2628 forte
2883 2561 3020 2628 fieri
3084 2573 3317 2649 potest,
3367 2563 3522 2650 quia
3561 2563 3613 2627 si
3672 2577 3906 2626 venenum

2465 2680 2549 2746 sit
2580 2681 2739 2747 adeo
2796 2680 3311 2768 praedominans,
3385 2680 3641 2746 videtur
3682 2676 3844 2764 potius
3868 2673 3905 2738 in

2466 2819 2535 2865 se
2575 2821 2809 2889 aquam
2841 2810 3245 2878 convertere,
3283 2799 3369 2865 ita
3411 2808 3484 2865 ut
3516 2797 3599 2864 sit
3628 2794 3800 2880 magis
3832 2812 3905 2855 ve-

2468 2937 2736 2998 nenum,
2772 2937 2965 3004 quam
3007 2937 3173 3003 aqua
3204 2915 3564 2991 naturalis;
3603 2912 3700 2979 sed
3750 2910 3907 2975 forma-

2466 3048 2571 3102 tur
2613 3055 2804 3101 casus
2836 3034 2912 3100 ad
2945 3033 3439 3121 intelligendam
3476 3031 3605 3097 vim
3663 3025 3904 3117 percepti,

2472 3151 2640 3242 quod
2679 3150 2734 3218 si
2767 3162 2983 3218 autem
3015 3169 3343 3216 venenum
3378 3169 3510 3215 non
3542 3144 3779 3235 sitqadeo
3802 3161 3910 3229 pnr-

2465 3270 2833 3347 dominanS,
2882 3290 3005 3335 non
3041 3268 3300 3334 videtur
3334 3288 3413 3332 ex
3481 3266 3645 3332 stilla
3671 3281 3818 3349 aqua*-
3851 3257 3909 3323 in-

2468 3382 2620 3450 ferri
2654 3404 2843 3469 posse
2885 3394 3156 3449 mortem
3198 3381 3251 3447 si
3286 3381 3507 3447 statim
3543 3380 3815 3455 abluatur,
3838 3386 3905 3438 aut

2467 3513 2781 3586 tergatur,
2853 3510 3201 3586 antequam
3253 3498 3429 3564 vires
3470 3519 3618 3564 suas
3678 3516 3770 3582 per
3803 3490 3904 3556 alte·

2469 3618 2786 3684 rationem
2838 3615 3131 3701 eorporis
3180 3628 3426 3681 exerat.

3931 1970 4007 2021 Cn&

3982 2041 4017 2082 al

2559 3737 2647 3798 De
2717 3731 3020 3798 ministro
3080 3743 3298 3797 autem
3333 3731 3661 3797 conclusio
3704 3724 3904 3793 noctorte
3962 3740 3999 3806 „²”

2469 3864 2569 3917 est
2620 3870 2745 3915 non
2797 3869 2989 3934 posse
3029 3870 3174 3914 eum
3222 3849 3396 3914 licite
3460 3848 3791 3913 ministrare
3839 3843 3902 3905 Ba-

2472 3968 2783 4053 ptismum
2845 3966 2906 4032 in
2976 3965 3086 4031 tali
3129 3987 3309 4048 casu,
3379 3966 3632 4053 quando
3659 3983 3726 4028 ex
3766 3958 3992 4025 eoin·-.

2476 4083 2678 4149 fertur
2742 4104 2942 4160 mors,
2997 4095 3108 4147 aut
3177 4080 3597 4167 praesumitur
3643 4075 3819 4143 inferri
3852 4090 3899 4134 ex

2472 4200 2667 4266 certis
2720 4198 2931 4286 signis
2984 4198 3047 4263 in
3124 4219 3198 4264 ea
3246 4197 3665 4284 dispositione
3713 4186 3901 4261 infirmi,

2476 4324 2586 4378 aut
2642 4334 2721 4379 ex
2785 4326 3013 4378 natura
3063 4312 3270 4399 ipsius
3340 4312 3610 4378 actionis
3651 4305 3901 4396 sequitui-2

2481 4430 2649 4497 unde
2694 4431 2805 4517 qui
2874 4431 3129 4517 projicit
3184 4429 3496 4494 infantem
3582 4428 3642 4493 in
3700 4437 3901 4511 puteum,

2477 4562 2540 4615 et
2586 4559 2678 4615 est
2731 4547 3080 4626 homicida,
3140 4548 3247 4635 qui
3284 4559 3461 4614 secat
3502 4546 3792 4613 mulierem
3814 4554 3904 4623 gra·

2478 4666 2722 4741 vidam,
2749 4676 2813 4730 et
2835 4664 2898 4730 in
2926 4664 3212 4752 periculo
3234 4663 3614 4730 existentem
3647 4656 3905 4731 n10rtis‚ex

2479 4804 2605 4871 qua
2664 4782 2953 4849 sectione
3012 4781 3205 4847 etiam
3258 4794 3639 4869 sequeretur
3684 4793 3815 4842 mors
3848 4768 3906 4833 in-

2481 4898 2839 4983 fantiS‚quo
2863 4897 3074 4983 ipsum
3110 4896 3425 4962 infantem
3462 4896 3671 4961 vivum
3702 4885 3903 4959 extrahat

2479 5027 2542 5080 et
2602 5013 2900 5100 baptizet,
2998 5024 3101 5078 est
3174 5012 3369 5078 etiam
3428 5009 3750 5085 homicida,
3808 4998 3899 5088 quia

2479 5127 2673 5193 etiam
2734 5125 3096 5212 adjudicata
3141 5126 3324 5191 morti
3365 5124 3570 5191 donec
3636 5120 3794 5210 pariat
3823 5128 3899 5177 non

2480 5257 2579 5312 est
2650 5243 3010 5330 plectenda,
3084 5243 3129 5309 l.
3214 5254 3412 5329 nepae
3470 5242 3552 5308 de
3591 5248 3735 5307 statu
3765 5227 3894 5299 homi-

2482 5372 2679 5429 mum,
2720 5352 2765 5416 l.
2798 5348 3215 5435 prceynanlis
3244 5351 3325 5432 ff.
3361 5347 3446 5412 de
3484 5347 3699 5435 poenis,
3728 5330 3897 5426 quanda

2481 5466 2621 5553 ipsa
2655 5464 2910 5531 interim
2947 5462 3322 5530 infirmitate
3347 5450 3591 5530 laboret
3615 5459 3681 5527 ad
3713 5464 3891 5523 mortem

3964 3922 4017 3969 aa

3942 4125 3971 4157 5
