4255 6375
897 365 1015 427 446

903 542 1050 604 quae
1121 528 1357 589 virtute
1420 527 1622 590 solius
1699 526 2096 605 poenitentiae
2180 525 2449 588 daretur

867 639 1194 722 praecise,
1246 639 1395 720 quia
1450 641 1658 720 gratia
1721 641 2139 720 aequivaleret
2198 642 2443 718 baptis-

900 757 1052 816 mali
1098 762 1163 818 et
1206 757 1658 834 poenitentiali.

888 948 911 966 θ
982 874 1131 933 Haec
1157 875 1486 936 sententia
1514 875 1600 936 ita
1652 873 2045 946 declaratur,
2079 879 2151 934 ut
2199 873 2445 935 nullam

549 951 874 1080 Dfflssffssffr'
900 989 1176 1066 gratiam
1249 990 1577 1066 reciperet
1655 990 1892 1052 virtute
1971 990 2280 1066 Baptismi
2364 1004 2446 1050 ex

584 1078 829 1204 {¹2ss&ss
899 1120 1102 1180 opere
1133 1111 1430 1181 operato,
1464 1104 1586 1166 sed
1619 1109 1821 1165 totam
1859 1104 2095 1166 virtute
2131 1104 2443 1182 poeniten-

899 1221 1019 1292 tiae,
1055 1223 1121 1281 et
1159 1220 1501 1297 majorem,
1552 1236 1751 1299 quam
1801 1221 1960 1282 alias
2012 1222 2279 1298 praecise
2324 1235 2447 1297 per

896 1337 1340 1413 poenitentiam
1373 1341 1554 1399 extra
1601 1353 1828 1398 casum
1871 1336 2151 1398 fictionis
2193 1336 2445 1414 recipe-

895 1456 1116 1527 retur;
1165 1453 1404 1514 intuitu
1451 1458 1670 1515 tamen
1721 1453 2053 1529 Baptismi,
2089 1459 2163 1515 ut
2220 1453 2440 1530 dispo-

672 1626 755 1677 Ad
895 1567 1143 1629 sitionis
1171 1570 1462 1645 praeviae,
1511 1567 1900 1645 poenitentia
1930 1568 2204 1629 haberet
2239 1569 2436 1628 talem

544 1691 858 1757 Baptismum
899 1681 1278 1756 efficaciam,
1306 1683 1474 1745 sicut
1501 1685 1570 1746 in
1599 1684 1829 1746 melius
1862 1682 2204 1761 disposite,
2241 1700 2444 1761 quan·

561 1758 840 1882 dispssztitio.
900 1805 1036 1861 tum
1069 1799 1303 1861 crescit
1333 1799 1471 1877 ejus
1504 1798 1840 1878 dispositio
1873 1798 1961 1860 ad
1984 1798 2440 1877 recipiendum

896 1919 1416 1989 Sacramentum,
1487 1920 1739 1977 tantum
1801 1918 1999 1977 etiam
2047 1916 2437 1975 Sacramen-

893 2039 1031 2110 tum
1059 2032 1131 2094 fit
1172 2033 1384 2110 magis
1418 2030 1670 2105 efficaX,
1708 2037 1774 2093 et
1805 2037 2031 2093 causat
2056 2029 2438 2109 perfectiuS,

894 2156 968 2212 ut
1012 2149 1207 2210 docet
1262 2147 1717 2210 Tridentinum
1768 2147 1852 2210 de
1910 2151 2051 2226 ipso
2109 2150 2438 2227 Baptismo

892 2288 1043 2334 sess,
1076 2271 1136 2331 6.
1178 2286 1319 2346 cap.
1352 2271 1411 2329 7.

972 2387 1352 2466 Congruum
1397 2393 1616 2448 autern
1657 2392 1778 2461 est,
1825 2388 1897 2445 ut
1941 2385 2438 2447 Sacramentum

889 2502 1257 2584 receptum,
1335 2505 1517 2581 cujus
1577 2503 1850 2565 effectus
1893 2501 2012 2565 fuit
2054 2501 2432 2579 impedituS‚

890 2628 953 2683 et
999 2621 1178 2701 quod
1224 2625 1440 2684 iterari
1471 2619 1725 2699 nequit,
1760 2625 1833 2682 ut
1864 2622 2177 2698 quoniam
2219 2624 2435 2698 ipsum

889 2743 955 2806 in
1000 2759 1070 2803 re
1127 2750 1419 2822 nequeat
1464 2742 1702 2819 repeti,
1748 2756 1969 2818 neque
2027 2745 2100 2800 ut
2143 2741 2434 2818 praeteri-

889 2864 1024 2921 tum
1055 2859 1300 2938 aliquid
1344 2876 1546 2938 agere
1577 2875 1696 2935 per
1725 2857 1995 2917 modum
2043 2859 2433 2919 Sacramen-

885 2978 955 3048 ti,
1002 2975 1191 3054 cujus
1234 2978 1444 3035 totum
1490 2989 1636 3035 esse
1701 2976 1768 3033 et
1816 2970 2105 3035 efficacia
2139 2974 2435 3034 consistit

884 3091 949 3151 in
994 3106 1142 3162 usu,
1194 3088 1427 3151 saitem
1496 3086 1789 3149 conferat
1860 3089 1953 3148 sic
2017 3086 2431 3149 emolumen-

554 3235 848 3300 Baptismus
890 3212 1048 3281 tum,
1111 3206 1653 3286 quandoquidem
1711 3211 1784 3266 ut
1844 3205 2149 3282 praeteriit
2204 3204 2435 3282 nequit

536 3298 855 3423 ξζξῗέξξξζ
886 3322 1194 3383 effectum
1300 3322 1542 3384 habere
1590 3339 1671 3383 ex
1726 3337 1928 3399 opere
1989 3326 2288 3397 operat0,
2351 3338 2433 3381 ex

579 3438 804 3551 0533&
890 3442 1141 3503 ratione
1172 3440 1533 3516 praemissa.
1595 3441 1670 3500 Et
1704 3438 1895 3518 Juxta
1940 3438 2113 3500 hunc
2173 3436 2433 3500 dicendi

887 3559 1182 3632 modum,
1243 3557 1600 3619 dicendum
1650 3562 1748 3618 est
1795 3557 2042 3618 habere
2119 3555 2431 3619 eumdem

883 3675 1198 3739 effectum
1257 3692 1376 3752 per
1426 3673 1700 3735 modum
1758 3671 2205 3751 dispositionis
2268 3689 2429 3749 prae-

881 3795 1018 3867 viae,
1069 3798 1135 3856 et
1162 3794 1398 3855 virtute
1448 3792 1849 3869 poenitentia}
1897 3807 1980 3853 ex
2027 3806 2231 3868 opere
2267 3806 2427 3868 ope-

528 3976 572 4027 E
879 3916 1046 3983 rat0,
1101 3912 1273 3973 sicut
1319 3911 1615 3972 contritio
1660 3907 1976 3986 perfecta,
2035 3907 2221 3970 verbi
2274 3923 2426 3986 gra·

577 3977 830 4114 anglum
881 4034 990 4105 tia,
1064 4030 1252 4092 aliter
1297 4028 1501 4090 habet
1558 4026 1866 4089 effectum
1927 4028 1990 4086 in
2047 4029 2427 4101 peccatore,

528 4108 848 4156 contritione.
945 4149 957 4162 ,
1111 4148 1122 4160 .
1222 4146 1234 4160 .

879 4148 1065 4209 aliter
1108 4164 1171 4208 m
1208 4148 1436 4225 justo:
1494 4142 1802 4206 eumdem
1856 4148 2074 4203 tamen
2117 4140 2430 4201 effectum

878 4263 1098 4344 quoad
1129 4261 1568 4326 intensionem
1602 4259 1929 4340 graduum
1960 4260 2025 4319 in
2073 4263 2428 4337 peccatore

877 4384 1103 4442 causat
1134 4396 1252 4457 per
1300 4377 1572 4439 modum
1623 4376 2093 4452 dispositioniS,
2139 4376 2208 4437 in
2245 4375 2425 4453 justo

871 4512 992 4574 per
1035 4493 1309 4556 modum
1355 4495 1601 4567 meriti,
1651 4495 1742 4554 sic
1810 4493 2006 4554 etiam
2058 4492 2428 4568 Baptismus

870 4628 995 4688 per
1050 4610 1322 4673 modum
1383 4609 1850 4687 dispositionis,
1897 4612 2118 4687 potest
2174 4607 2424 4669 habere

871 4726 1207 4799 effectum,
1258 4742 1458 4805 quem
1503 4725 1662 4787 alias
1723 4724 1925 4785 habet
1976 4739 2097 4799 per
2150 4723 2427 4785 modum

868 4846 1298 4912 Sacramenti‚
1358 4840 1578 4921 quoad
1638 4841 1921 4921 gradum
1976 4841 2221 4921 gratiae,
2290 4858 2425 4902 non

869 4960 1092 5041 quoad
1145 4957 1425 5022 modum
1483 4955 1848 5029 causandi;
1915 4964 1979 5018 et
2033 4955 2428 5033 poenitentia

870 5097 1004 5143 non
1060 5080 1274 5142 solum
1333 5094 1413 5140 ex
1470 5077 1724 5138 ratione
1793 5075 2084 5153 propria,
2160 5071 2281 5134 sed
2342 5088 2423 5134 ex

869 5198 1299 5278 dispositione
1356 5193 1603 5272 praevia
1655 5192 1862 5253 habet
1918 5191 2231 5253 effectum
2286 5206 2425 5251 ma-

864 5317 1106 5397 jorem.

671 5459 752 5511 34.
956 5436 1019 5498 Si
1063 5438 1246 5513 petas
1291 5428 1626 5513 quomodo
1685 5430 2173 5490 sacramentum
2206 5425 2420 5504 Bapti-

879 5552 1002 5625 smi
1053 5557 1275 5631 potest
1345 5564 1494 5612 esse
1561 5546 1956 5626 dispositio?
2015 5542 2422 5621 respondeo,

586 2189 820 2242 Trident.

2131 366 2272 429 LIB.
2305 367 2407 428 IV.
2437 366 3033 431 SENTENTIARUM

2563 528 2717 607 quia
2785 545 2905 606 per
2960 527 3361 606 Baptismum
3414 527 3749 588 assumitur
3773 542 3898 586 nova
3927 527 3979 587 di·

2559 645 2775 722 gnitas
2826 658 3142 721 personae,
3176 660 3297 721 per
3360 658 3554 722 quam
3597 640 3919 702 adscribitur
3949 643 4023 702 in.

2560 758 2801 823 familia
2833 759 3087 833 Christi,
3122 778 3239 838 per
3273 761 3816 838 consignationem
3840 759 3979 818 chara·

2563 879 2780 955 cteris,
2830 886 3064 959 estque
3096 897 3253 943 vera
3294 880 3566 942 initiatio
3597 878 3847 940 hominis
3875 878 3983 937 inie-

2560 1010 2645 1073 ge
2678 1010 2845 1057 nova
2876 1013 2893 1067 ;
2938 996 3089 1058 hinc
3132 1000 3308 1058 recte
3343 1010 3539 1072 posse
3571 991 3863 1068 acceptari
3900 1007 3983 1066 per·

2557 1127 2788 1172 sonam
2820 1112 3026 1190 magis
3070 1111 3156 1174 ad
3196 1111 3479 1191 gratiam
3514 1109 3754 1171 ratione
3786 1109 3989 1183 Baptismi

2558 1228 2869 1305 suscepti,
2919 1226 3098 1306 quod
3145 1229 3480 1290 constituit
3510 1225 3849 1288 membrum
3886 1223 3988 1286 curi·

2555 1344 2636 1404 sti
2681 1359 2801 1420 per
2847 1341 3047 1404 fidem
3105 1352 3170 1407 et
3225 1361 3439 1422 spem,
3478 1345 3669 1423 juxta
3709 1342 3995 1402 sententiam

2558 1474 2807 1533 eorum,
2842 1459 2955 1537 qui
2998 1458 3224 1521 dicunt
3253 1461 3386 1522 haec
3419 1458 3593 1521 dona
3638 1455 3863 1519 infundi
3893 1471 3996 1518 secr·

2558 1571 2682 1636 sim
2725 1572 3116 1660 quandoque
3148 1594 3182 1640 a
3210 1551 3466 1660 'gratim
3523 1587 3587 1639 et
3627 1574 3692 1638 in
3737 1592 3886 1648 casu,
3917 1571 3994 1637 sai·

2556 1698 2711 1766 tem,
2749 1701 2849 1753 est
2879 1688 3019 1774 ipsa
3061 1688 3211 1755 fidei
3246 1689 3485 1756 Christi
3526 1688 3831 1774 professio
3859 1703 3906 1751 et
3933 1688 3998 1750 Sa-

2555 1817 2957 1872 cramentum
2982 1805 3156 1886 fidei,
3193 1818 3255 1873 et
3277 1828 3391 1892 per
3420 1805 3582 1871 illud
3614 1805 3813 1891 magis
3836 1803 3998 1869 accedit

2554 1922 2701 2007 quis
2733 1922 2809 1987 ad
2862 1925 3089 2004 Deum,
3144 1922 3394 1989 ratione
3442 1925 3631 2010 cujus
3678 1941 3929 1989 accessus
3963 1934 3997 1984 et

2555 2039 2940 2105 reverentiae
2981 2041 3403 2122 Sacramenti‚
3440 2043 3647 2128 major
3674 2051 3769 2105 est
3794 2051 3996 2123 accepta·

2554 2154 2642 2220 tio
2675 2176 2975 2241 personae
3015 2156 3081 2221 in
3112 2156 3343 2223 ordine
3381 2157 3459 2222 ad
3493 2156 3786 2224 salutem.

2642 2280 2719 2342 Et
2758 2278 2923 2344 forte
2956 2279 3078 2344 hoc
3108 2278 3388 2344 intendit
3418 2279 3796 2366 Cyprianus).
3830 2277 3909 2343 vel
3931 2296 3999 2339 au-

2551 2407 2689 2459 ctor
2738 2416 2936 2461 serm.
2984 2396 3063 2460 de
3094 2399 3291 2461 Coena
3322 2397 3577 2462 Domini
3617 2420 3630 2461 :
3666 2398 3750 2461 Ee
3793 2397 3913 2461 licet
3940 2397 3997 2457 in·

2550 2514 2743 2598 diyni
2797 2515 2955 2588 sinc,
3015 2514 3248 2599 inquit,
3286 2518 3401 2600 qui
3450 2516 3782 2600 accipiunt
3826 2509 3997 2597 (supple

2554 2628 2983 2714 Baptismum)
3033 2631 3609 2695 Sacramcntornm
3659 2641 3854 2695 tamen
3887 2649 3997 2691 reu·-

2552 2739 2792 2814 rentia,
2831 2749 2891 2802 et
2925 2741 3476 2824 propinquiorem
3514 2739 3603 2804 ad
3651 2741 3840 2804 Deum
3871 2747 3997 2823 parat

2547 2875 2896 2932 accessum,
2935 2867 2994 2919 e!
3042 2855 3157 2920 ubi
3192 2857 3523 2922 redierint
3559 2856 3650 2921 ad
3692 2878 3797 2921 cor
3828 2863 3996 2919 constat

2551 2969 2913 3034 ablutionis
2953 2971 3224 3052 donum,
3250 2984 3310 3037 ec
3339 2972 3516 3036 redit
3547 2975 3808 3057 effectus
3847 2990 3996 3035 mime-

2547 3107 2732 3164 rum,·
2766 3108 2885 3152 nec
2923 3088 3098 3152 alias
3148 3089 3362 3174 quoeri
3407 3101 3523 3154 aut
3573 3092 3776 3175 repeti
3825 3105 3997 3153 neces?

2547 3214 2638 3266 cst
2684 3204 3117 3288 salutiferum
3167 3207 3694 3285 Sacramentum,
3740 3218 3853 3271 etc.
3898 3206 3999 3276 Quae'

2546 3319 2745 3385 verba
2821 3322 3132 3407 applicari
3224 3336 3501 3409 possunt
3566 3324 3643 3389 ad
3720 3321 3992 3390 doctrinam

2549 3436 2982 3520 praemissam‚
3037 3438 3205 3504 sicut
3243 3439 3437 3505 etiam
3481 3440 3875 3507 auctoritates
3920 3438 3994 3499 Pa·

2544 3565 2717 3617 trum
2752 3573 2949 3639 supra
2980 3553 3301 3641 allegatae,
3349 3569 3411 3621 et
3442 3557 3741 3643 Cypriani
3780 3569 3996 3621 sermone

2543 3666 2627 3731 de
2656 3667 2930 3735 Lolione
2956 3671 3221 3755 pedum,
3262 3671 3370 3737 uhi
3401 3675 3637 3739 asserit
3665 3671 3821 3759 quod
3849 3664 3993 3735 Poeni·

2544 3784 2744 3852 tentia
2776 3787 2949 3866 facit,
2986 3800 3057 3853 ut
3086 3790 3373 3855 reversis
3404 3790 3638 3857 iterum
3672 3793 3991 3856 Sacramenta

2546 3903 2801 3988 possint
2852 3904 3182 3990 prodesse,
3245 3927 3523 3994 quorum
3592 3908 3643 3973 si
3704 3899 3989 3994 poenitentia

2547 4040 2676 4084 non
2711 4020 3034 4100 subesset,
3072 4022 3249 4087 nullo
3280 4023 3475 4089 modo
3504 4024 3797 4109 deinceps
3821 4015 3988 4105 experi-

2544 4136 2597 4200 ri
2643 4149 2911 4223 possent
2949 4138 3285 4216 effectum;
3324 4160 3729 4227 quacumque
3763 4138 3905 4204 enim
3928 4131 3986 4193 v'a

2544 4252 2935 4338 Baptismus,
3007 4254 3150 4320 sive
3229 4276 3345 4341 per
3401 4257 3663 4323 modum
3742 4248 3984 4339 dispositi

2541 4368 2710 4445 oniS,
2736 4369 2877 4436 sive
2907 4390 2987 4435 ex
3019 4390 3227 4452 opere
3257 4386 3549 4457 operato,
3593 4385 3655 4438 et
3684 4392 3788 4457 per
3811 4364 3986 4432 modum

2539 4486 2938 4552 Sacramenti
3001 4488 3230 4572 prosit,
3304 4488 3551 4554 sufficit
3580 4488 3654 4554 ad
3693 4480 3987 4554 salvandum

2541 4601 2960 4668 auctoritates
3004 4605 3292 4670 Patrurn.

2627 4719 2943 4784 Praeterea
2986 4719 3156 4786 sicut
3198 4719 3358 4786 fides
3400 4721 3543 4806 ipsa
3573 4732 3668 4787 est
3697 4720 3978 4806 impetrato·

2538 4832 2655 4913 ria,
2712 4844 2781 4898 ut
2828 4847 3082 4902 constat
3121 4857 3195 4904 ex
3256 4837 3625 4925 Augustino
3671 4840 3838 4925 epist.
3884 4832 4006 4917 ¹⁰32

2537 4962 2597 5015 et
2633 4954 2779 5019 106.
2826 4966 2886 5019 et
2926 4954 3038 5019 lib.
3076 4955 3158 5020 de
3186 4957 3763 5041 prcedcseinatione
3786 4956 3975 5020 Sancto-

2538 5090 2707 5150 rum,
2746 5094 2891 5158 cap.
2936 5077 2999 5139 2.
3046 5084 3109 5138 et
3147 5072 3292 5141 aliis
3332 5076 3655 5154 Patribus,
3692 5074 3825 5161 quin
3849 5068 3973 5135 etiam

2537 5185 2599 5251 id
2642 5188 2955 5275 supponit
2985 5190 3440 5258 Tridentinum
3480 5215 3633 5260 sess.
3668 5196 3733 5261 6.
3785 5209 3895 5275 cap.
3932 5185 3969 5246 8·

2538 5302 2835 5389 sequitur
2865 5304 3058 5370 etiam
3102 5305 3532 5393 Baptismum‚
3564 5310 3663 5377 cui
3694 5306 3970 5375 annexae&

2541 5419 2861 5505 professio
3004 5420 3180 5503 fidei,
3305 5424 3497 5512 juxta
3632 5419 3966 5512 Augustinum

2537 5538 2728 5625 epist.
2767 5541 2873 5605 23.
2921 5538 3120 5625 (nam
3152 5541 3253 5608 sic
3278 5540 3437 5609 dicit
3468 5543 3767 5611 infantem
3801 5532 3976 5627 profite-
